2880 4942
345 360 385 412 llll
413 357 524 412 blato
549 358 667 412 dllbll
693 313 823 413 lelblll
850 357 1016 412 bedNTE.
1250 357 1302 413 20³

624 548 754 606 ORATIO

99 692 217 751 Domine
243 694 319 749 Deus
342 692 533 767 omnipotens,
559 693 608 767 qui
623 693 720 751 omnia
738 708 802 764 ane
822 690 885 749 coeli
900 689 1009 748 ambitu
1024 688 1296 771 continentur,¹sub

62 764 182 839 pedibus
197 764 321 822 hominis
333 767 487 837 subjecisti,
503 771 535 823 ut
549 767 628 823 solus
642 766 728 823 homo
740 765 793 822 tibi
807 764 951 836 subjectns
965 765 1040 818 esset
1052 765 1139 829 totus,
1155 766 1297 842 exteriora

62 852 164 909 nempe
179 853 230 909 pro
245 836 370 895 hominis
385 854 504 910 corpore
526 843 631 895 cuncta
644 836 758 906 creasti,
773 836 866 909 ipsum
880 851 948 892 vero
974 849 1078 906 corpus
1107 848 1159 904 pro
1172 846 1293 914 amma,

62 908 187 966 enimam
201 925 269 965 vero
283 924 335 981 pro
348 913 388 977 te,
403 915 434 965 ul
447 909 497 966 tibi
513 909 565 966 soll
581 915 706 978 vacaret,
726 913 756 965 et
774 912 803 965 le
818 907 908 964 solum
928 912 1057 973 ameret3
1078 904 1126 976 qui
1142 907 1229 960 etiam
1243 903 1297 959 das

57 979 196 1053 iumentis
220 996 315 1036 escam
338 979 476 1052 ipsorum,
493 997 526 1037 ac
551 981 713 1038 volucribus
736 979 809 1047 eceli,
826 984 854 1036 et
895 978 1000 1035 iscibus
1014 977 1101 1033 maris
1117 982 1240 1058 pastum,
1258 974 1296 1031 da

60 1050 130 1108 mihi
146 1052 230 1123 bujus
242 1051 307 1107 ritae
320 1051 484 1108 necessaria
502 1053 673 1108 adsalutem
688 1068 782 1109 meam
797 1056 825 1108 et
844 1067 861 1107 a
901 1050 1016 1107 laudem
1028 1053 1119 1112 tuam,
1135 1051 1165 1103 ut
1179 1063 1219 1103 sic
1244 1061 1303 1119 per

58 1125 88 1179 te
101 1123 245 1195 provisus,
262 1121 364 1179 melius
380 1123 431 1180 libi
446 1139 549 1180 vacare
560 1124 688 1193 valeam;
706 1125 743 1180 da
757 1139 870 1250 qnoque
884 1121 954 1178 mihi
978 1120 1008 1177 in
1033 1121 1113 1177 omni
1129 1119 1242 1176 delectu
1266 1121 1296 1174 et

58 1192 180 1267 penuria
195 1192 372 1267 patientiam,
387 1211 424 1252 ne
441 1194 677 1268 pusillanimitate
695 1195 802 1253 fractus
836 1193 960 1251 eliciam.
976 1194 1076 1249 Amen.

529 1513 668 1588 CAPUT
697 1517 817 1588 Lxxll

378 1716 417 1761 bn
436 1715 537 1762 MARCO
553 1718 662 1763 nebula
681 1718 797 1763 balneat
815 1716 967 1762 babeberc.

290 1867 416 1924 llatthaei
427 1883 489 1942 cap.
503 1869 563 1940 llll,
576 1871 663 1927 blare.
679 1886 742 1943 cap.
755 1871 792 1926 lll
807 1872 836 1925 et
851 1869 933 1956 Lucas
946 1884 1009 1941 cop.
1025 1869 1072 1925 Vl.

97 2051 107 2086 1
124 2029 233 2087 Cnnrsrr
244 2045 373 2085 oocenrrs
381 2046 520 2086 eneconis
529 2047 601 2086 rnrl.
613 2061 649 2072 -
702 2035 757 2098 tas,
773 2029 840 2100 quia
854 2032 946 2085 totum
965 2029 1019 2085 hoc
1033 2031 1152 2101 propter
1170 2028 1294 2087 salutem

57 2103 169 2159 Mam
189 2106 228 2156 est
247 2105 348 2169 autem,
369 2107 433 2173 post
451 2103 523 2171 baec,
542 2104 572 2157 in
591 2103 648 2158 alio
703 2102 864 2160 animarum
874 2100 1006 2164 iaciebat,
1021 2106 1051 2155 et
1065 2101 1119 2157 hoc
1134 2106 1178 2158 est
1193 2106 1294 2158 contre

56 2172 181 2241 sabbato,
197 2178 228 2228 ut
242 2176 360 2228 intraret
380 2176 459 2229 Jesue
480 2177 510 2229 in
530 2190 649 2243 synago·
703 2190 762 2241 eos,
776 2172 825 2244 qui
860 2171 927 2229 inde
945 2176 1079 2244 querunt
1104 2188 1207 2229 vanam
1234 2172 1294 2242 glo·

55 2257 122 2373 gam
143 2260 235 2300 emera
262 2248 288 2300 et
301 2246 418 2301 doceret.
443 2246 525 2314 Nam,
543 2261 647 2302 secun·
702 2244 787 2312 dam,
803 2244 847 2300 vel
862 2244 1020 2316 temporale
1032 2242 1291 2302 lucrumseualiud

77 2331 96 2373 n

97 2330 125 2372 m
144 2318 299 2386 Hilarium,
321 2316 472 2387 premissa
493 2316 522 2373 in
546 2333 647 2388 campo
703 2317 1054 2388 commodum,appetunt.

57 2385 134 2445 dicta
151 2392 216 2443 sunt
236 2391 264 2443 et
278 2394 376 2459 gesla;
391 2392 420 2444 et
435 2393 499 2460 post
513 2389 566 2445 hoc
580 2405 646 2461 syn·
739 2409 753 2444 s
783 2389 863 2444 llono
886 2405 991 2445 sueres
1012 2405 1107 2445 nunu
1119 2404 1221 2445 sarnus
1245 2404 1290 2446 co·

56 2472 179 2540 agogam
189 2458 359 2531 ingreditur.
367 2461 491 2516 Sabbato
499 2464 595 2516 autem
605 2460 648 2517 in·
703 2477 802 2527 menn,
817 2461 1072 2524 Punmssonouone
1096 2478 1207 2516 usnimi
1227 2477 1293 2518 corv-

56 2533 145 2588 travrt
159 2546 332 2603 synagogam
344 2531 381 2587 ad
395 2530 563 2598 docendum,
580 2548 647 2603 pro·
703 2549 848 2588 rororrnn.
857 2561 893 2573 -
905 2535 942 2588 Et
962 2537 1021 2588 eret
1035 2533 1085 2594 ibi,
1099 2531 1128 2587 in
1142 2546 1302 2603 synagoga,

56 2604 122 2676 pter
135 2603 273 2674 majorem
291 2601 386 2674 populi
411 2602 601 2673 frequentiam
618 2610 648 2658 et
703 2605 782 2659 bomo
800 2604 903 2658 babens
917 2619 1029 2658 monam
1044 2603 1167 2671 aridam,
1180 2609 1210 2659 et
1229 2618 1296 2658 con·

56 2681 241 2732 conventum.
266 2675 345 2731 Unde
363 2674 463 2730 Beda:
482 2697 496 2722 ιι
513 2673 646 2730 Sabbatls
703 2679 839 2731 tractam:
854 2679 881 2730 et
902 2674 1094 2741 observabant,
1110 2673 1139 2730 id
1161 2679 1205 2729 est
1218 2673 1296 2729 dolo-

55 2745 203 2819 praecipue
220 2744 358 2802 Dominus
377 2745 407 2801 in
428 2760 575 2817 synagoga
592 2746 645 2801 do-
703 2762 734 2803 sc
750 2747 903 2803 servabant
917 2761 978 2801 eum
995 2744 1142 2814 Pharisaei,
1157 2748 1183 2801 si
1195 2745 1295 2801 sobbo-

56 2820 113 2888 ost,
129 2823 321 2890 operaturque
335 2816 465 2885 virtuter,
482 2833 540 2873 non
555 2817 647 2874 solum
704 2820 742 2874 tie
772 2823 891 2887 careret,
915 2821 946 2873 ut
969 2818 1050 2874 illam
1073 2821 1229 2890 arguerent
1249 2815 1294 2873 vel

79 2892 179 2960 repter
191 2888 397 2946 insinuandum
419 2888 565 2961 spirituale
585 2891 649 2946 sab-
702 2895 873 2946 accusarent.
902 2888 981 2947 Unde
1004 2891 1214 2958 interrogabant
1235 2904 1296 2944 eum

98 2964 179 3029 tum;
196 2961 246 3017 sed
267 2960 354 3017 etiam
373 2967 490 3044 propter
510 2961 648 3018 celebrio·
703 2961 855 3031 malitiose,
866 2965 893 3018 st
906 2964 970 3018 licet
987 2962 1113 3018 sabbatis
1130 2965 1250 3018 carme?
1264 2963 1297 3017 ut

57 3045 122 3091 rem
152 3048 187 3090 eo
214 3031 261 3089 die
289 3032 386 3106 popul
400 3038 585 3101 conventum,
599 3033 646 3089 cui
703 3033 726 3090 si
743 3033 851 3092 diceret
865 3050 933 3103 non,
949 3042 1104 3105 arguerent
1116 3050 1182 3091 eum
1195 3033 1231 3090 de
1242 3032 1294 3088 im·

58 3105 130 3162 tunc
153 3104 242 3161 moris
263 3110 324 3161 erat
347 3121 354 3161 :
379 3104 447 3176 qula
460 3120 562 3162 vacare
576 3120 594 3161 a
608 3105 648 3161 la·
702 3104 900 3163 misericordia
913 3106 957 3162 vel
972 3107 1007 3162 de
1023 3105 1192 3176 impotentia
1203 3105 1243 3173 ;si
1254 3102 1298 3159 di·

57 3174 130 3233 bore
148 3191 200 3248 per
215 3177 318 3247 Legem
332 3177 496 3247 jubebatur,
512 3182 541 3233 et
554 3177 648 3248 legen·
703 3182 780 3233 seret
798 3177 850 3246 sic,
868 3182 1035 3233 accusarent
1047 3192 1114 3234 eum
1129 3178 1164 3233 de
1180 3173 1294 3233 sabbati

57 3244 106 3304 dis
119 3246 325 3319 audiendisque
345 3247 502 3320 Scripturis
525 3264 644 3320 operam

57 3316 139 3376 dare.
159 3320 230 3375 Nam
250 3319 324 3376 sicut
340 3320 380 3388 hi,
399 3319 503 3391 quibus
521 3318 646 3375 venandi

58 3402 108 3447 ars
121 3394 173 3460 est,
190 3390 237 3446 ubi
251 3391 335 3459 ieras,
351 3389 401 3447 ubi
415 3390 508 3463 pisces
522 3395 552 3446 et
569 3390 649 3446 volu·

57 3474 132 3542 cres¹
149 3462 214 3534 plus
240 3463 386 3521 abundare
416 3460 579 3530 didicerint,
607 3459 648 3516 ibi

58 3545 182 3590 maxime
199 3549 252 3590 sua
269 3533 342 3590 retia
361 3533 504 3600 tendunt;
532 3532 573 3589 ita
596 3534 650 3588 llo·

57 3603 154 3661 minus
167 3620 279 3678 semper
291 3605 388 3662 docuit
406 3604 436 3661 in
450 3619 595 3676 synagoga
620 3608 649 3660 et

57 3672 221 3759 intemplo,
239 3693 294 3803 quo
310 3692 411 3733 omnes
423 3675 514 3734 ludaei
542 3691 648 3732 conve-

57 3746 192 3816 mebant3
209 3764 243 3804 vo
257 3764 307 3804 ens
320 3764 411 3805 omnes
426 3750 547 3804 hominos
556 3749 649 3805 selme

115 3820 509 3889 ',ctodagnitionemueritotis
517 3822 607 3877 tenire
616 3838 648 3877 a»

132 3891 218 3947 Beda.
234 3894 305 3948 llcce
323 3891 352 3948 in
375 3891 489 3950 Christo
512 3891 579 3960 tria,
595 3890 649 3949 sci-

58 3958 127 4019 lieet
151 3978 159 4018 :
185 3962 291 4019 mentis
314 3963 466 4028 stabilitas,
490 3963 557 4036 quia
583 3963 650 4019 licet

58 4031 198 4091 Pharisaei
213 4035 418 4092 insidiarentur
432 4036 469 4100 ci,
482 4040 649 4093 nontamen

56 4106 204 4163 metuebat
219 4105 316 4163 venire
330 4107 379 4165 ubi
394 4112 485 4173 erant,
495 4112 524 4164 et
537 4109 592 4165 lnoc
606 4110 650 4163 est

56 4181 159 4235 eontra
175 4177 390 4249 pusillanimes3
411 4179 551 4236 doctrinae
571 4177 649 4235 veri·

703 3248 941 3319 transgressione.
958 3247 1009 3304 Ubi
1024 3248 1116 3303 Beda:
1131 3269 1146 3298 «
1160 3248 1232 3313 Quia
1247 3261 1294 3302 so·

702 3319 840 3376 lutionem
855 3317 977 3387 sabbati,
994 3333 1080 3388 qnam
1096 3317 1127 3373 in
1144 3315 1293 3387 discipulis

705 3391 876 3460 arguebant,
884 3395 1077 3456 excusaverat,
1086 3387 1179 3459 ipsum
1191 3387 1297 3466 calum·

706 3460 780 3518 niari
797 3461 925 3517 volentes
941 3461 1143 3526 observabant,
1161 3462 1204 3524 ut,
1218 3456 1242 3513 si
1265 3471 1297 3512 ln

705 3533 826 3590 sabbato
859 3536 948 3601 curet,
970 3528 1207 3601 transgressionis
1230 3541 1298 3609 euru

705 3609 856 3674 accusent3
882 3602 905 3659 si
932 3598 1297 3682 noncuret,crudelitat1s

706 3681 757 3732 eut
776 3674 1118 3745 imbecillitatisarguant.
1135 3693 1150 3726 >r
1167 3673 1202 3729 Ut
1216 3684 1297 3729 enlm

705 3748 746 3805 ait
758 3748 926 3817 bernardus,
942 3745 972 3803 in
987 3745 1070 3803 iactis
1085 3747 1296 3826 observatores,

705 3819 736 3877 in
751 3819 844 3877 verbis
857 3819 1084 3892 exprobratores,
1098 3820 1127 3874 in
1145 3823 1302 3897 tormentis

705 3891 843 3950 sustinuit
866 3891 1007 3948 illusores.
1024 3893 1059 3947 Et
1082 3890 1182 3947 videns
1201 3891 1298 3968 Domr·

706 3980 760 4021 nus
774 3963 961 4035 cogitationes
976 3979 1087 4030 eorum,
1104 3959 1192 4033 Jussit
1205 3961 1297 4038 homi·

705 4050 773 4092 nem
797 4034 944 4091 infirmum
968 4050 1087 4105 surgere
1104 4038 1134 4088 et
1161 4035 1237 4086 stare
1265 4042 1298 4108 1'n

706 4107 811 4174 medio,
831 4111 862 4163 ut
891 4108 1063 4163 miraculum
1100 4106 1177 4159 essct
1204 4114 1299 4170 magis

706 4176 900 4244 manifestum,
911 4183 941 4235 et
955 4173 1116 4234 evidentius
1128 4173 1299 4242 argueretur

55 4250 112 4320 tas,
128 4249 197 4322 quia
212 4249 240 4307 in
253 4249 367 4320 publico
391 4251 522 4319 docebat,
537 4255 567 4307 el
593 4251 648 4308 hoe
705 4248 819 4306 caecitas
832 4247 1066 4331 malignantium
1076 4249 1104 4327 et
1117 4241 1199 4314 quasi
1215 4255 1297 4312 repe·

56 4323 103 4380 est
117 4326 219 4380 contre
239 4322 405 4395 baereticos3
429 4321 483 4381 zeli
502 4320 649 4382 immensi·
704 4321 793 4380 tendo
808 4328 1000 4395 questionem
1008 4318 1046 4375 ab
1059 4331 1102 4374 ers
1116 4320 1234 4385 motem,
1245 4313 1301 4370 sub
