2880 4942
104 315 122 371 4
470 310 583 363 Pflllffl
610 308 732 363 ttntls
759 310 861 364 eleut
888 310 974 363 xliv

106 444 124 479 a
142 420 171 479 Si
187 436 273 493 grave
286 426 435 493 peecatum
454 420 586 491 estquod
600 421 693 492 poeni·

103 494 203 553 tentiae
220 500 277 550 toa
300 494 433 566 lacrymis
453 493 511 563 ipse
526 492 620 548 lavare
637 508 693 548 non

103 566 206 641 pessis,
235 568 285 622 tlet
308 581 359 636 pro
384 570 413 621 te
439 569 532 619 mater
557 564 692 631 Ecclesia,

127 653 170 693 uae
183 652 235 707 pro
247 636 364 705 singulis
376 641 522 707 tamqnam
537 652 587 706 pro
604 636 696 691 unicis

104 652 173 767 aliis
188 708 273 765 vidua
290 714 382 764 mater
400 708 562 771 intervenit,
579 722 694 777 compa·

104 781 177 839 titur
194 781 317 849 quodam
337 779 422 835 modo
441 779 580 847 spirituali
596 778 694 834 dolore

103 855 226 920 naturae,
252 866 316 907 curn
341 866 408 906 suos
433 850 539 906 liberos
564 849 695 905 letalibus

104 921 181 979 vitiis
208 923 244 978 ad
263 928 383 978 mortem
409 922 500 977 cernit
519 922 624 991 urgeri.
645 919 694 976 Vi-

104 1008 185 1051 scera
197 996 272 1050 enim
287 1008 383 1049 sumus
392 994 426 1049 de
437 994 590 1049 visceribus
603 993 693 1063 ejus.»

105 1065 184 1123 Unde
196 1072 225 1122 et
239 1066 435 1135 Anqustiaua:
451 1086 464 1118 e
481 1067 520 1122 De
529 1064 633 1134 juvene
647 1063 695 1119 illo

103 1136 271 1194 resuscitato
295 1139 392 1209 gavisa
414 1143 456 1193 est
478 1141 571 1193 mater
594 1134 693 1204 vidua3

104 1208 140 1265 de
152 1209 314 1266 hominibus
327 1210 357 1265 in
374 1210 474 1278 spiritu
489 1206 615 1280 quotidie
631 1223 694 1263 sus·

104 1279 200 1336 citatis
224 1280 330 1354 gaudet
358 1288 449 1338 mater
476 1280 612 1336 Ecclesia.
643 1279 693 1335 llie

104 1352 219 1424 quidem
250 1358 379 1409 mortuus
406 1358 468 1408 erat
492 1366 621 1423 corpore,
651 1349 694 1406 illi

104 1429 358 1481 scammonia.»

141 1498 157 1550 5
169 1495 299 1549 llonrues
311 1510 378 1550 raes
392 1510 545 1549 suscrravtr
556 1494 692 1562 Douruus,

104 1584 138 1625 rr
152 1582 216 1628 orio
227 1584 278 1621 ren
292 1583 344 1621 noc
358 1582 541 1621 siourrrorrun
552 1562 694 1621 ‘i-llora·

104 1638 172 1697 liter
185 1646 242 1693 tres
256 1646 381 1694 mortuos
393 1638 521 1693 Christus
535 1635 692 1691 suscitavit:

104 1710 229 1785 puellam
259 1710 288 1765 iu
314 1709 398 1765 domo
425 1707 561 1773 clausam,
593 1706 620 1762 id
651 1712 694 1762 est

104 1788 250 1841 mortuum
272 1796 323 1852 per
338 1795 506 1836 consensum
526 1778 692 1833 ‹lclcctatio

103 1856 149 1912 nis
163 1869 267 1926 pravae,
284 1854 313 1907 in
328 1852 499 1923 cogitatione
523 1866 573 1905 seu
594 1848 693 1903 volun-

103 1930 163 1983 tate
178 1926 271 1983 adhue
286 1930 392 1980 tectum
402 1940 409 1992 ;
416 1924 550 1994 juvenem
561 1922 589 1976 in
600 1926 691 1990 porta,

103 1995 135 2055 id
159 2005 211 2063 est,
231 2004 376 2055 mortuum
402 2001 561 2066 peractum
583 1992 692 2063 peccati

103 2066 135 2126 in
147 2070 246 2138 verbo,
261 2077 343 2139 nutu,
360 2067 404 2124 vel
418 2082 505 2137 opere
523 2084 530 2131 ;
555 2066 693 2120 Lazarum

103 2140 135 2197 in
149 2144 311 2211 sepulchro,
328 2140 356 2195 id
371 2145 412 2193 est
426 2144 570 2193 mortuum
587 2135 691 2205 lapide,

103 2212 179 2269 mole
190 2212 298 2266 scilicet
307 2224 400 2280 prava}
410 2206 622 2263 consuetudinis
632 2221 695 2275 pec-

103 2281 187 2339 candi
200 2296 338 2352 pressum,
354 2278 428 2335 male
438 2280 572 2345 olentem,
584 2282 613 2332 et
623 2277 695 2331 alios

103 2352 180 2411 lama
213 2356 454 2421 corrumpentem.
490 2348 595 2405 Omnes
627 2348 695 2402 istos

103 2426 222 2485 suscitat
245 2431 274 2480 et
298 2428 380 2479 sanat
404 2420 549 2488 Dominus,
570 2434 635 2474 cum
658 2419 694 2474 ad

104 2498 197 2571 ipsum
220 2498 342 2553 redeunt
360 2493 500 2550 veraciter
519 2488 693 2562 poenitendo,

104 2576 135 2628 et
151 2575 232 2625 tanto
256 2568 345 2625 levius
366 2566 551 2623 resuscitatur
575 2564 696 2634 quisque

102 2655 157 2715 per
183 2642 316 2715 gratiam,
344 2638 546 2713 quantominus
575 2634 695 2691 mortifi-

106 2720 185 2769 catus
208 2721 249 2769 est
276 2729 325 2785 per
354 2713 477 2781 culpam.
497 2708 577 2765 Unde
600 2706 695 2787 Domi7

104 2800 160 2841 nus
183 2784 306 2853 puellam
332 2797 426 2839 corant
450 2781 546 2849 paucis
564 2779 599 2834 de
619 2777 694 2833 laedi

105 2857 235 2925 suscitat,
254 2856 354 2926 puellae
377 2855 476 2909 dicens
495 2874 503 2908 z
521 2852 629 2918 surpe3
646 2850 694 2921 ju·

105 2942 208 2984 venem
228 2942 324 2982 coram
342 2926 482 2997 pluribus,
501 2928 529 2977 et
544 2923 624 2993 quasi
640 2924 695 2978 dil·

105 2998 220 3067 lleiliuS,
236 3005 355 3071 tavrgens
369 2998 516 3062 teretrum,
536 3001 564 3049 et
576 2996 693 3051 dicens:

103 3070 280 3132 Adolescens.
306 3071 359 3125 tibi
381 3068 453 3137 dico,
478 3082 585 3135 surpe3
609 3068 694 3121 Laza-

104 3158 170 3201 rum
201 3140 378 3209 dillicillime,
410 3140 477 3211 quia
507 3154 571 3221 curn
602 3138 694 3211 lacry-

103 3214 169 3281 mis,
195 3231 259 3270 corn
282 3213 406 3282 fremitu,
431 3226 495 3267 curn
518 3226 562 3265 sut
575 3216 695 3337 (qertur-

103 3286 230 3356 batione,
253 3301 317 3342 cum
343 3300 447 3355 magna
471 3298 551 3351 voce,
595 3282 693 3338 icens:

104 3358 226 3423 Lucere,
254 3359 317 3412 uerti
344 3359 434 3426 soros,
463 3361 491 3409 ct
515 3356 594 3425 quasi
629 3370 695 3409 cum

104 3429 210 3488 auxilio
223 3436 251 3486 et
263 3430 427 3485 testimonio
441 3429 636 3499 praesentium,
653 3426 695 3483 di-

106 3516 193 3560 eens:
212 3504 326 3567 soluite,
354 3508 380 3557 et
407 3503 492 3556 sinite
517 3499 605 3555 obire.
632 3501 694 3554 Non

107 3573 183 3645 quod
201 3575 321 3629 Domino
347 3581 405 3629 mm
423 3572 512 3627 facilis
538 3588 596 3626 nitu
608 3569 695 3627 luerit

106 3645 285 3701 resuscitatio
299 3644 476 3697 lazarisicot
488 3642 600 3714 puellae,
617 3657 692 3708 cum,

107 3720 141 3771 ut
163 3716 204 3769 ait
223 3716 409 3782 depastione,
427 3728 512 3767 nemo
535 3718 592 3767 tam
613 3711 694 3767 lacilc

108 3786 212 3843 excitat
235 3787 264 3840 in
288 3786 370 3845 lecto,
392 3800 477 3855 quarn
511 3784 639 3839 Christus
665 3785 693 3839 in

107 3856 280 3927 sepulchro;
298 3857 347 3911 sod
361 3856 473 3912 Domini
486 3856 560 3911 lacta
573 3854 694 3911 aliarum

107 3942 206 3985 rerum
232 3934 298 3984 sunt
324 3929 462 3997 exerupla.
496 3928 593 3997 lonpa
617 3928 693 3983 coint

107 4001 313 4057 consuetudine
345 4014 463 4071 pressus,
489 4000 534 4054 vix
555 4004 583 4053 et
614 3997 693 4069 quasi

108 4086 172 4128 eum
187 4073 285 4129 labore
302 4072 463 4127 suscitatur.
483 4072 546 4139 Qui,
560 4077 591 4125 ut
605 4069 693 4125 susci·

106 4146 196 4213 tetur,
222 4144 372 4200 Dominum
398 4144 474 4211 cogit
493 4144 641 4213 lacrimari
665 4146 694 4197 et

109 4213 216 4286 ejulare
231 4232 239 4284 3
257 4225 286 4271 ct
315 4217 389 4283 ideo,
409 4214 475 4271 licet
492 4229 577 4270 omne
593 4228 694 4283 peeca-

109 4288 446 4357 commutaciones
468 4286 608 4361 peccandi
626 4299 693 4342 eon·

749 422 929 481 suetudinem
965 423 1064 487 lucere
1090 425 1236 495 debemus,
1288 430 1340 488 uia

749 494 812 550 liae
823 502 941 551 sanatur
952 495 1106 552 difficilius.
1123 498 1202 554 Unde
1217 498 1270 555 Am
1305 518 1336 559 o-

749 567 836 622 sius:
861 587 875 619 a
900 568 990 623 Omne
1011 575 1159 694 qeccatom
1186 580 1337 628 consuetu·

750 637 816 693 dine
831 638 950 708 vilescit,
967 645 996 695 et
1033 639 1165 695 thomini
1182 643 1260 709 quasi
1278 646 1339 700 nul-

750 709 809 764 lum
833 707 870 764 sit
889 727 896 778 ;
915 710 955 767 sie
980 716 1009 767 et
1033 727 1049 767 e
1074 727 1222 779 converso,
1243 717 1337 773 omnis

749 780 840 835 virtus
868 781 944 837 bona
970 784 1175 838 consuetudine
1197 784 1229 839 nt
1256 795 1338 858 grata

751 857 779 908 et
803 850 905 921 facilis,
939 854 1006 924 quia
1035 853 1104 909 nihil
1129 853 1224 910 dillert
1247 872 1338 915 assue-

750 923 790 978 sci
813 924 865 992 sie,
891 924 933 979 rcl
959 926 1038 982 sie.»
1064 925 1176 996 Triplex
1206 934 1248 982 est
1270 946 1338 1001 ergo

751 1009 828 1051 mors
855 996 945 1065 culpae
961 996 1108 1071 designata
1132 998 1161 1052 in
1186 1000 1339 1069 predicto·

750 1082 814 1122 rum
832 1067 917 1123 trium
932 1075 1034 1135 morte,
1050 1069 1174 1125 scilicet:
1190 1078 1336 1140 peccatum

750 1138 854 1208 cordis,
884 1147 1030 1208 peccatum
1061 1141 1165 1212 operis,
1186 1149 1214 1217 et
1240 1160 1337 1212 peeca-

749 1214 810 1266 tum
841 1212 1061 1271 consuetudinis.
1093 1215 1124 1268 ln
1153 1213 1338 1272 suscitatione

750 1296 817 1336 vero
833 1282 935 1338 horum
952 1284 1038 1340 trium
1054 1289 1232 1340 mortuorum
1246 1294 1338 1342 osten-

749 1367 811 1407 sum
830 1359 883 1421 est,
909 1353 986 1423 quod
1017 1355 1145 1410 Salvator
1170 1362 1336 1425 potestatem

749 1424 837 1478 habet
856 1439 942 1495 super
964 1424 1105 1497 triplicem
1130 1432 1261 1495 mortem,
1285 1430 1337 1484 sci·

750 1493 836 1550 lieet:
855 1502 976 1557 naturae.
998 1497 1088 1567 culpae
1117 1502 1146 1552 et
1171 1499 1332 1569 uehennae3

749 1579 834 1635 super
860 1567 1001 1636 triplicem
1022 1569 1121 1633 vitam,
1142 1568 1250 1625 scilicet
1264 1587 1271 1625 :
1287 1587 1335 1628 na-

749 1642 831 1701 turae,
852 1636 961 1718 gratim,
980 1638 1090 1709 gloriae.
1107 1640 1243 1705 Qitartum
1260 1658 1336 1697 mor·

749 1712 839 1774 tuum,
855 1710 1016 1765 insinuante
1042 1709 1191 1781 discipulo,
1218 1712 1335 1781 audivit,

748 1778 797 1833 sed
809 1780 846 1835 ad
863 1796 928 1836 eum
942 1781 982 1836 ire
998 1780 1099 1851 noluit,
1118 1782 1199 1836 idest
1213 1784 1249 1837 ad
1263 1800 1338 1839 mor-

748 1854 829 1931 tuum
855 1851 884 1907 in
905 1852 1107 1923 obstinatione,
1133 1853 1176 1908 vel
1200 1853 1335 1936 despera-

748 1930 835 1991 tione,
850 1939 898 1979 seo
914 1939 1002 1994 prava
1014 1926 1122 1993 peierati
1134 1931 1312 1981 occursatione
1326 1943 1334 1994 ;

749 1992 785 2048 de
808 2009 865 2064 quo
880 1995 950 2050 dixit
966 2013 973 2051 ι
992 1999 1108 2052 Dimitte
1120 2002 1241 2053 mortuos
1253 2013 1329 2070 sepe·

751 2066 803 2121 lire
815 2074 937 2123 mortuos
956 2083 1031 2123 suos.

785 2136 803 2185 6
822 2139 952 2203 Quisquis
973 2157 1013 2193 sir
1035 2158 1125 2195 aarum
1150 2158 1248 2197 stares
1270 2158 1339 2201 nuu-

750 2225 823 2270 uusu
837 2226 1031 2264 nrsruznnnuuu
1048 2228 1105 2265 aar.
1122 2241 1156 2251 —
1171 2214 1236 2267 llaec
1249 2212 1336 2283 igitur

750 2278 898 2334 audientes
910 2282 958 2349 qui
979 2286 1065 2343 stant,
1081 2296 1136 2336 non
1153 2289 1336 2354 praesumant,

750 2350 800 2405 sed
824 2352 897 2404 cardi
927 2350 994 2419 sint,
1012 2367 1047 2406 ne
1073 2353 1200 2422 cadant;
1231 2360 1259 2408 et
1306 2358 1334 2412 ui

750 2420 923 2489 ceciderunt,
942 2438 999 2477 non
1012 2424 1172 2496 desperent,
1193 2425 1242 2480 sed
1256 2371 1336 2481 solli-

751 2493 798 2549 eiti
817 2493 884 2563 sint,
905 2500 936 2549 nt
955 2503 1113 2567 resurgant.
1137 2497 1215 2551 undo
1234 2498 1333 2568 Aequ-

749 2568 863 2621 stious:
880 2586 892 2616 ι
912 2566 978 2621 llmc
997 2581 1075 2639 ergo,
1103 2567 1271 2639 citarissimi,
1287 2585 1336 2626 au-

751 2637 880 2705 divimus,
907 2644 938 2691 ut
963 2638 1011 2707 qui
1038 2641 1136 2695 vivunt
1158 2642 1263 2709 vivant,
1287 2643 1338 2713 qui

750 2710 854 2765 mortui
875 2715 941 2764 siant
961 2711 1139 2768 reviviscant.
1162 2713 1225 2768 Sive
1243 2713 1336 2770 adhue

751 2786 897 2851 peccatum
923 2784 950 2838 in
973 2784 1058 2839 corde
1086 2790 1253 2854 conceptum
1278 2800 1335 2841 non

750 2859 888 2923 processit
909 2854 937 2908 in
950 2853 1066 2923 lactum,
1083 2856 1228 2927 ponite-at,
1245 2857 1333 2911 corri-

750 2928 834 2993 gatur
866 2927 1016 2997 cogitatio,
1046 2933 1175 2995 rostri-qai
1205 2934 1333 2985 mortuus

751 3000 826 3052 intra
841 2996 956 3053 domum
980 2999 1171 3055 conscientiae.
1191 3000 1254 3054 Sive
1274 3000 1334 3069 jam

750 3070 827 3141 quod
841 3072 1010 3143 excogitavit
1025 3072 1150 3139 admisit,
1166 3088 1216 3126 nec
1232 3072 1271 3126 sic
1287 3074 1337 3132 de-

749 3149 895 3213 speretur3
920 3159 977 3199 non
1003 3145 1125 3199 surrexit
1148 3150 1274 3198 mortuus
1296 3145 1338 3203 in·

751 3220 804 3279 tus,
825 3220 923 3287 surgat
941 3216 1042 3285 elatus,
1057 3217 1191 3287 praeniteat
1205 3216 1281 3285 laod,
1301 3217 1336 3274 de

750 3286 878 3355 proximo
898 3288 1056 3355 reviviscat,
1083 3304 1140 3343 non
1160 3296 1205 3341 eat
1226 3289 1254 3342 in
1272 3302 1336 3357 pro·

749 3356 837 3413 lunda
857 3358 1020 3428 sepultura,
1039 3376 1096 3414 non
1115 3358 1235 3427 accipiat
1254 3359 1335 3415 desu-

750 3444 801 3511 per
821 3432 1032 3487 consuetudinis
1056 3431 1172 3487 molem.
1194 3430 1248 3485 Sed
1265 3429 1337 3488 torte

746 3516 807 3572 Jnm
832 3502 872 3557 illi
900 3503 1011 3575 loquor,
1041 3504 1088 3573 qui
1114 3504 1174 3573 jam
1199 3503 1269 3557 diuo
1295 3504 1335 3559 sui

750 3572 833 3627 molis
855 3574 950 3644 lapido
972 3574 1270 3645 premitur,qui1'am
1293 3591 1340 3631 ur·

750 3650 833 3711 geter
846 3644 1057 3700 consuetudinis
1070 3646 1205 3715 pondero,
1217 3645 1265 3715 qod
1277 3646 1337 3717 jam

750 3715 956 3784 quatriduanus
976 3722 1067 3787 pntct;
1090 3733 1142 3772 nec
1158 3718 1216 3788 ipsc
1237 3718 1336 3791 despe-

751 3790 804 3853 ret,
821 3786 960 3855 prolonde
977 3795 1103 3843 rnortuus
1122 3794 1175 3851 est,
1191 3789 1239 3843 scd
1255 3790 1338 3847 altius

751 3862 793 3913 est
807 3856 944 3927 Christus,
960 3866 1049 3931 agunt
1064 3862 1149 3915 etiam
1163 3860 1233 3915 tales
1249 3862 1338 3931 poeni·

750 3930 882 3988 tentiam.
904 3932 999 4001 Neque
1022 3932 1098 3987 enirn
1119 3933 1224 3987 Lazaro
1244 3949 1338 3991 resus-

750 3999 836 4055 citato
864 4008 925 4070 post
949 4002 1130 4073 quatriduum
1159 4004 1231 4059 ullus
1251 4011 1335 4077 puter

750 4071 780 4153 in
811 4071 923 4128 vivente
953 4079 1152 4141 remanseran
1183 4091 1251 4145 urge
1286 4077 1336 4149 qui

748 4149 857 4213 vivunt,
883 4146 988 4213 vivant,
1021 4146 1068 4215 qm
1101 4150 1195 4201 autem
1228 4148 1333 4204 mortui

748 4219 827 4282 sunt,
856 4216 885 4271 in
911 4231 1088 4288 quacumque
1116 4218 1217 4275 nariam
1239 4218 1326 4277 trium

749 4292 841 4346 morte
870 4302 900 4345 sc
926 4289 1096 4365 invenerint,
1130 4290 1329 4363 penitentiam
