2880 4942
119 315 152 373 Ἀ
464 314 578 369 rutilii
604 311 725 369 nautis
751 311 859 367 carot
886 313 1009 370 xttllt

121 422 236 493 merita,
252 437 304 494 per
327 419 505 493 patientiam,
535 423 706 500 augeantur,

121 500 155 552 ut
181 494 235 552 tob
260 493 387 561 accidit;
406 491 460 557 vel,
487 490 523 547 ad
551 489 708 546 custodiam

124 566 273 633 virtutum,
305 580 342 620 ne
379 562 513 633 superbia
542 565 643 625 tentet,
678 565 710 615 ut

122 637 224 706 Paulo;
243 634 298 705 rel,
312 635 349 691 ad
364 632 565 704 corrigendum
578 637 707 715 peccata,

124 715 157 766 ut
171 707 266 765 llariae
288 706 378 778 lepra,
398 711 427 761 et
443 703 516 761 sicut
536 705 603 761 huic
625 718 708 775 para·

125 779 210 853 lptico
227 777 303 850 ;uel,
326 777 362 833 ad
379 776 499 850 gloriam
514 777 576 845 Dei,
589 781 709 857 uttcaeco

130 855 210 920 nato,
237 853 280 921 et,
296 849 402 906 Lazaro
421 865 430 920 ς
460 849 516 918 rel,
531 849 569 905 ad
596 848 710 930 initium

146 936 229 991 oenae,
255 925 287 976 ut
300 919 405 978 Herodi
433 927 575 993 quatenus
600 919 647 975 luc
671 933 712 999 ri·

65 987 68 996 '
126 937 228 1049 fleatur
245 993 314 1063 quid
327 994 356 1049 in
373 993 402 1049 in
414 1008 484 1048 erno
497 995 641 1064 sequatur.
659 990 710 1044 llic

22 1070 26 1079 '
126 1079 206 1136 ergo,
222 1065 379 1122 secundum
393 1067 599 1135 Hieronymum,
627 1062 711 1118 datur

127 1134 248 1209 intelligi
267 1136 418 1209 plerasque
443 1150 595 1208 corporum
613 1130 711 1191 debili·

127 1210 201 1263 tatos
229 1207 342 1266 evenire
373 1215 488 1282 propter
519 1211 646 1290 peccata.
676 1205 711 1259 Et

128 1278 193 1335 ideo
223 1280 301 1351 prius
325 1287 441 1352 peccata
460 1279 652 1348 dimittuntur,
679 1278 711 1331 ut

129 1349 223 1408 causis
236 1351 390 1409 debilitatis
401 1351 514 1422 ablatis,
528 1352 635 1408 sanitas
664 1363 710 1404 re·

127 1422 273 1493 stituatur,
294 1429 322 1478 et
346 1422 504 1480 fitvisibile
529 1423 652 1495 signum,
680 1423 711 1473 ut

121 1489 264 1548 invisibile
289 1495 435 1563 probetur.
465 1493 544 1549 Unde
566 1497 595 1548 ct
609 1490 708 1548 Beda:

124 1582 136 1614 ι
153 1563 310 1619 curaturus
323 1568 419 1620 autem
433 1564 577 1620 bominem
598 1578 616 1618 a
630 1576 712 1642 para·

120 1632 173 1707 lysi
188 1635 323 1690 Dominus
338 1636 430 1706 primo
446 1639 626 1707 peccatomm
647 1647 710 1687 un-

125 1704 190 1762 cula
202 1706 339 1774 dissolvit,
359 1713 391 1762 ut
404 1707 567 1763 ostenderet
580 1719 655 1785 eum,
673 1703 710 1759 ob

121 1791 213 1833 nexus
242 1777 409 1849 culparum,
440 1784 556 1834 artuum
594 1775 711 1857 dissolu3

126 1848 204 1904 tione
231 1848 316 1905 luisse
341 1850 528 1921 damnatum;
559 1863 624 1918 nec,
656 1862 711 1903 nist

125 1918 172 1977 his
197 1920 340 1990 relaxatis,
358 1921 551 1979 membrorum
572 1935 650 1992 posse
667 1934 711 1974 re·

126 1994 309 2064 tuperatione
321 1995 426 2051 sanari.
444 1995 510 2065 Sed,
533 1994 590 2050 beu
606 1993 613 2050 l
631 2006 709 2048 nose

125 2078 262 2122 converso
281 2068 371 2148 magis
394 2065 549 2138 satagimus
575 2064 609 2121 de
626 2078 709 2145 cura·

124 2133 203 2192 tione
230 2152 365 2208 corporis,
396 2153 482 2208 quam
509 2134 710 2205 animae,1deo

122 2220 197 2287 saepe
215 2206 394 2263 destituimur
411 2206 573 2277 utrobique.
590 2225 606 2256 a
631 2204 710 2283 Unde

126 2280 214 2344 ctiam
231 2277 455 2345 chrysostomus:
470 2279 549 2332 «Nos
567 2280 674 2340 autem,
686 2287 711 2326 ιι

125 2347 311 2418 corporaliter
325 2349 476 2418 patiamur,
491 2346 648 2417 satagimus
662 2357 711 2423 no-

125 2418 220 2474 citum
235 2418 359 2488 adjicere
378 2435 387 2488 ;
414 2432 478 2474 cum
494 2433 562 2474 vero
586 2414 660 2471 male
674 2418 712 2469 sit

126 2490 240 2558 animae,
255 2488 420 2560 differimus,
435 2494 520 2562 atque
538 2489 602 2545 ideo
628 2498 712 2568 neca

126 2562 254 2633 corporis
267 2561 375 2619 novicis
396 2577 538 2619 curamur.
554 2557 711 2617 Absctnda-

127 2648 190 2690 mus
207 2649 275 2708 ergo
295 2635 401 2692 iontem
414 2636 565 2706 malorum,
585 2638 614 2688 et
625 2644 713 2686 cessa·

128 2704 204 2762 bunt
236 2708 438 2779 aegritudinum
464 2707 558 2763 fluxus
581 2721 621 2760 :o
651 2701 713 2757 haec

123 2776 338 2845 chrysostomus.
351 2777 504 2850 urgogula
515 2779 627 2832 constat
636 2771 712 2844 quod

124 2855 241 2974 propter
250 2854 366 2919 peccata
380 2846 533 2906 commissa
541 2846 711 2926 quandoque

147 2932 212 2974 omo
226 2924 355 3000 aegrotat,
374 2919 500 2976 medicus
522 2931 631 2999 aegrum
645 2931 713 2971 visr-

127 2994 201 3060 tans,
222 3005 314 3061 primo
338 2990 454 3048 eumad
474 2992 668 3062 poenitentram
685 2992 715 3043 et

130 3060 336 3119 contessionem
374 3078 491 3119 monere
521 3060 606 3119 debet
637 3076 644 3129 ;
677 3072 714 3140 ne

131 3141 260 3204 peccato,
274 3142 420 3206 tamquam
435 3134 520 3204 lerro,
536 3136 669 3190 manente
684 3145 714 3185 in

129 3204 260 3276 vulnere,
286 3206 392 3265 trustra
413 3207 450 3262 sit
466 3206 649 3286 emplastrum
667 3217 715 3283 apg

131 3289 248 3348 ponere.
274 3278 353 3336 Unde
382 3283 501 3349 peccant
523 3277 637 3346 medici,
665 3289 715 3355 qut

128 3362 227 3406 curam
241 3350 417 3409 materialem
440 3346 578 3407 adhibent
591 3361 715 3430 corpori,

127 3420 209 3550 Eritis
225 3438 312 3496 quam
328 3438 399 3480 cura
410 3421 565 3494 spiritualis
583 3425 619 3478 stt
632 3420 716 3476 adbi-

150 3492 190 3550 ita
203 3498 316 3565 animae,
331 3497 495 3570 ignorantes
510 3507 624 3551 caumm
636 3506 716 3575 mor·

129 3561 171 3632 bi,
184 3566 316 3623 videlicet
327 3568 403 3639 quod
413 3582 465 3638 pro
476 3573 592 3638 peccato
600 3578 715 3632 amma,

125 3631 250 3689 inflictus
266 3637 303 3690 sit
317 3639 440 3706 corpori.

167 3708 183 3758 5
212 3705 383 3760 dnunoomca
412 3720 509 3762 norunt
533 3704 657 3761 Gaurion
680 3717 719 3759 rt·

136 3790 228 3831 cusan
253 3790 373 3830 asamar
397 3792 441 3830 mc
468 3790 656 3831 amanuncus.
681 3802 716 3814 -

133 3845 200 3914 Sed,
216 3847 282 3918 quia
303 3847 364 3902 uaeo
377 3848 438 3916 ipsa
457 3844 570 3925 Domini
580 3849 668 3925 gesta,
684 3849 717 3925 ut

136 3915 205 3974 dicit
234 3918 451 3989 chrysostomus,
469 3917 660 3986 spiritualium
676 3928 717 3995 ,ιιι

134 4003 276 4047 bererum
295 3989 442 4044 continent
463 3987 612 4055 rationem,
638 4002 671 4041 cu
684 4000 718 4042 us

136 4065 234 4135 typum
254 4057 488 4134 paralyticusiste
513 4062 605 4129 gerat,
634 4003 717 4138 debe

134 4147 199 4190 mus
216 4135 374 4192 advertere.
392 4132 524 4205 Figuram
548 4144 670 4201 namque
688 4144 718 4185 ιιι

136 4217 171 4260 ao
206 4207 302 4278 populi
331 4203 493 4285 Gentilium·
516 4207 718 4283 preostensam

132 4288 191 4334 esse
216 4279 422 4350 cognoscimus,
447 4290 496 4349 qur
516 4278 640 4348 peccatis
654 4288 716 4347 gra·

761 417 842 474 ribus
856 416 952 475 animo
963 418 1125 489 dissolutus,
1135 422 1215 495 quasi
1225 422 1351 496 quadam

764 488 914 546 insanabili
947 490 1113 549 infirmitate
1147 494 1289 566 plagatus,
1322 495 1351 552 in

764 566 888 631 quatuor
911 563 1023 634 angulis
1041 564 1139 620 mundi
1155 566 1248 636 istius,
1272 568 1352 624 uelut

765 630 795 687 in
809 631 882 688 lecto
896 633 1020 704 iacebat.
1034 635 1114 693 Unde
1130 643 1159 693 et
1172 637 1200 700 in
1221 653 1255 694 eo
1271 654 1352 709 para·

764 702 850 776 tytico
874 705 1030 777 Evangelii,
1058 707 1103 763 cui
1137 708 1257 765 remissa
1285 713 1352 766 sunt

784 780 891 846 cecata,
904 776 933 832 id
947 783 1092 834 ostensum
1107 785 1159 849 est,
1176 780 1243 851 quia
1259 796 1295 851 po
1317 797 1349 837 u·

765 791 809 902 fus
835 846 1000 915 Gentilium,
1028 850 1078 920 qui
1093 850 1173 922 gravi
1188 797 1352 910 valetudine

767 925 948 989 pcccatorum
973 919 1132 994 laborabat,
1148 923 1215 979 data
1229 923 1284 979 sibi
1306 939 1350 981 re·

766 989 910 1060 missione,
939 1007 990 1062 per
1013 992 1184 1050 medicinam
1207 996 1351 1053 coelestem

766 1061 908 1134 integram
939 1069 968 1118 et
998 1062 1152 1136 perlectam
1186 1067 1349 1136 sanitatem,

765 1134 921 1190 secundum
937 1149 1037 1206 corpus
1047 1142 1076 1192 et
1086 1137 1221 1205 animam,
1234 1143 1351 1195 aeterna

765 1205 865 1261 salutis
888 1207 1039 1277 acceperit.
1056 1206 1107 1264 Cui
1121 1224 1178 1265 uon
1196 1210 1349 1281 immerito,

767 1282 829 1347 post
854 1278 1049 1334 remissionem
1075 1286 1266 1349 pcccatorum,
1289 1280 1352 1338 red·

767 1347 825 1404 dita
848 1347 949 1417 salute,
963 1350 1023 1419 jam
1047 1349 1168 1421 diciturss:
1197 1352 1352 1421 Verterat

767 1418 829 1474 redi
840 1419 869 1474 in
878 1419 995 1477 domum
1006 1427 1093 1488 tuam,
1101 1422 1130 1478 id
1142 1423 1224 1479 estin
1236 1424 1352 1481 domum

768 1487 904 1555 Paradisi,
929 1490 963 1547 dc
979 1507 1035 1562 qua
1057 1493 1146 1549 Adam
1160 1495 1221 1565 jam
1244 1497 1352 1553 dudum

767 1561 900 1632 expulsus
911 1560 1005 1618 luerat
1017 1580 1027 1633 ;
1041 1565 1089 1635 qui
1107 1565 1191 1636 hujus
1207 1566 1353 1624 infirmita·

767 1633 803 1686 tis
815 1638 915 1688 auctor
928 1634 1122 1691 exstiteratlit
1140 1639 1241 1694 merito
1257 1639 1352 1710 sequi·

767 1706 834 1758 tur:
864 1705 923 1760 lloc
938 1705 1063 1762 uidentes
1085 1709 1172 1764 turbae
1191 1714 1352 1780 timuerunt,

767 1774 1356 1852 atglorificaveruntseumagnificaverunt

765 1848 862 1917 Deum,
887 1851 937 1918 qui
965 1853 1072 1905 tantam
1095 1857 1255 1922 potestatem
1277 1854 1355 1911 dedit

767 1919 932 1976 bominibus.
957 1923 1002 1978 lla
1022 1920 1154 1979 nificatur
1173 1925 1250 1981 enim
1279 1926 1354 1982 Deus

767 1992 817 2072 qui
833 1990 876 2047 vel
896 1938 1036 2064 Apostofis
1048 1996 1106 2051 suis
1125 2000 1294 2066 potestatem
1314 1998 1355 2054 di·

768 2064 899 2120 mittendi
916 2072 1032 2135 peccata
1048 2065 1174 2134 donavit,
1197 2069 1240 2123 vel
1259 2069 1355 2125 bomi-

768 2134 852 2190 nibus
875 2141 985 2191 tantam
1008 2138 1132 2206 gratiam
1154 2141 1305 2204 concessit,
1325 2145 1356 2197 ut

768 2209 833 2273 post
867 2205 1065 2259 remissionem
1091 2211 1272 2274 peecatorum
1303 2226 1355 2277 per

767 2272 900 2327 meritum
919 2272 986 2328 fidei
1009 2280 1094 2345 atque
1114 2275 1242 2345 justitiae,
1270 2283 1352 2349 potc-

767 2347 870 2397 statem
886 2341 1028 2414 accipiant
1052 2344 1088 2399 ad
1103 2343 1270 2405 Paradisum
1287 2350 1353 2406 red·

768 2411 864 2470 eundi.
878 2414 929 2471 Ubi
949 2413 990 2470 ait
1002 2416 1130 2472 Hilarius
1158 2436 1199 2473 ε(
1224 2422 1355 2479 Videates

768 2488 859 2540 eutem
874 2486 960 2543 turba
984 2491 1154 2557 timuerunt5
1169 2493 1264 2564 magni
1278 2494 1356 2550 enim

768 2556 879 2615 timoris
891 2573 936 2615 res
950 2567 993 2616 est
1010 2575 1067 2616 non
1089 2561 1212 2617 dimissis
1232 2565 1355 2634 peccatis

769 2649 788 2690 a
809 2630 933 2703 Christo,
946 2631 976 2687 in
1000 2639 1120 2688 mortem
1146 2635 1266 2692 resolvi:
1287 2638 1356 2709 quia

770 2703 866 2764 nullus
881 2709 924 2759 est
944 2702 974 2758 in
989 2703 1107 2761 domum
1125 2710 1264 2763 aeternam
1279 2709 1355 2764 redi·

770 2787 818 2836 tus
843 2776 867 2832 si
884 2774 929 2830 cui
954 2775 1065 2832 indulta
1089 2791 1146 2832 non
1167 2777 1252 2834 luerit
1273 2781 1357 2836 venia

771 2822 940 2907 delictorum
955 2865 962 2918 3
981 2853 1108 2928 cessante
1125 2854 1222 2930 autem
1243 2850 1356 2923 timore,

771 2923 864 2978 honor
883 2919 941 2974 Deo
970 2918 1110 2988 redditur,
1139 2935 1206 2990 quia
1235 2928 1356 2992 potestas

770 2990 933 3050 hominibus
947 2989 1001 3046 hac
1015 2989 1162 3060 tradate,
1180 2990 1213 3045 llt
1226 3008 1278 3062 per
1292 3010 1355 3050 ver·

770 3064 839 3122 bum
853 3061 924 3132 ejus,
933 3065 962 3116 ct
973 3061 1149 3117 remissionis
1163 3071 1355 3136 peccatorum,

771 3143 800 3192 et
818 3147 969 3201 corporum
979 3133 1204 3205 resurrectionis,
1220 3140 1250 3189 et
1264 3151 1357 3194 rever·

771 3206 858 3263 sionis
887 3205 916 3258 in
943 3204 1044 3259 coelum
1060 3225 1067 3259 ι
1086 3222 1100 3256 ιι
1130 3205 1191 3260 baec
1219 3207 1356 3265 littorius.

808 3282 825 3334 6
853 3277 1011 3333 Monstrum
1031 3291 1115 3331 turos
1131 3292 1199 3331 naar
1226 3294 1356 3336 neccaro·

773 3366 825 3407 nis.
840 3378 871 3390 -
888 3347 1033 3404 bloraliter
1047 3352 1142 3402 autem
1162 3362 1212 3417 per
1226 3350 1358 3423 paralyti-

772 3437 849 3494 cum,
864 3414 913 3491 qui
930 3420 1056 3492 privatus
1072 3424 1116 3474 est
1139 3434 1191 3474 usu
1211 3421 1357 3480 membro·

773 3510 837 3552 rum
852 3490 1055 3563 corporalium,
1069 3490 1246 3562 significatur
1272 3494 1357 3552 bomo

774 3561 1357 3637 peccator,operibusmeritoriispriratus,

773 3639 803 3691 et
825 3634 902 3704 turpi
930 3646 1062 3688 marcens
1084 3635 1154 3689 otio.
1180 3636 1256 3691 latis
1282 3635 1359 3694 enim

773 3702 903 3776 privatur
914 3717 1012 3829 {ressa
1023 3703 1177 3762 meritoriae
1190 3705 1358 3777 allectionis,

774 3777 803 3830 et
825 3779 903 3829 tactu
940 3787 1002 3829 onae
1019 3776 1203 3847 operationis,
1222 3784 1251 3833 et
1273 3786 1359 3859 gustu

774 3844 923 3901 suavitatis
950 3845 1080 3910 coelcstis,
1105 3853 1134 3902 at
1166 3850 1228 3906 risu
1256 3848 1360 3908 divinae

773 3915 1030 3986 contemplationis,
1044 3923 1073 3972 et
1087 3918 1185 3975 auditu
1196 3917 1283 3976 divini
1298 3930 1366 3978 scr·'

774 3987 877 4057 monis,
903 3993 932 4044 et
958 3989 1078 4045 odoratu
1101 3990 1205 4047 diviua
1236 3993 1361 4051 consola·

773 4061 868 4116 tionis.
881 4061 916 4114 Et
929 4065 997 4115 tunc
1007 4060 1085 4130 jacet
1096 4061 1125 4116 in
1137 4061 1221 4132 lecto,
1243 4063 1359 4136 quando

772 4131 985 4201 superveniens,
999 4137 1077 4188 tenet
1093 4148 1159 4188 eum
1183 4150 1270 4206 prava
1287 4151 1357 4193 con·

772 4203 891 4259 suetudo
903 4219 911 4275 ;
925 4204 1076 4271 baecenim
1090 4203 1179 4261 lectus
1194 4207 1250 4262 dici
1264 4213 1359 4278 potest

775 4273 927 4333 hocloco.
951 4276 1044 4349 Ipsum
1067 4287 1182 4349 quoque
1206 4286 1357 4349 peccatum
