2880 4942
246 357 287 412 llll
315 360 466 415 nubitur
494 361 604 415 votuit
631 361 671 416 br
698 361 810 416 TUlle
836 361 1066 417 exactitare.
1093 362 1164 417 RVG.

100 479 135 520 ar
148 467 179 521 hi
190 468 227 535 te,
241 482 302 537 qua
315 467 466 524 dictasunt
480 468 533 523 tibi
546 483 564 522 a
577 469 677 523 Domi-

88 552 133 620 ao:
149 536 264 619 beatior
289 554 356 610 ergo
373 538 436 608 luit,
458 538 525 610 quia
550 540 675 597 Verbum

87 610 275 681 spiritualiter
292 615 385 668 mente
406 610 547 684 concepit,
574 611 674 669 auditu

88 679 157 762 ildei
170 683 302 754 suscepit,
316 682 547 766 memoriterque,
563 699 596 741 ac
609 690 674 741 stu-

89 750 169 809 diosa
194 753 358 826 operatione
389 754 538 812 custodivit
567 773 573 812 :
607 758 673 827 quia

89 827 234 898 conceptio
250 825 407 908 spiritualis
425 843 481 908 qua
501 826 629 885 Christus
644 827 673 884 in

88 896 173 953 cordo
197 897 365 967 concipitur,
392 898 502 955 felicior
522 904 565 955 est
588 915 673 972 quam

88 967 223 1025 carnalis.
237 968 319 1025 Fides
334 969 410 1025 euim
428 969 673 1040 perdilectionem

87 1055 211 1110 operans
227 1041 432 1098 beatitudinem
451 1047 587 1098 aeternam
603 1060 673 1114 pro-

89 1117 234 1179 meretor;
254 1128 309 1169 non
337 1118 433 1169 autom
455 1114 602 1184 conceptio
629 1115 672 1171 rel

89 1182 213 1254 portatio
228 1183 288 1239 sino
306 1184 362 1241 fide
377 1202 383 1239 :
398 1183 465 1256 quia
479 1188 539 1240 si'iie
556 1187 611 1256 fide
623 1189 673 1242 im-

86 1255 222 1324 possihile
235 1262 275 1311 est
287 1258 396 1327 placere
411 1260 473 1313 Deo.
488 1258 673 1315 Undesecun·

89 1324 158 1380 dum
174 1327 372 1397 Aupasti'nam,
391 1327 503 1385 beatior
517 1328 569 1385 luit
584 1329 674 1387 illaria

87 1396 250 1478 profitendo
267 1400 354 1456 fldem
369 1399 482 1468 Christi,
498 1416 585 1471 quam
600 1419 673 1458 con-

88 1469 219 1539 cipiendo
233 1487 349 1528 carnem
366 1471 488 1540 Christi,
512 1477 540 1528 et
564 1473 674 1530 leliclus

88 1540 673 1625 concepitlleummenteperfldem,quam

87 1626 207 1684 corpore
235 1629 286 1686 per
316 1631 410 1672 carnis
434 1616 670 1688 assumptionem.

87 1682 162 1739 Nihil
173 1683 248 1768 enini
258 1685 353 1743 Mariae
369 1687 672 1770 maternapropinqui-

87 1757 131 1811 tas
145 1755 307 1827 profuisset,
324 1758 376 1815 nisi
392 1758 471 1816 illuni
489 1759 598 1816 felicius
612 1777 673 1818 cor-

87 1825 124 1883 de
149 1843 233 1899 quani
257 1846 344 1887 carna
363 1836 511 1902 gestasset.
534 1832 614 1889 Unde
633 1832 673 1890 ait

88 1898 293 1967 chrysostomus
322 1920 329 1959 :
357 1921 371 1955 (t
400 1905 496 1974 Neque
522 1903 601 1960 conci
624 1920 673 1961 ere

88 1969 246 2040 Christum;
276 1990 368 2046 nequo
401 1974 560 2031 mirabilem
591 1920 672 2032 iiium

87 2041 312 2126 loetumpnrere,
331 2047 416 2103 hahet
430 2045 555 2117 aliquam
570 2046 672 2103 utilita-

88 2116 156 2182 tem,
178 2121 281 2173 virtute
300 2133 355 2174 non
378 2117 522 2187 existente,
537 2118 672 2190 quoniam

87 2185 167 2243 nulla
179 2188 262 2260 hujus
276 2188 302 2245 ei
318 2188 434 2257 utilitas,
450 2189 474 2245 si
489 2206 545 2246 uon
562 2189 672 2247 unirer·

87 2273 120 2313 sa
135 2274 197 2340 quia
222 2266 335 2329 oportet
352 2261 464 2332 lecerit;
481 2267 509 2318 et
522 2261 591 2318 nihil
607 2277 672 2334 par-

86 2335 133 2385 tus
152 2346 178 2412 ei
193 2332 356 2402 profuisset,
374 2332 428 2389 nisi
452 2333 533 2389 valdo
554 2335 629 2390 bona
644 2339 672 2390 et

87 2400 181 2458 fidelis
192 2404 307 2485 esset.Si
319 2404 490 2463 ieroblarim
504 2405 572 2461 nihil
589 2406 671 2477 prod·

87 2478 131 2529 est
150 2480 177 2530 et
200 2490 261 2531 sinc
284 2493 328 2544 ea,
352 2493 414 2548 qum
437 2475 592 2533 secundum
614 2476 671 2533 aiii·

88 2560 166 2627 main
183 2552 234 2615 est,
250 2548 352 2605 virtute
368 2549 494 2619 genitum
508 2550 544 2605 ab
560 2565 594 2605 ea
609 2565 671 2605 esse

87 2616 245 2688 Christum;
259 2620 452 2692 multomagis
467 2636 520 2676 nos
538 2620 591 2677 etsi
615 2636 672 2692 pa·
695 2646 698 2659 ·

88 2693 172 2758 trem,
189 2689 241 2748 etsi
257 2691 347 2773 lilium
362 2692 543 2750 habuerimus
558 2691 671 2749 virtuo-
695 2664 698 2767 i

87 2767 193 2818 sumet
207 2763 343 2832 nobilem,
361 2764 414 2836 ipsi
430 2781 497 2821 vero
516 2763 601 2836 longe
619 2763 672 2821 eri·
695 2780 698 2787 ·

86 2846 151 2889 inus
172 2834 306 2917 avirtute
323 2835 408 2904 illius,
431 2835 512 2893 nobis
537 2837 672 2909 prodesse

86 2910 212 3033 qoterit:
230 2927 244 2960 i)
260 2907 321 2964 haec
335 2908 549 2979 Clirpsostomiis.
573 2908 625 2965 Ubi
643 2913 672 2965 et
695 2926 698 2933 ·

110 2977 162 3033 eda
182 2997 191 3034 r
214 3001 228 3030 o
251 2980 379 3036 Pulchrae
408 2979 583 3037 attestationi
612 2997 671 3038 nin-

86 3047 165 3106 lieris
180 3052 294 3121 annuit,
310 3068 367 3109 non
382 3067 445 3109 eain
461 3054 670 3121 tantummodo,

86 3135 153 3193 quae
163 3123 285 3180 Verbum
294 3122 343 3181 Dei
358 3126 545 3197 corporaliter
555 3140 671 3195 genera·

86 3207 118 3248 re
138 3202 292 3264 meruerat,
308 3195 356 3252 sed
371 3202 399 3252 ct
414 3212 512 3253 omnes
531 3195 579 3266 qui
595 3197 671 3253 Ver-

86 3262 156 3345 bum
168 3265 216 3322 Dei
226 3266 516 3340 spiritualiterauditu
529 3265 596 3323 lldei
607 3282 671 3323 con·

87 3351 194 3418 cipere,
211 3344 239 3394 et
258 3340 326 3397 boni
346 3339 441 3411 operis
465 3337 603 3406 custodia,
628 3338 670 3394 iel

88 3423 117 3462 in
134 3424 184 3467 suo
202 3411 245 3467 rel
261 3412 289 3468 in
304 3411 496 3483 proximorum
512 3407 596 3465 cordo
615 3424 672 3480 pa-

86 3494 163 3551 rere,
179 3486 208 3539 et
222 3482 302 3554 quasi
319 3484 396 3539 alere
412 3479 582 3550 studuerint,
597 3494 672 3537 asse·

86 3566 154 3608 rens
169 3568 232 3612 esse
248 3555 346 3612 beatos
362 3572 369 3610 :
387 3553 492 3625 quiaet
507 3550 607 3608 eadem
622 3549 673 3608 Dei

86 3622 223 3695 Genitrir,
250 3626 316 3683 inde
365 3625 458 3682 uidem
486 3625 580 3691 beata,
607 3621 674 3695 quia

85 3696 171 3753 Verbi
201 3643 373 3755 incarnanii
389 3696 520 3754 ministra
535 3697 609 3752 lacta
630 3697 673 3752 est

84 3769 269 3840 temporalis3
284 3771 334 3828 sed
351 3769 417 3826 inde
443 3768 533 3826 multo
551 3766 673 3837 beatior,

84 3840 153 3910 quia
167 3841 297 3913 ejusdem
314 3858 428 3914 semper
447 3839 562 3898 amaiidi
577 3843 674 3896 custos

84 3914 221 3970 manebat
236 3919 355 3971 aeterna.
375 3912 447 3982 Quia
465 3911 607 3970 sententia
622 3926 675 3967 sa-

84 3980 676 4111 qiecntesludaeorumtamquamindignos

125 4055 676 4130 atitudineclampercutit‚quiVerbum

87 4128 139 4184 Dei
149 4145 207 4186 non
218 4129 318 4187 andire
332 4138 361 4187 et
375 4128 538 4200 custodiro;
555 4127 605 4184 sed
620 4142 676 4183 ne-

85 4215 156 4271 gare
175 4205 204 4258 et
224 4202 424 4330 blasqhemare
447 4202 612 4328 quaerebant
637 4217 675 4254 :ii

86 4272 149 4331 hec
175 4272 260 4329 Beda.
313 4279 333 4340 t,
359 4288 516 4330 saeuitum
544 4270 675 4329 cumdem

87 4344 202 4415 bedam,
228 4349 287 4402 tota
302 4344 366 4402 vitae
389 4342 513 4401 coelestis
540 4341 675 4416 perfectio

1272 357 1319 411 229

733 467 845 525 duobus
858 464 903 524 his
918 465 1168 539 comprehenditur
1184 483 1192 525 i
1208 469 1240 525 nt
1251 466 1318 522 Ver·

731 540 800 597 bunt
829 539 879 596 Dei
910 537 1069 606 audiamus,
1103 544 1132 596 ct
1167 537 1316 595 iaciamus.

730 613 818 680 Quem
834 627 902 683 ergo
919 610 1063 668 beatitudo
1077 610 1173 668 blateis
1184 610 1316 678 delectat,

730 685 854 741 Verbum
870 684 920 740 Dei
934 681 1056 739 libenter
1070 681 1169 739 audire
1183 686 1211 738 et
1225 686 1315 738 custo·

729 755 791 812 dire
805 756 928 822 studeat,
943 758 971 811 et
986 755 1086 810 beatos
1103 752 1167 810 erit.
1184 750 1317 823 Quisquis

728 826 805 885 euim
816 829 931 885 verbum
943 825 993 883 Dei
1003 824 1223 888 libentcraudit‚
1234 823 1315 880 Chri-

729 907 804 956 stum
816 898 954 970 concipit,
964 896 1007 955 siu
1017 904 1112 954 autern
1122 911 1208 970 opere
1218 895 1317 967 imple·

728 970 812 1039 ierit,
832 970 874 1026 rol
887 969 1053 1026 custodierit
1070 968 1210 1026 Christum
1226 965 1313 1041 parit;

729 1059 792 1114 quie
809 1043 897 1098 blaria
911 1040 1034 1113 portavit
1046 1039 1242 1113 corporaliter,
1255 1041 1314 1110 ipse

729 1112 1313 1187 portatspiritualitcr.Undedapastiaust

729 1185 782 1253 Qui
793 1186 878 1241 corde
891 1183 999 1241 arcedit
1009 1184 1045 1240 ad
1056 1182 1206 1254 justitiam,
1215 1180 1315 1238 conci-

728 1257 770 1384 il
789 1257 931 1385 illitam
946 1253 1315 1398 tiltliltlhfltbi

729 1400 797 1457 alibi
814 1399 949 1457 Dominus
963 1399 1003 1455 ait
1019 1415 1025 1454 :
1041 1398 1208 1467 Quicumque
1219 1397 1315 1462 fecerit

728 1474 897 1529 voluntatem
910 1473 1078 1539 Peinsinoi,
1093 1472 1153 1540 ipse
1165 1483 1240 1524 meas
1253 1469 1314 1534 trc-

730 1549 803 1600 tecct
821 1559 898 1600 soror
911 1548 937 1598 et
947 1547 1035 1598 mater
1051 1546 1101 1597 est.
1122 1560 1136 1594 ii
1157 1541 1215 1596 Hac
1231 1537 1314 1594 laude

729 1614 833 1674 Christi
849 1613 1006 1686 matrisque
1021 1613 1093 1684 ejus,
1114 1626 1177 1668 cum
1188 1627 1218 1667 se
1229 1608 1314 1666 audi·

728 1692 772 1745 ret
787 1686 929 1743 laudaria
953 1685 1075 1756 quadam
1097 1682 1229 1750 muliere,
1256 1681 1312 1738 llo-

727 1760 825 1818 bertus
839 1758 961 1815 fundans
976 1755 1157 1814 etadificans
1170 1757 1314 1810 monaste·

728 1831 802 1888 rium
830 1832 1115 1895 riamonsuaiense,
1137 1825 1177 1882 ait
1196 1824 1221 1881 ei
1247 1842 1254 1881 :
1280 1825 1314 1880 Et

728 1895 1314 1972 maledictatu‚etquitihisuggessitrerba

728 1974 886 2040 Doininica,
907 1979 934 2029 et
949 1971 1061 2028 laudem
1077 1970 1140 2041 ejus
1156 1967 1185 2023 iii
1202 1982 1248 2022 me
1262 1965 1314 2022 ml-

729 2062 823 2103 seruui
843 2050 1021 2115 retorquere,
1045 2041 1093 2113 qui
1112 2039 1198 2096 ctiam
1216 2036 1313 2093 modi-

729 2134 762 2174 ca
774 2117 858 2174 laude
874 2115 936 2187 capi
959 2127 1171 2170 consueveram.
1189 2109 1312 2166 Verbum

728 2187 840 2247 Domini
855 2188 939 2245 debet
953 2185 1044 2242 audiri
1061 2185 1226 2240 reverenter
1244 2196 1311 2252 pro·

728 2266 791 2330 pter
805 2258 1021 2333 pretiositatem.
1043 2256 1071 2315 Si
1095 2254 1183 2325 enim,
1207 2251 1312 2335 aliquis

728 2332 846 2389 haberet
866 2331 1033 2403 particulam
1048 2329 1171 2385 detesto
1188 2326 1310 2405 Domini,

728 2404 771 2461 rol
789 2404 942 2476 lacrymam
962 2418 1025 2473 quai
1054 2398 1138 2456 exivit
1164 2398 1199 2454 de
1222 2395 1311 2476 oculis

727 2470 1156 2617 tliithllthit‘tlhi
1170 2483 1314 2595 litai:

1046 2587 1053 2614 i

728 2624 772 2675 ter
783 2618 939 2690 susciperet
952 2624 980 2673 et
994 2618 1137 2680 seriaret;
1148 2611 1238 2667 multo
1254 2610 1311 2666 lor·

727 2691 783 2748 tius
798 2692 914 2747 verbum
927 2685 1051 2752 Domini,
1061 2684 1136 2757 quod
1146 2700 1201 2740 iion
1219 2681 1312 2738 solum

728 2761 875 2834 egreditur
884 2761 920 2817 de
935 2775 984 2817 ore
999 2760 1071 2831 ejus,
1087 2756 1137 2813 scil
1152 2757 1188 2811 de
1203 2751 1311 2809 intimis

727 2833 822 2891 cordis
840 2832 931 2906 ipsius
949 2829 1042 2889 audiri
1062 2829 1157 2886 debet.
1172 2827 1242 2882 Item
1259 2840 1311 2897 pa-

727 2907 833 2964 tienter
845 2922 902 2962 non
914 2919 977 2961 cum
993 2901 1089 2971 taedio,
1104 2899 1146 2957 vel
1164 2911 1311 2956 murmure

728 2985 756 3036 et
772 2976 965 3045 detractioiie;
990 2974 1059 3032 item
1079 2970 1264 3050 obedienter,
1280 2971 1311 3025 ut

727 3051 835 3108 scilicet
864 3049 940 3122 quod
964 3047 1029 3120 quis
1056 3044 1136 3104 audit
1156 3057 1243 3114 opere
1256 3056 1310 3122 im·

728 3123 814 3195 pleat.
837 3121 902 3178 blali
923 3119 1045 3176 libenter
1074 3117 1181 3173 debent
1209 3112 1311 3169 audire

728 3195 846 3251 verbum
860 3191 909 3249 Dei
922 3196 952 3247 ut
965 3188 1154 3259 corrigantur,
1165 3199 1233 3241 nam
1247 3198 1311 3239 ror·

729 3266 797 3322 buin
812 3263 861 3321 Dei
877 3267 921 3319 est
935 3260 1076 3317 medicina
1091 3256 1194 3314 animia
1215 3257 1313 3310 contra

729 3338 861 3392 morbum
890 3331 1010 3405 peccati.
1040 3327 1111 3386 Boni
1140 3325 1238 3392 etiam,
1263 3323 1313 3393 qui

729 3411 795 3463 sunt
811 3405 840 3461 iu
854 3409 929 3461 statu
944 3399 1058 3474 triplici,
1073 3398 1199 3477 libenter
1209 3394 1315 3474 dehent

729 3477 827 3534 audire
852 3476 970 3532 verbum
1001 3470 1051 3529 Dei
1077 3488 1084 3527 ι
1114 3465 1314 3538 incipientibus

729 3548 807 3605 enim
826 3548 881 3604 hoc
899 3543 1032 3602 convenit
1045 3546 1077 3598 ut
1089 3537 1266 3619 erudiantur,
1286 3538 1315 3592 ct

729 3620 785 3677 illis
803 3620 921 3676 verbum
947 3615 997 3674 Dei
1016 3619 1058 3672 est
1078 3614 1141 3682 lac;
1161 3608 1314 3684 prollcien-

729 3692 806 3751 tibus
818 3691 904 3749 etiam
919 3686 1052 3746 convenit
1074 3684 1173 3743 audire
1194 3682 1315 3739 verbum

731 3764 792 3834 Dei,
814 3769 845 3821 ut
869 3761 1028 3834 dirigantur
1051 3757 1080 3816 in
1103 3755 1150 3814 ria
1172 3753 1316 3834 proiectus

730 3834 902 3910 spiritualis;
918 3829 1051 3907 perlectis
1073 3829 1158 3887 etiam
1183 3827 1316 3884 convenit

730 3909 830 3966 audire
847 3907 965 3965 verbum
984 3902 1043 3973 Dei,
1060 3906 1091 3960 nt
1110 3898 1232 3981 amplius
1250 3910 1316 3976 per·

731 3981 877 4049 liciantur,
893 3977 995 4051 quibus
1009 3976 1127 4032 verbum
1138 3971 1240 4028 horest
1252 3964 1318 4046 seli:

731 4054 785 4110 dus
817 4052 905 4110 cibus.
934 4051 983 4107 Est
1012 4044 1089 4104 enim
1117 4042 1235 4123 verbum
1267 4037 1316 4092 Dei

731 4139 838 4180 monna
853 4122 978 4188 coelesto,
993 4123 1022 4175 et
1034 4115 1107 4188 sapit
1122 4111 1248 4176 cuilibet,
1264 4121 1316 4181 pro

732 4212 784 4252 suo
801 4195 883 4251 relle.
912 4191 991 4251 Unde
1010 4191 1162 4256 Oripcnes:
1192 4202 1207 4232 α
1237 4180 1317 4236 Nunc

732 4283 800 4341 ergo
813 4265 981 4324 festinemus
994 4260 1108 4319 coeleste
1123 4269 1228 4312 manna
1252 4265 1317 4308 sus·

731 4338 842 4411 cipere,
872 4335 941 4394 illud
981 4331 1057 4391 enim
1095 4341 1201 4385 manna
1234 4325 1319 4397 prout
