2880 4942
253 391 295 446 llll
321 391 445 445 tollitis
472 389 601 445 SIGNUM
628 389 669 443 DE
697 389 795 444 COELO
822 390 1076 458 numantinus
1105 394 1176 448 tic.
1283 397 1329 450 227

99 496 687 565 estnonoopnosoereoiomueiitutis,quom

119 570 290 637 ostapnitom
300 575 448 623 retrorsum
456 568 586 626 converti.
596 565 687 635 idest,

99 587 191 698 sevius
206 646 249 696 est
263 637 441 695 committere
456 637 570 710 aliquod
584 653 689 710 pecca-

102 717 161 769 tum
174 727 237 768 oum
251 709 424 783 ignorantia,
434 726 520 781 ouem
534 708 609 766 idem
625 725 688 767 cum

102 781 689 854 scientiaquoadpoenam3minoremenim

101 854 150 912 illa
173 854 296 927 patietur
320 871 410 925 poenae
433 853 598 923 vindictam,
621 855 690 924 quia

100 943 152 1000 per
166 934 360 997 contemptum
374 925 484 994 gratim,
505 941 591 996 quam
610 926 645 980 de
660 941 690 980 se

100 1006 174 1055 mate
194 997 315 1054 vivendo
335 996 436 1068 pellit,
461 996 605 1054 deteriora
628 1012 690 1068 sup·

99 1068 186 1143 plicia
211 1074 355 1140 meretur3
382 1074 410 1124 et
429 1068 531 1125 vulnus
556 1067 692 1124 iteratum

100 1140 212 1198 tardius
228 1145 357 1196 sanatur.
378 1140 457 1196 Unde
473 1140 513 1196 ait
529 1142 693 1208 chrysosto-

101 1228 164 1267 mus
184 1234 191 1269 :
214 1213 313 1267 «Haeo
338 1217 433 1269 autem
462 1228 519 1267 non
545 1212 637 1268 solum
657 1210 693 1267 ad

102 1283 179 1352 illos,
204 1282 253 1339 sed
274 1283 310 1339 ad
339 1299 391 1340 nos
415 1283 500 1340 etiam
527 1282 603 1340 diota
631 1298 694 1339 esse

102 1355 243 1412 rationem
268 1354 366 1421 habet,
394 1355 418 1411 si
446 1354 601 1411 illuminati
628 1359 695 1411 eta

101 1425 249 1554 grioribus
264 1426 337 1482 eruti
359 1426 452 1496 malis,
471 1443 571 1483 rursus
592 1426 627 1483 ab
649 1441 693 1482 oa·

123 1513 168 1554 em
198 1497 406 1568 possideamur,
424 1497 561 1570 nequitia.
582 1496 694 1553 Etenim

102 1567 247 1626 dillieilior
257 1570 317 1640 jam
333 1568 387 1626 erit
403 1586 489 1643 poene
503 1568 693 1641 posteriorum

102 1645 296 1714 peccatorum,
313 1648 428 1713 propter
446 1640 521 1713 quod
536 1640 693 1714 paralytico

102 1712 172 1769 dixit
186 1713 313 1769 Christus
329 1729 336 1768 ε
352 1717 420 1770 Ecce
430 1729 515 1769 sonus
537 1716 630 1781 faetus
655 1728 691 1778 es,

101 1787 161 1841 noli
182 1801 303 1855 peecare,
316 1801 349 1840 ae
363 1787 482 1841 deterius
505 1785 616 1855 aliquid
642 1785 695 1839 tibi

103 1859 256 1924 eontinpot.
275 1876 289 1909 o
309 1858 342 1911 Et
357 1856 478 1913 iterum:
497 1879 510 1908 u
521 1859 590 1914 Cum
607 1855 694 1911 semel

102 1927 207 2000 aliquis
224 1927 363 1985 liberatus
377 1945 394 1984 a
409 1927 492 1984 malis
506 1945 563 1984 non
582 1925 696 1984 sobrius

104 1999 245 2069 efficitur,
271 2000 360 2056 multo
383 1999 546 2057 dilliuiliora
572 2001 696 2070 patietur

103 2070 258 2145 prioribus.
273 2071 384 2128 Etenim
404 2071 549 2127 dil'licilior
565 2072 624 2141 jain
642 2073 697 2126 erit

104 2158 191 2216 poena
210 2142 400 2214 posteriorum
418 2149 613 2215 peccatorum3
629 2140 697 2196 hino

104 2222 277 2272 autemnon
298 2215 389 2271 solum
415 2231 529 2286 poenam
558 2212 696 2295 excogita,

104 2285 265 2343 sedetiam
292 2286 432 2343 inlinitam
450 2286 498 2342 Dei
522 2283 697 2413 longanimi-

105 2362 205 2415 tatem.
218 2358 272 2414 Sed
288 2375 323 2415 ne
334 2359 523 2426 confidamus,
534 2374 564 2413 se
600 2355 697 2412 timea-

104 2445 180 2487 mus.
198 2428 308 2485 Etenim
325 2432 436 2487 Pharao
454 2429 479 2486 si
493 2432 521 2486 in
534 2428 626 2501 prima
641 2427 698 2500 pla·

105 2518 143 2575 ge
156 2501 287 2560 eruditus
302 2502 412 2574 luisset,
428 2518 487 2559 non
500 2504 598 2574 utique
616 2516 697 2557 acoe-

743 492 1330 568 pissetexperientiamposteriorum3non

744 565 841 638 utique
865 572 962 639 postea
980 566 1063 623 simul
1080 584 1142 625 cum
1168 569 1229 642 ipso
1245 587 1331 628 exer—

742 638 800 695 citu
820 639 983 695 submersus
1000 639 1110 696 luisset.
1128 642 1182 697 Sed
1202 659 1259 698 non
1277 659 1332 700 ru-

743 712 825 767 brum
841 726 919 767 mare
927 711 987 783 jam
1001 711 1177 782 pertransire
1188 730 1263 770 nuno
1278 719 1331 782 est,

744 788 773 838 at
790 782 906 854 pelagus
920 789 948 839 et
963 782 1055 854 ignis3
1073 784 1192 855 pelagus
1202 801 1260 841 non
1275 785 1332 841 tale

744 870 836 925 nequo
860 863 981 922 tantum,
1008 856 1058 912 sed
1081 856 1169 913 multo
1191 858 1283 929 majus
1303 861 1332 913 et

744 924 910 982 silvestrius.
931 926 997 983 ldeo
1024 942 1105 997 rogo,
1134 932 1165 984 ut
1191 944 1332 1000 compun-

745 999 1331 1069 gentunsermonesgebennaeaudientes.

746 1068 821 1125 Nihil
841 1068 918 1125 enim
935 1069 1132 1127 delectabilius
1150 1079 1194 1127 est
1214 1070 1335 1142 disposi-

747 1139 902 1208 timebas,
920 1157 1010 1211 quare
1026 1142 1078 1197 bac
1104 1142 1173 1198 nihil
1197 1143 1333 1200 amarius.

748 1211 895 1270 Convertit
918 1214 993 1268 enim
1021 1212 1132 1269 animas
1163 1220 1286 1283 nostras,
1307 1220 1336 1271 et

748 1282 1337 1356 erigitintellectum,etpernioiosamoon·

748 1354 988 1425 cupiscentiarum
1016 1355 1236 1427 captivationem
1263 1372 1336 1430 pro—

745 1425 819 1499 jicit,
836 1433 864 1482 et
878 1426 1021 1483 medicina
1037 1427 1121 1484 nobis
1140 1429 1201 1485 baec
1218 1429 1261 1485 tit.
1277 1430 1336 1485 Ex-

748 1500 907 1581 eogitemus
922 1497 1010 1569 igitur
1026 1509 1055 1554 et
1073 1498 1220 1557 mittamus
1233 1499 1336 1572 prinoi-
1435 1561 1439 1567 ,

747 1585 827 1641 pium
843 1570 888 1626 rel
908 1586 993 1636 nuno,
1015 1574 1044 1627 et
1066 1570 1171 1627 ostium
1191 1572 1336 1643 poeniten-

748 1641 816 1710 tiae;
837 1648 866 1697 et
885 1640 925 1698 sio
944 1645 1096 1714 tangamus
1117 1643 1192 1700 riam
1216 1647 1335 1700 arctam.

749 1716 899 1784 Usquequo
920 1712 1046 1783 lascivia,
1062 1729 1210 1787 usquequo
1235 1713 1336 1771 remis·

748 1784 815 1841 sio‘l
830 1787 890 1841 Non
904 1784 1014 1857 impleti
1040 1801 1138 1843 sumus
1158 1785 1337 1858 pigritantes,

749 1855 923 1924 deridentes,
950 1857 1119 1914 tardantes?
1147 1860 1208 1914 Non
1237 1858 1337 1914 eadem

749 1944 849 1985 rursus
870 1934 954 1984 erunt
975 1944 1075 1985 mensa
1093 1933 1122 1985 et
1145 1928 1294 1995 saturatio,
1310 1931 1339 1984 et

750 1999 1022 2070 superabundantia,
1039 2005 1067 2056 et
1081 2000 1221 2072 pecuuiae,
1235 2008 1263 2057 et
1275 2015 1339 2072 pos·

751 2070 905 2138 sessiones,
925 2076 953 2127 et
980 2072 1192 2128 fabricationes.
1218 2073 1251 2127 Et
1275 2069 1339 2142 quis

751 2141 836 2198 finis?
858 2141 944 2207 cinis,
961 2148 988 2198 ot
1010 2143 1110 2215 pulvis,
1127 2149 1155 2200 et
1178 2144 1337 2216 sepulchra,

750 2219 777 2270 et
789 2230 909 2270 vermes.
922 2215 1111 2272 Ostendamus
1126 2214 1222 2287 itaque
1236 2228 1338 2273 novam

751 2285 904 2356 quamdam
935 2286 1031 2356 viam,
1061 2286 1199 2344 iaciamus
1231 2293 1338 2344 terram

751 2359 871 2424 ooelum;
887 2364 915 2415 et
928 2357 1045 2415 omnino
1060 2375 1242 2416 assumamus
1251 2357 1338 2414 virtu·

752 2435 820 2498 tem,
850 2434 882 2485 ut
904 2430 1005 2487 tuturis
1028 2431 1170 2503 potiamur
1196 2429 1280 2488 bonis
1298 2446 1337 2486 :o

753 2502 814 2559 hmo
831 2502 1047 2572 chrysostomus.

664 2661 792 2721 ORATIO

142 2815 262 2876 Domine
275 2819 345 2876 lesu
372 2817 493 2886 Christe,
519 2815 653 2889 Magister
670 2816 756 2885 bone,
787 2814 830 2871 iao
849 2826 960 2895 meeum
979 2810 1092 2885 signum
1108 2813 1207 2888 gratias
1230 2817 1287 2873 luae
1307 2813 1340 2872 in

106 2889 227 2959 bonum,
240 2896 270 2948 ut
284 2906 330 2948 me
354 2892 490 2948 miserum
513 2906 596 2961 quem
612 2893 689 2946 cetus
709 2893 738 2946 et
752 2889 837 2944 draeo
853 2884 901 2942 ille
918 2900 1040 2958 magnus
1055 2886 1202 2945 absorbuit
1215 2885 1340 2960 peccatis

107 2961 304 3036 spiritualibus
324 2967 353 3020 et
376 2961 540 3020 carnalibus
558 2966 703 3033 tamquam
727 2958 827 3019 diebus
842 2962 872 3040 et
884 2959 1025 3030 noctibus,
1041 2965 1068 3017 et
1090 2961 1143 3017 hoo
1156 2957 1257 3029 tribus,
1274 2960 1341 3032 quia

106 3049 262 3103 consensu,
277 3039 305 3092 et
326 3050 422 3108 opere,
438 3049 472 3092 ao
491 3033 709 3102 consuetudine,
728 3035 760 3090 tu
776 3029 1000 3088 misericorditer
1012 3032 1049 3088 de
1062 3031 1191 3089 lancibus
1215 3032 1277 3103 ejus
1296 3029 1341 3088 di-

108 3105 207 3234 {neris
231 3106 363 3164 liberare.
379 3108 433 3164 Fac
447 3104 532 3163 etiam
548 3122 593 3162 me
607 3103 752 3179 preterita
775 3108 893 3176 peccata
906 3101 1052 3174 plangore,
1076 3107 1105 3159 et
1119 3105 1214 3161 lutura
1228 3117 1339 3159 cavere.

131 3176 225 3234 asicea
240 3194 285 3235 me
302 3179 338 3235 ab
354 3179 473 3236 humore
488 3176 772 3250 concupiscentiae‚ut
787 3174 910 3246 quietem
924 3190 981 3229 non
991 3173 1224 3254 inveniatinme;
1236 3172 1342 3230 munda

108 3264 156 3306 mo
175 3249 268 3320 scopis
284 3249 469 3307 consessionis
489 3249 651 3307 anitiorum
667 3246 809 3315 sordibus,
823 3251 852 3301 et
868 3259 939 3301 orna
953 3259 999 3300 me
1013 3244 1089 3301 reris
1107 3244 1283 3303 virtutibus:
1303 3257 1341 3299 ns

109 3335 157 3378 me
174 3321 289 3379 abonis
301 3327 451 3380 secantem
465 3319 602 3394 inveniat,
616 3323 645 3377 et
661 3318 762 3377 iterius
777 3330 895 3391 peccam
909 3314 1005 3375 faeiat.
1021 3316 1123 3375 tmen.

583 3636 720 3711 CAPUT
738 3635 858 3708 LXXV

151 3878 191 3924 bit
208 3879 339 3926 trutines:
356 3879 455 3928 vocati
466 3878 504 3924 DE
517 3876 616 3924 uuest
632 3873 838 3932 exromanus,
853 3873 891 3919 Ac
912 3873 950 3918 DE
964 3872 1067 3920 HATRE
1085 3873 1123 3920 ltu
1139 3871 1305 3920 ratramus

511 3977 618 4027 nolllttl
638 3975 703 4020 Eli!
719 3973 947 4028 annuntiamus.

485 4137 584 4197 Matth.
600 4151 663 4210 cap.
680 4135 730 4191 x11
745 4136 773 4190 et
788 4133 854 4190 Lue.
868 4148 931 4207 cap.
948 4133 984 4190 lll

154 4341 165 4376 1
190 4317 337 4374 Launarun
359 4316 493 4375 (lanisrus
514 4335 532 4374 a
555 4318 703 4374 Mandrum

112 4393 253 4450 Eccuasia
274 4405 362 4448 amuli
386 4405 518 4447 nasama.
535 4417 569 4432 ·-
590 4391 704 4447 Factum

758 4317 798 4368 est
820 4315 923 4381 autem,
942 4326 1003 4367 eam
1026 4305 1166 4366 pominus
1183 4307 1268 4364 lesus
1291 4305 1347 4362 bae

760 4384 873 4449 diceet,
897 4380 1077 4455 respondens
1094 4376 1279 4453 blasphemiis
1295 4379 1346 4435 tu·
