2880 4942
327 357 390 441 'be
417 386 621 443 scalditum
648 389 874 445 rusrltlrlru
901 387 1101 442 Junaouuu.
1297 388 1343 443 tm

115 496 253 561 (suuntur,
269 506 333 547 curn
352 492 388 547 de
403 491 464 563 ipso
477 492 528 549 Dei
542 492 614 550 Filio
629 493 699 552 talia
753 492 1341 566 unamtestivitatemappellaveramutlcta-

115 561 310 633 loquerentur.
339 563 417 620 Unde
437 563 477 619 ait
495 565 670 633 depectimus
690 584 697 623 ε
752 565 1340 642 vosautemdiesdeiutegritateScenope-

116 654 130 685 u
145 636 185 690 lle
200 637 331 691 omnibus
346 634 436 691 servis
454 637 517 693 e'us
541 636 699 708 intelligen·
753 638 806 709 giar
822 654 880 694 uon
895 642 966 706 erat,
982 641 1010 692 et
1024 642 1121 695 tamen
1132 644 1208 696 totus
1221 640 1341 698 celebris

114 705 182 762 dum
209 708 262 762 boc
279 706 383 762 dicitur
412 653 507 763 morio.
524 707 699 781 Quicumque
755 709 896 766 manebat.
919 707 1016 765 Flebat
1032 709 1153 766 enimin
1172 728 1207 767 eo
1222 712 1340 772 collecta

113 778 277 904 apparuerit
288 780 317 834 iu
334 778 431 850 aliqua
446 778 538 850 gratia
547 780 698 852 spirituali,
754 781 788 838 ad
803 795 1042 853 opuspauperum
1054 798 1061 850 ;
1075 788 1104 838 et
1116 781 1144 837 in
1155 783 1341 842 necessitates

111 849 160 904 air
186 848 313 907 dicunt:
341 853 437 906 Bonus
451 859 514 918 estr
541 852 698 923 aliitb'on,
755 852 869 908 labricae
894 858 980 924 atque
1012 852 1177 911 utensilium
1202 857 1274 928 ejus.
1307 858 1341 914 Et

112 920 163 976 sed
176 922 286 977 seducit
303 924 412 978 turbas.
433 923 514 989 Quod
533 923 638 980 dictum
658 930 700 981 est
754 924 869 996 quidam
888 923 923 980 de
942 924 1026 980 turba
1043 923 1174 983 dicebant
1192 942 1259 983 eum
1273 944 1340 985 vere

112 1008 180 1063 ergo
196 993 232 1049 de
251 993 383 1061 Domino,
399 992 473 1049 valet
489 994 525 1050 ad
542 995 700 1052 consolati·
755 994 1124 1067 Prophetamethristum.
1138 997 1195 1054 Alii
1205 998 1339 1056 dicebant

112 1079 198 1120 onem
220 1070 358 1130 nostram,
383 1065 418 1121 de
443 1081 622 1137 quocumque
646 1068 700 1124 hoc
754 1082 819 1123 eum
839 1067 944 1123 babere
962 1067 1146 1135 daemonium,
1167 1069 1243 1140 quod
1263 1076 1341 1143 patet

113 1133 220 1190 dictam
237 1135 512 1193 luerithristiano:
534 1157 547 1188 r
563 1137 625 1193 baec
638 1140 698 1195 Aa·
755 1137 905 1194 manifeste
920 1137 1032 1203 salsum,
1052 1139 1120 1209 quia
1136 1139 1279 1198 daemonia
1292 1158 1340 1199 ex·

113 1209 250 1276 quatinus.
264 1207 329 1276 Sed,
339 1207 361 1263 si
373 1209 444 1264 bene
457 1208 700 1280 consideras,baec
754 1209 933 1281 pellebantur
950 1224 1002 1281 per
1016 1209 1119 1281 ipsum.
1135 1211 1272 1268 Dominus
1291 1229 1340 1270 au·

114 1277 253 1333 malorum
267 1278 414 1352 derogatio
427 1281 634 1336 commendatio
646 1287 698 1339 est.
755 1287 811 1337 tem
836 1297 892 1337 uon
920 1283 1061 1348 turbatus,
1092 1282 1143 1339 sed
1169 1285 1340 1355 tranquillus

115 1350 193 1404 Unde
207 1350 372 1419 Greporius:
387 1374 401 1403 ι(
415 1351 535 1408 Stultum
549 1351 630 1409 valde
645 1360 698 1424 est,
753 1369 810 1409 non
824 1352 949 1408 reddidit
963 1353 1143 1410 maledictum
1177 1371 1209 1411 ro
1223 1354 1340 1412 maledi·

114 1419 137 1474 si
156 1420 211 1476 iltis
232 1422 343 1493 placere
357 1423 523 1493 quaerimus,
544 1440 615 1494 quos
640 1442 698 1482 non
753 1428 817 1492 clo,
835 1424 885 1480 sed
898 1423 1019 1480 dulciter
1030 1430 1057 1481 et
1072 1370 1183 1496 plac-ilie
1195 1425 1339 1483 adomnia

112 1492 225 1563 placere
258 1496 315 1549 Deo
347 1493 463 1550 scimus.
494 1496 697 1553 Perversorum
753 1495 908 1566 respondit.
926 1497 1209 1566 luquo,secundum
1224 1499 1337 1567 Bedam,

110 1569 207 1619 autom
223 1564 381 1635 derogatio,
399 1565 580 1622 vitaenostrae
596 1583 697 1640 appro·
753 1566 834 1624 nobis
860 1565 1004 1638 patientiae
1028 1566 1142 1638 reliquit
1166 1569 1336 1642 exemplum,

111 1633 204 1716 batio;
227 1634 294 1706 quia
317 1637 376 1762 {laur
404 1637 564 1693 ostenditur
588 1638 696 1709 aliquid
752 1643 783 1693 ut
798 1638 910 1709 qrroties
931 1637 1013 1695 nobis
1028 1639 1174 1710 abaliquo
1189 1639 1259 1697 salsa
1285 1642 1336 1698 ob·

106 1706 226 1776 Justrliae
246 1723 297 1763 nos
340 1709 435 1772 abere,
456 1707 696 1782 silllisdisplice-
748 1708 884 1781 jiciuntur
917 1709 1050 1779 convitia,
1072 1710 1213 1782 patienter
1235 1711 1338 1770 tolere-

110 1777 317 1850 reincipimus,
333 1784 379 1851 qul
404 1795 462 1836 non
487 1780 598 1850 placent
626 1786 693 1840 lreo.
751 1797 832 1849 mus;
850 1787 878 1837 et
896 1798 962 1838 vera
973 1797 1036 1851 quae
1050 1797 1204 1853 possumus
1218 1799 1273 1840 non
1288 1785 1337 1841 ob

111 1850 236 1905 inomni
262 1850 348 1922 igitur
365 1852 442 1922 quod
466 1851 501 1907 de
523 1852 606 1909 uobis
625 1853 694 1910 diei·
747 1852 891 1923 jiciamus,
907 1853 956 1908 sed
973 1853 1111 1909 salutaria
1136 1853 1245 1910 monita
1264 1871 1338 1926 prae·

109 1925 166 1988 tur,
183 1937 296 1994 semper
308 1922 392 1979 tacite
405 1939 551 1980 recurrere
564 1925 599 1979 ad
615 1941 693 1982 men·
750 1923 887 1980 dicemus.
904 1927 939 1979 Et
962 1926 1120 1993 quaerebant
1133 1927 1337 1997 apprchendere

110 1996 166 2047 lem
183 1993 330 2062 debemus,
349 1994 513 2051 interiorem
538 2001 639 2052 testem
666 2005 694 2054 et
749 2011 809 2050 eum
823 1995 859 2050 ad
867 1994 1123 2063 occidendum,sed
1137 1995 1259 2068 repressi
1268 2003 1336 2053 sunt

107 2063 232 2133 jndicem
249 2082 389 2136 qrraerere.
401 2067 473 2134 Quid
485 2066 561 2122 enirn
578 2069 692 2138 prodest
749 2065 844 2122 divine
855 2065 958 2123 virtute
969 2083 976 2133 ;
986 2072 1012 2121 et
1023 2083 1099 2122 nemo
1110 2070 1186 2123 misit
1200 2073 1336 2124 monasio

109 2136 131 2191 si
158 2152 260 2192 omnes
282 2138 409 2207 laudent,
426 2153 489 2194 curn
517 2138 692 2196 conscientia
747 2139 838 2206 illum,
853 2141 920 2208 quta
935 2137 1264 2211 nibil-lacerepoteranl,
1280 2139 1334 2197 nisi

108 2209 302 2275 accuset‘ldt,
320 2210 386 2280 quid
406 2208 510 2281 poterit
532 2213 644 2282 obesse,
667 2212 691 2269 si
747 2209 1116 2282 quantumetquandoipse
1131 2210 1333 2282 permittebat;

108 2294 208 2335 omnes
227 2281 375 2352 derogent,
391 2286 421 2338 et
432 2281 493 2338 sola
518 2282 692 2340 conscientia
745 2282 866 2336 nondum
882 2280 958 2337 enim
973 2288 1083 2337 aenaot
1098 2284 1166 2337 tora
1180 2282 1247 2352 ejus.
1257 2282 1335 2340 idest

107 2350 267 2408 delendat‘l
285 2374 298 2405 n
315 2353 392 2410 Unde
407 2359 435 2410 et
454 2356 563 2410 Boetius
580 2372 587 2410 :
603 2357 689 2412 ulta-
745 2353 780 2408 ab
795 2369 829 2409 eo
840 2352 971 2409 ordinata
985 2352 1020 2409 de
1030 2352 1161 2425 captione
1169 2369 1229 2410 sua.
1240 2354 1333 2411 Voluit

107 2437 163 2493 que
180 2423 249 2479 nibil
274 2429 318 2481 est
343 2426 419 2497 quod
442 2424 604 2494 admireris,
618 2426 641 2482 si
660 2426 690 2484 in
745 2423 831 2494 enim,
847 2424 993 2496 premissa
1012 2426 1097 2496 longa
1120 2424 1332 2507 serienpraeco—

106 2494 161 2550 boc
176 2494 240 2551 vitae
255 2496 327 2565 salo,
339 2496 585 2553 circumdantibus
599 2497 689 2570 agite·

106 2582 172 2622 mur
197 2567 340 2639 procellis,
357 2566 460 2639 quibus
487 2568 540 2623 hoc
568 2568 689 2626 maxime

104 2652 156 2708 pro
178 2639 282 2695 ositum
297 2645 340 2695 est
354 2638 485 2711 pessimis
496 2639 656 2711 displicere.
673 2662 687 2693 »

104 2654 185 2766 Uncfe
214 2711 300 2767 etiam
326 2713 456 2768 Seneca:
485 2732 499 2764 a
525 2713 593 2767 lam
607 2718 689 2785 turpe

105 2789 147 2837 est
164 2781 273 2838 laudari
291 2800 308 2839 a
323 2781 463 2854 turpibus,
480 2798 564 2855 quam
588 2783 687 2841 lauda-

104 2851 129 2909 ri
155 2855 192 2909 ob
216 2853 317 2926 turpia.
339 2855 382 2910 vel
408 2870 469 2910 esse
486 2862 607 2926 turpem.
626 2858 689 2913 »Et

104 2924 208 2981 iterum
235 2944 275 2981 r«
293 2928 381 2982 Nemo
401 2925 469 2982 milri
491 2926 555 3009 plus
578 2925 689 2984 videtur

104 2995 688 3070 aestimarerirtntem,nemortlomagisde·

102 3074 290 3141 votus,qu
304 3085 351 3141 qur
370 3069 436 3125 boni
447 3069 499 3125 riri
511 3070 615 3126 lamam
626 3087 688 3142 per·

103 3139 186 3208 didit,
198 3156 236 3197 ne
250 3140 451 3197 conscientiam
467 3142 608 3213 perderet.
626 3144 688 3198 llo-

103 3216 185 3268 nesla
195 3213 340 3284 turpitudo
353 3219 397 3270 est
408 3228 459 3285 pro
472 3216 546 3270 bona
555 3228 658 3269 causa:
672 3233 686 3267 a

103 3283 164 3340 baee
183 3286 292 3342 Seneca.

139 3359 156 3411 8
188 3358 238 3412 Dra
269 3373 350 3411 resno
380 3373 524 3426 uenraurn,
550 3357 687 3413 Cunrsruu

103 3444 191 3484 rauna
205 3445 366 3490 uooueureu
378 3426 464 3484 Junnr
478 3444 688 3484 nrrnsncnnemr

100 3516 217 3558 vonnnr.
228 3502 330 3555 —Jam
340 3500 481 3555 autemdic
487 3501 557 3567 sesto
567 3500 687 3555 median·

101 3576 138 3641 te,
153 3571 182 3628 id
197 3571 284 3628 estin
299 3569 393 3628 medio
416 3570 614 3633 solemnitatis,
631 3569 686 3627 sci·

100 3641 167 3699 licet
184 3643 230 3699 dio
247 3649 360 3715 quarta,
375 3643 488 3713 quando
504 3641 588 3699 etiam
612 3644 687 3700 Deus

99 3714 136 3771 ab
155 3713 238 3771 initio
254 3715 353 3772 nruudi
364 3730 513 3771 coruscare
525 3712 684 3771 secitlumi·

100 3786 183 3843 uaria
194 3789 222 3842 in
239 3786 328 3856 coelis,
343 3787 468 3843 ascendit
482 3789 560 3842 Jcsas
575 3788 605 3842 in
623 3791 688 3842 term

97 3860 179 3930 plum
193 3858 313 3931 publice,
327 3859 393 3931 quia
402 3857 441 3914 ibi
452 3863 513 3915 erat
527 3858 605 3915 locus
614 3873 689 3915 com-

101 3929 196 3986 munis
215 3935 297 4000 aptus
321 3931 477 3997 doctrinae;
508 3936 533 3986 et
563 3929 686 3997 docebat,

101 4001 169 4072 quia
184 4001 212 4057 in
232 4001 372 4074 principio
388 4002 462 4070 l'esti,
479 4001 524 4058 his
541 4017 604 4072 qum
624 3999 688 4056 sesti

100 4078 183 4130 erant
193 4074 283 4145 magis
292 4073 485 4141 intendebant,
496 4080 526 4130 et
538 4073 602 4128 idco
615 4077 689 4144 post·

101 4160 136 4201 ea
151 4145 294 4202 Clrrislum
305 4144 453 4201 docentem
463 4144 598 4201 attentius
612 4142 690 4200 audi·

102 4217 199 4273 ebant.
218 4215 404 4287 Evangelistae
422 4217 591 4288 quaudoque
611 4230 689 4271 more

102 4289 266 4345 Judaeorum
284 4289 345 4344 dies
362 4293 480 4359 septem,
492 4288 594 4359 quibus
614 4287 689 4343 celc-

101 4359 192 4418 britas
209 4360 342 4430 durabat,
359 4359 435 4417 diem
450 4359 553 4418 testum
572 4364 690 4433 propter

745 2496 1332 2568 num,opportunotemporenascretsimi·

744 2565 819 2635 liter,
836 2567 989 2637 praedicato
1004 2566 1155 2639 Evangelio
1170 2573 1331 2639 opportuno

744 2642 871 2709 tempore
887 2638 968 2694 mori.
984 2640 1068 2694 nutri
1082 2645 1173 2694 autem
1188 2641 1221 2694 de
1238 2640 1330 2709 turbe,

745 2708 866 2765 humiles
880 2715 909 2766 et
922 2724 1072 2782 pauperes,
1087 2709 1290 2783 predicatione
1304 2716 1333 2767 et

745 2779 889 2837 miraculis
911 2783 973 2852 ejus
996 2781 1077 2849 moti,
1103 2783 1278 2838 crediderant
1299 2784 1330 2839 in

744 2868 814 2921 eum,
826 2854 913 2909 verba
923 2862 950 2909 et
962 2852 1037 2910 lacta
1049 2853 1110 2936 eJ'us
1120 2853 1330 2925 glorificantem

744 2940 800 2980 non
820 2924 887 2981 dicit
900 2926 935 2981 de
951 2922 1128 2998 principibus
1144 2925 1331 3009 :quiaquan-

743 3000 772 3053 to
789 2997 911 3069 majores
927 3001 1018 3063 erant,
1034 3004 1113 3054 tanto
1135 2998 1225 3069 magis
1247 3013 1326 3053 msa-

743 3067 870 3125 niebant.
894 3071 931 3124 Et
952 3069 1104 3124 dicebant:
1127 3071 1252 3126 Christus
1267 3085 1328 3125 cum

742 3143 858 3208 uenerit,
877 3141 1014 3209 numquid
1037 3142 1123 3210 ptura
1146 3143 1227 3208 sipnn
1242 3142 1328 3208 faciet

743 3226 827 3280 quam
842 3225 902 3279 paae
916 3212 960 3265 bic
975 3213 1054 3272 facit.
1067 3211 1225 3266 Audieram
1238 3217 1330 3266 orarem

742 3279 885 3352 principes
908 3285 937 3335 et
960 3282 1096 3335 Plrnrr‘saer‘
1110 3281 1218 3336 turbam
1232 3282 1266 3336 de
1278 3283 1329 3337 ttto

741 3364 958 3406 murmurantem
978 3353 1042 3415 dac,
1062 3350 1138 3407 bona
1163 3350 1280 3419 seilicet,
1301 3355 1330 3407 et

742 3438 807 3478 eum
823 3421 1029 3492 glorificantem
1044 3428 1153 3478 secreto
1168 3439 1175 3476 :
1192 3423 1259 3492 quia
1271 3425 1329 3478 tur·

742 3493 786 3550 bae
815 3509 872 3549 non
893 3493 1038 3549 audebant
1065 3492 1195 3549 confiteri
1220 3492 1328 3563 palum;

742 3564 894 3621 audierunt
910 3573 937 3620 et
947 3573 1063 3636 propter
1072 3565 1230 3621 contrarias
1243 3565 1279 3620 de
1295 3581 1328 3621 eo

742 3635 901 3707 opiniones,
920 3636 1123 3693 dissensionem
1144 3635 1172 3692 in
1189 3637 1272 3693 turba
1288 3636 1329 3693 la-

742 3712 828 3763 etam.
844 3710 881 3764 Et
902 3706 1108 3773 tunc,.invidia
1126 3711 1259 3765 commoti
1274 3711 1327 3765 mi·

742 3782 939 3851 seruntpm'nci
960 3782 1166 3837 esetl’lrnrtsaei
1176 3783 1327 3849 ministros,

742 3850 850 3907 seilicet
869 3796 1004 3908 satelsites
1027 3852 1171 3920 Praesidis,
1199 3867 1270 3922 quos
1292 3853 1327 3907 ad

742 3923 797 3979 boc
820 3925 1026 3991 conduxerunt,
1042 3929 1073 3979 at
1088 3941 1149 3980 eum
1173 3924 1328 3994 approben-

743 3996 846 4050 dcrent.
859 3997 920 4050 Non
936 4000 1001 4051 sunl
1016 3997 1076 4050 ausi
1088 3993 1277 4066 personaliter
1287 3993 1328 4050 irc

743 4065 779 4122 ad
796 4065 962 4137 capiendum
987 4067 1139 4129 Christum,
1157 4065 1259 4121 timore
1273 4069 1330 4122 tur·

744 4138 859 4206 barum3
879 4140 927 4194 sed
940 4139 1078 4192 miserunt
1091 4135 1245 4205 ministros,
1253 4140 1328 4192 tam-

745 4224 829 4281 qunm
850 4209 982 4280 periculis
997 4207 1149 4279 expositos,
1165 4207 1233 4278 quia
1258 4208 1329 4264 tales

744 4295 872 4351 personae
903 4296 955 4352 pro
981 4278 1072 4351 pretio
1096 4293 1155 4335 uon
1179 4277 1281 4335 timent
1295 4296 1327 4337 se

743 4351 878 4425 periculis
893 4366 1042 4424 exponere.
1063 4349 1118 4425 Ipsi
1136 4349 1250 4424 quidem
1265 4366 1325 4410 ma·
