2880 4942
249 323 291 378 Dii
318 324 383 377 bort
410 324 558 380 stultat
584 326 694 381 DDRl'D
721 327 761 380 Π
788 323 999 379 tonstrinas
1026 321 1184 381 suniero.
1304 327 1336 381 55

102 430 167 492 dito
197 431 334 504 ercipitis,
350 434 500 504 predicate
515 450 602 506 opere
617 450 693 492 com-
747 435 844 518 utique
860 435 967 493 erimus
982 432 1061 505 digni
1081 432 1113 489 in
1136 448 1206 505 pace
1230 432 1335 493 molliti

99 448 207 580 pientio
227 504 390 576 existentes,
405 522 487 577 saper
506 511 586 570 iectu,
602 506 631 562 id
649 513 693 564 est
748 504 1333 578 etpigritantes?Nullodeniquebellante,

102 591 226 650 corpora
244 583 350 642 vestra,
367 593 429 648 qnae
445 583 512 633 sunt
530 576 692 636 animarum
746 579 916 646 occidimur;
933 578 1010 635 nullo
1024 583 1221 703 persequente,
1236 577 1336 634 dissol-

101 647 259 707 domicilia.
277 648 338 715 Vel,
354 650 427 718 qnod
443 650 504 705 dico
518 651 595 704 vobis
612 654 642 705 in
656 656 693 707 te-
745 651 851 708 rimur!
867 651 896 707 ln
906 667 976 723 pare
989 665 1020 705 sa
1034 646 1092 704 vari
1101 646 1184 719 jussi,
1197 653 1224 704 et
1240 663 1334 720 neque

101 721 206 789 nebris,
225 720 309 775 dieite
327 724 357 774 tn
376 722 487 783 lumine,
502 720 530 776 id
552 726 596 777 est
615 723 691 792 quod
745 724 798 779 hoc
815 723 980 793 pos-umusl
998 721 1066 788 Quae
1082 719 1170 790 igitur
1184 719 1268 776 nobis
1284 736 1332 777 ve·

102 790 212 850 auditis
241 791 270 847 in
297 792 429 862 mysterio
444 797 471 848 et
486 791 514 847 in
528 791 690 862 aenigmate,
745 794 817 851 nia?
832 794 892 849 Non
908 792 1031 865 flagella,
1048 806 1104 847 non
1117 806 1257 857 carceres,
1274 807 1333 849 nou

104 862 259 936 praedicate
275 862 405 934 apertius
429 869 458 919 et
479 862 627 919 manifeste
642 882 649 932 ;
666 871 691 920 et
744 865 895 938 principes,
913 882 970 921 non
987 878 1149 945 synagoga,
1176 878 1233 918 non
1251 861 1333 921 aliud

104 935 180 1007 quod
192 938 299 990 moure
313 936 429 1002 auditis,
445 936 594 1006 predicate
607 952 691 1007 super
744 936 851 1008 aliquid
870 937 967 993 talium
990 935 1130 1002 imminet,
1150 934 1200 990 sed
1219 940 1248 989 et
1262 950 1331 991 con·

102 1010 186 1075 tecta
206 1003 236 1061 id
264 1012 307 1061 est
336 1007 411 1076 qnod
440 1022 490 1061 ros
513 1006 634 1072 erudivi,
661 1007 691 1063 in
744 1007 865 1065 tracium
888 1007 1063 1064 universum.
1084 1007 1140 1061 lios
1165 1020 1329 1075 regnamus,

101 1077 224 1162 parvulo
238 1078 345 1134 Judaeae
364 1079 436 1145 loco,
451 1078 588 1133 audacter
606 1077 691 1135 dicite
744 1080 848 1136 etenim
880 1081 972 1150 Reges
994 1077 1032 1150 pii
1061 1082 1136 1143 sont,
1154 1083 1183 1132 et
1207 1079 1332 1134 honores

101 1164 136 1206 sn
151 1152 211 1205 toto
234 1149 348 1204 mundo.
366 1148 426 1206 Vel.
443 1150 517 1219 quod
537 1150 597 1204 dico
614 1151 691 1205 vobis
745 1150 826 1207 multi
846 1157 912 1207 sunt
931 1146 1121 1215 Christianis;
1138 1152 1167 1203 et
1183 1163 1275 1216 neque
1291 1146 1331 1205 ita

104 1223 137 1278 in
165 1220 292 1282 tenebris,
312 1219 340 1275 id
362 1226 403 1275 est
426 1219 453 1275 in
472 1219 540 1276 locis
560 1220 690 1291 privatis,

105 1291 192 1348 dicite
204 1293 233 1346 in
249 1292 359 1357 iumine,
377 1291 405 1346 id
417 1297 460 1347 est
474 1291 501 1346 in
519 1290 587 1347 locis
601 1292 691 1363 publi·

101 1360 145 1420 cis
172 1367 201 1418 et
222 1362 436 1430 communibus;
485 1362 532 1419 uia
562 1363 690 1432 Apostoli

101 1437 215 1507 postea,
231 1432 261 1488 in
276 1435 381 1505 palam,
397 1379 501 1506 popiio
517 1435 689 1506 praedicave-

101 1509 172 1562 runt
186 1520 231 1573 ea,
240 1521 304 1574 uuae
320 1521 449 1561 seorsum
461 1521 478 1561 a
492 1505 604 1563 Christo
616 1506 689 1563 didi·

101 1582 221 1645 cerunt;
246 1582 271 1631 et
291 1578 365 1646 quod
384 1581 414 1631 in
439 1594 505 1632 aare
524 1580 640 1647 auditis,
660 1577 688 1634 id

100 1653 146 1706 est
167 1646 197 1703 in
218 1653 338 1718 secreto,
355 1647 419 1716 soli,
437 1650 587 1720 praedicate
607 1666 691 1721 snper

101 1723 185 1783 usin,
201 1718 230 1775 id
246 1726 290 1774 est
304 1719 418 1791 publice
432 1736 527 1776 coram
544 1720 688 1789 omnibus,

100 1789 173 1848 nulli
202 1791 411 1848 abscondentes
437 1793 573 1860 verbum,
605 1792 688 1863 quasi

102 1861 168 1934 quis
185 1867 240 1918 stet
254 1877 341 1934 super
360 1867 475 1929 tectum,
494 1868 523 1918 et
542 1862 645 1919 clamet
658 1864 688 1920 in

101 1933 257 2006 publicum.
274 1936 307 1988 Et
322 1934 447 2005 loquitur
458 1935 615 1990 secundnm
631 1951 690 1991 mo·

102 2004 220 2062 dumio
243 2004 405 2073 Palaestina,
430 2005 477 2061 ubi
507 2006 609 2061 domus
630 2021 688 2061 non

101 2075 212 2134 habeut
227 2082 301 2132 tecta
315 2075 504 2143 cacuminata,
521 2077 571 2132 sed
587 2076 686 2147 piana3

101 2152 132 2206 et
145 2146 185 2204 ihi
201 2147 332 2204 solebant
346 2163 495 2204 sermones
512 2147 575 2203 fieri
590 2149 626 2203 ad
641 2164 689 2220 po-

98 2218 200 2294 pulum
215 2217 332 2275 interius
351 2217 380 2274 in
397 2225 474 2275 terra
488 2219 622 2291 positum.

140 2311 169 2347 ιι
195 2291 320 2347 Pronum
342 2308 448 2346 sosrna
468 2309 566 2347 usniro
587 2308 688 2346 seras·

98 2376 247 2419 urrunnun.
269 2395 302 2404 -
315 2362 473 2419 Considera
486 2362 545 2431 bic,
561 2362 630 2433 quia
644 2363 688 2418 di·

100 2431 203 2505 scipuli
225 2432 338 2490 Domini
359 2440 538 2505 exponuntur
554 2449 686 2505 persecu·

745 1237 921 1293 superamus.
939 1222 967 1277 Si
990 1219 1079 1290 igitur
1098 1218 1179 1274 fieret
1199 1217 1331 1289 praelium

745 1292 935 1349 Ecclesiarum
960 1296 989 1348 et
1008 1288 1180 1363 persecutio,
1202 1288 1332 1358 excogita

745 1371 852 1436 quanta
871 1370 946 1420 esset
964 1361 1080 1428 derisio,
1101 1365 1208 1432 quanta
1225 1375 1330 1431 oppro-

744 1436 825 1492 brial
845 1439 876 1490 Et
894 1436 974 1491 valde
1001 1435 1147 1493 decenter,
1163 1447 1227 1486 cum
1252 1431 1330 1489 enim

743 1507 772 1563 in
793 1508 925 1579 palaestra
951 1507 1044 1563 nullus
1062 1502 1243 1570 exercitatur,
1261 1518 1331 1573 qua·

743 1578 852 1635 lilerio
867 1595 957 1652 agone
977 1577 1030 1635 erit
1045 1575 1158 1633 clarus?
1178 1577 1226 1631 Sta
1242 1573 1332 1645 igitur

743 1651 879 1706 adversus
900 1650 1057 1721 passiones,
1078 1649 1121 1704 ier
1145 1646 1251 1703 utiliter
1277 1647 1330 1728 do3

743 1722 819 1778 lores
844 1721 891 1794 qui
920 1728 986 1778 sunt
1017 1718 1131 1783 mentis,
1146 1725 1177 1774 ut
1204 1734 1254 1773 eos
1279 1732 1329 1788 qut

742 1799 808 1849 sunt
823 1793 950 1865 corporis
965 1791 1114 1848 sustineas.
1133 1789 1250 1870 Etenim
1263 1789 1331 1844 bea·

742 1870 788 1920 tus
811 1866 876 1931 iob,
897 1864 951 1919 nisi
974 1865 1045 1920 bene
1065 1866 1141 1917 esset
1159 1865 1331 1917 exercitatus

743 1942 810 1991 ante
825 1951 943 2006 agones,
958 1950 1012 1989 non
1028 1932 1126 2002 utique
1142 1932 1181 1986 ita
1194 1931 1288 2009 clarus
1302 1929 1330 1986 iu

743 2005 884 2077 agonibus
911 2004 1078 2070 ellnlsisset;
1101 2000 1331 2081 nisi'meditatus

746 2077 847 2132 luisset
872 2081 951 2131 extra
965 2088 1078 2130 omnem
1096 2071 1241 2127 tristitiam
1256 2086 1329 2141 esse,

745 2148 862 2205 dixisset
878 2146 973 2219 utique
983 2141 1239 2216 aliquidpertinan‚
1255 2157 1329 2224 nunc

743 2226 838 2276 autem
867 2220 901 2275 ad
931 2220 1028 2275 omnia
1053 2215 1132 2272 stetit
1161 2220 1328 2271 certamina.

745 2295 821 2347 lianc
840 2291 926 2364 igitur
939 2287 1144 2353 tortitudinem,
1160 2286 1234 2342 banc
1251 2301 1331 2342 man·

742 2363 944 2432 suetudinem,
969 2367 997 2417 et
1022 2375 1074 2416 nos
1099 2357 1222 2414 zelemus
1252 2357 1330 2413 illius

742 2434 832 2491 sancti
844 2433 906 2500 viri,
919 2432 1044 2504 quiante
1056 2433 1156 2501 Legem
1168 2436 1197 2485 et
1207 2429 1331 2501 gratiam

100 2502 238 2573 tionibus,
261 2520 312 2560 nos
337 2511 431 2561 autem
456 2504 484 2560 in
509 2521 578 2577 pace
599 2503 686 2576 pigri·
741 2505 804 2574 luit,
816 2512 845 2561 ut
858 2505 972 2562 aeteruis
982 2519 1045 2560 cum
1058 2518 1092 2558 eo
1106 2501 1246 2573 possimus
1257 2514 1332 2555 com·

97 2578 203 2645 umus,
218 2577 424 2648 propterquod
438 2576 519 2632 venia
533 2576 612 2648 digni
631 2592 686 2632 uon
740 2576 887 2633 municare
904 2572 1096 2633 tabernaculis
1111 2589 1118 2629 :
1134 2591 1150 2622 »
1165 2572 1226 2626 bac
1245 2573 1332 2640 Cbrp·

97 2659 211 2706 minus.
228 2648 308 2704 Unde
323 2648 532 2719 chrysostomus
559 2666 565 2705 :
592 2669 603 2698 ι
627 2648 686 2715 Quo
740 2653 885 2705 sostomus.

650 2817 779 2876 ORATIO

136 2955 258 3015 Domine
286 2959 351 3015 iesu
380 2957 489 3016 Christe
512 2957 743 3027 clementissime,
758 2959 806 3031 qui
829 2957 982 3030 discipulos
1000 2960 1066 3014 tuos
1082 2954 1118 3011 ad
1137 2952 1331 3036 praeliandum

101 3033 203 3087 contra
221 3030 359 3086 mundum
375 3036 403 3086 et
421 3031 578 3101 diabolum,
596 3031 668 3087 sicut
685 3045 750 3087 oves
772 3031 847 3087 inter
862 3031 953 3103 lop0S,
971 3026 1084 3096 misisti,
1099 3031 1128 3083 et
1146 3042 1188 3082 ers
1202 3024 1332 3082 consola·

96 3098 207 3157 tionem
223 3100 420 3158 intolerantia
446 3101 661 3160 tribulationum
682 3102 849 3173 prestitisti,
867 3103 1006 3158 confirma
1027 3097 1209 3181 fragilitatem
1225 3109 1332 3176 meam,

96 3170 210 3231 etmihi
224 3178 322 3229 contra
344 3173 440 3229 mundi
460 3175 585 3245 pericula
600 3179 630 3230 et
648 3172 768 3230 insidias
780 3172 898 3241 diaboli,
914 3174 1010 3244 praebe
1022 3172 1203 3251 tirmit·atem;
1220 3165 1332 3249 custodi

99 3257 147 3301 ms
161 3244 198 3301 ab
212 3243 345 3302 hostibus
361 3244 432 3300 meis
447 3245 604 3302 visibilibus
618 3248 646 3300 et
661 3243 860 3312 invisibilibus,
876 3251 904 3300 et
921 3247 957 3299 da
972 3241 1041 3299 mibi
1054 3247 1220 3322 patientiam
1236 3255 1264 3293 in
1279 3236 1332 3292 ad·

97 3313 190 3372 versis
204 3318 235 3371 et
247 3313 490 3381 tribulationibus,
505 3324 538 3373 ut
552 3324 590 3385 te,
605 3331 699 3373 meum
714 3317 889 3383 Creatorem,
906 3330 1018 3385 semper
1036 3318 1157 3369 sentiam
1172 3325 1267 3365 meum
1282 3308 1332 3363 de·

98 3384 254 3456 lensorem,
270 3394 298 3444 et
313 3387 341 3443 in
357 3388 490 3460 praesenti
510 3387 569 3442 vila
592 3402 705 3457 semper
720 3403 737 3442 a
752 3392 780 3442 te
799 3387 943 3454 defensus,
958 3390 1022 3457 post
1039 3384 1114 3440 hanc
1133 3382 1169 3438 ad
1188 3388 1217 3436 te
1236 3393 1335 3450 perre-

96 3456 188 3530 niam,
198 3474 216 3516 a
228 3458 352 3532 peccatis
364 3459 497 3516 omnibus
510 3456 667 3515 absolutus.
678 3461 778 3515 Amen.

603 3744 741 3820 CAPUT
768 3746 838 3819 LllI

301 3932 340 3978 lits
360 3932 461 3980 HDR'I'D
481 3931 541 3979 idoli
567 3932 704 3978 rtusrtna
724 3933 763 3977 ΕΤ
784 3931 909 3979 CDDISTD
932 3930 1132 3982 densissimo·

589 4064 716 4125 Matthaei
731 4083 794 4140 cap.
814 4069 847 4126 x.

141 4251 153 4288 ι
175 4229 217 4286 Dr
234 4244 325 4286 soar:
345 4245 475 4286 consonis
498 4245 619 4286 rnorrsn
647 4247 697 4285 sax
751 4228 888 4286 Dominus
907 4224 1030 4283 excussit
1041 4218 1187 4304 discipulis
1203 4214 1343 4278 timorem

106 4317 243 4361 nuditas
267 4316 323 4359 nort
345 4318 475 4360 sisenna.
490 4331 525 4344 -
540 4302 697 4373 Postquam
750 4299 980 4374 persecutionum
996 4301 1026 4353 et
1048 4294 1186 4363 iniamiae,
1206 4305 1258 4348 seu
1279 4307 1342 4352 ma·
