2880 4942
391 338 431 392 lili
458 337 614 392 nullust]
642 337 764 391 bouill
792 337 824 391 lli
854 337 1043 394 hlutharii.
1285 336 1329 390 15³

106 447 185 506 enim
198 446 238 504 ait
248 446 410 503 Ambrosim
426 462 433 501 :
451 467 465 497 o
480 447 522 502 lta
537 443 574 501 ad
593 442 689 501 omnia

107 536 138 577 se
153 518 262 576 curavit
276 518 423 590 obsequia,
447 522 479 573 ut
493 532 546 572 nec
565 514 690 572 Lectoris

126 590 221 647 uidem
265 594 467 673 aspernaretur
508 587 645 644 officinm.
674 606 688 639 a

105 607 241 735 aonspice
267 669 353 718 ettam
377 660 520 744 quomodo
543 658 692 715 humililer

107 750 138 791 se
150 734 345 801 manifestans,
364 732 433 789 dreit
449 749 456 787 ε
473 732 561 788 Hodie
575 732 691 801 impleto

106 811 146 862 est
159 808 303 876 Scriptura
323 807 378 862 bac
393 808 424 860 iu
452 803 566 859 auribus
579 805 688 858 uestris.

105 876 186 944 Quasi
205 876 313 933 diceret
329 895 335 933 :
352 879 410 946 Ego
429 891 491 932 sum
507 874 565 943 ille,
579 872 614 930 de
634 889 690 945 quo

104 949 247 1021 Propheta
272 948 406 1020 loquitur.
442 945 540 1074 lpitur,
562 944 689 1016 exemplo

104 1035 157 1077 suo
172 1019 445 1091 approbalotsrcium
481 1015 584 1074 eoloris
597 1015 626 1072 in
637 1017 691 1072 hoc

105 1091 169 1148 loco
182 1108 189 1157 ;
203 1091 328 1146 ollicium
343 1088 466 1155 Ostiarii,
484 1087 597 1160 quando
610 1087 693 1160 ejecit

104 1162 266 1218 vendentes
280 1167 307 1217 et
315 1167 441 1217 ementes
460 1160 632 1231 detemp103
650 1158 692 1214 oi-

110 1232 208 1289 ficium
224 1233 385 1301 Exorcistae,
399 1232 543 1288 daemones
553 1231 588 1288 de
599 1232 694 1287 obses

106 1303 150 1361 sis
168 1304 335 1375 corporibus
360 1303 548 1376 expellend03
568 1301 692 1359 officinm

103 1375 248 1446 Acolythi‚
270 1376 328 1431 sive
347 1373 529 1442 ceroferarii,
549 1390 579 1432 se
596 1373 691 1430 lumen

101 1447 203 1504 mundi
226 1446 414 1515 ostendendo,
434 1450 463 1502 et
487 1446 623 1502 docendo.
647 1445 692 1502 Sic

102 1534 173 1589 ergo
197 1518 349 1574 Dominum
368 1524 492 1590 quatuor
505 1517 599 1575 officia
613 1522 692 1589 patet

100 1590 246 1647 minorum
262 1589 397 1646 Ordinum
424 1589 452 1645 iu
478 1596 600 1662 quatuor
631 1588 692 1645 suis

103 1661 241 1733 operibus
269 1663 427 1718 exercuisse
449 1665 477 1717 et
495 1663 690 1734 approbasse,

101 1739 219 1805 propter
229 1732 305 1804 quod
314 1733 417 1799 nullus,
430 1740 691 1805 quantumcumque

101 1807 140 1861 sit
156 1821 284 1875 magnus,
304 1804 389 1861 debet
403 1804 551 1876 dedignari
566 1804 692 1860 minores

105 1876 229 1932 Ordines
244 1875 397 1948 suscipere,
418 1876 462 1932 rel
485 1891 584 1933 eorum
596 1874 693 1953 olficia

107 1946 225 2018 exsequi
257 1953 286 2003 et
324 1963 456 2003 exercere
486 1964 492 2003 :
524 1962 588 2002 cnm
616 1961 692 2002 enim

107 2019 237 2078 Christus
256 2035 290 2074 ea
311 2018 477 2089 exercuerit,
494 2018 576 2074 nohis
595 2017 693 2088 utique

110 2089 226 2161 reliquit
239 2091 400 2162 exemplum
427 2094 457 2147 ut
474 2105 504 2146 se
525 2104 628 2146 namur
645 2104 692 2144 ve-

108 2162 195 2243 stigia
210 2163 271 2233 ejus
287 2179 295 2230 ;
321 2161 414 2218 omnis
429 2106 568 2234 siquidem
590 2158 693 2216 Christi

101 2239 190 2301 actio,
205 2239 303 2291 nostra
314 2239 356 2290 est
374 2233 530 2290 instructio.
541 2232 693 2289 Subdiaco

104 2311 206 2363 natum
229 2322 295 2362 vero
320 2304 455 2374 exercuit,
475 2304 591 2378 qnando
610 2306 692 2359 linteo

181 2381 250 2432 'unit
270 2393 309 2445 se,
329 2382 357 2434 et
379 2377 466 2449 pedes
489 2376 692 2450 discipulorum

118 2448 198 2516 arit;
219 2448 414 2518 Diaconatum,
440 2448 554 2531 quaudo
570 2448 598 2504 in
611 2464 693 2505 coena

104 2520 150 2579 eis
170 2520 279 2592 Corpus
304 2526 333 2576 et
351 2524 521 2593 Sanguinem
541 2535 621 2577 snum
639 2519 689 2575 mi·

108 2592 261 2661 nistravit;
278 2594 520 2664 Presbyteratum,
536 2591 649 2662 quando
664 2591 693 2646 in

107 2679 194 2722 coeua
213 2680 314 2735 panem
330 2669 359 2720 et
377 2663 473 2719 viuum
496 2661 526 2718 in
545 2665 652 2734 Corpus
666 2666 693 2718 et

104 2735 282 2806 Sanguinem
310 2751 393 2793 sunm
418 2733 550 2803 mutavil3
577 2734 692 2802 deiude,

103 2813 139 2866 ut
158 2807 296 2875 Pontifex,
312 2810 341 2862 in
358 2822 409 2863 ara
423 2805 515 2862 crucis
532 2822 562 2862 se
579 2805 690 2863 obtulit.

141 2885 158 2936 5
173 2881 290 2937 Cnursro
305 2895 484 2935 rnsuuourmr
499 2895 568 2934 ntur
591 2895 692 2934 suarm·

103 2968 165 3020 cns,
176 2968 410 3007 senunnnrzauron
422 2966 491 3007 veno
500 2952 645 3007 Pnaursm.
659 2980 689 2991 -

103 3027 143 3082 Et
158 3039 258 3088 omues,
274 3023 302 3079 id
318 3029 360 3079 est
386 3021 465 3079 multi
492 3022 527 3079 de
546 3022 622 3079 omni
640 3039 692 3094 po-

101 3094 184 3170 pulo,
209 3098 391 3150 testimouium
413 3096 459 3150 illi
483 3094 598 3163 dobant,
622 3092 694 3150 scili·

102 3172 151 3224 cet
165 3166 240 3238 quod
254 3166 303 3223 illa
318 3165 463 3238 Scriptura
477 3173 552 3222 esset
566 3166 692 3238 impleta,

104 3244 135 3296 et
173 3237 226 3295 uod
243 3238 301 3310 ipse
322 3242 398 3294 esset
410 3237 468 3306 ille,
487 3239 521 3294 de
536 3254 592 3310 quo
607 3238 695 3293 lsaias

106 3315 137 3368 et
151 3254 574 3391 ffiiitProphetaeseripserunn
595 3313 624 3364 et
641 3308 695 3389 hoc

106 3385 172 3440 erat
187 3397 299 3452 signum
319 3386 457 3442 veritatis,
475 3395 552 3450 quta,
572 3384 603 3435 ut
627 3379 695 3434 dicit

106 3454 221 3520 Seneca
252 3452 380 3509 veritatis
408 3455 607 3522 argumentum
640 3455 692 3517 est,

106 3523 240 3582 omnibns
262 3524 369 3596 aliquid
385 3521 484 3579 videri.
504 3525 540 3577 ut
553 3521 694 3576 mirabun-

104 3603 155 3652 tur
167 3598 197 3651 iu
211 3596 300 3652 verbio
314 3598 422 3664 qratia,
442 3592 472 3649 id
489 3596 532 3649 est
550 3591 694 3664 gratiosis,

105 3683 169 3796 popae
188 3668 222 3723 de
244 3685 289 3724 ore
308 3668 367 3738 ejus
386 3664 584 3737 procedebout3
602 3680 694 3721 nam:

147 3755 199 3794 uua
212 3741 288 3795 bomo
308 3740 342 3794 de
365 3740 431 3793 bono
453 3739 578 3794 thesauro
604 3738 695 3793 cordis

108 3811 275 3882 suiprosert
298 3810 367 3867 bono
383 3827 390 3878 ;
406 3825 475 3881 ergo
500 3810 535 3866 de
559 3810 694 3866 thesauro

106 3881 219 3954 gratiae,
234 3884 319 3939 verba
336 3880 471 3954 gratiosa.
497 3885 529 3939 ln
557 3882 618 3954 ipso
644 3897 694 3938 au·

108 3959 168 4010 tem
186 3959 248 4009 erat
264 3954 415 4010 thesaurus
429 3954 539 4024 gratia,
554 3953 621 4025 qnia
632 3956 692 4025 pte-

107 4041 163 4081 uus
185 4028 284 4094 qratia
298 4031 324 4081 et
336 4027 472 4095 unitatis,
493 4026 527 4081 de
541 4025 620 4095 cujus
636 4026 693 4096 ple·

108 4097 239 4152 uitudiuo
252 4113 301 4152 uos
310 4112 400 4153 omues
413 4099 575 4169 accepimus.
586 4096 694 4153 Deinde

149 4173 176 4224 st
209 4167 421 4225 attestationem
452 4167 633 4241 simplicium,
658 4168 693 4223 de

153 4239 233 4308 risto,
252 4239 382 4297 subditur
401 4239 563 4296 Scribarum
578 4245 606 4296 et
623 4239 693 4295 Pha·

109 4309 262 4369 risaeorum
272 4309 410 4370 detractio
423 4314 452 4368 et
463 4309 617 4375 aemulatio,
629 4325 692 4366 cum

745 442 850 500 dicitur
865 460 872 499 :
889 446 925 500 Et
943 443 1081 514 dicebaut,
1096 444 1204 503 scilicet
1224 444 1330 503 Scribae

746 520 775 572 et
790 514 925 571 Pharisaei
952 515 978 572 ei
998 516 1168 588 invidentes,
1192 518 1330 587 dicebant,

747 586 876 658 inquam,
897 587 1057 660 despective
1077 594 1105 646 et
1123 604 1187 647 cum
1202 588 1332 645 deriden-

747 664 810 739 tes:
827 660 904 715 Unde
914 662 984 741 ⁸laute
997 663 1136 742 supientia
1151 663 1216 730 bae,
1233 660 1262 717 in
1279 661 1331 717 do·

747 736 838 785 ctrma
864 735 892 786 et
913 747 941 787 ru
957 733 1069 800 verbrs;
1095 738 1120 788 ot
1145 737 1272 798 uirtutes,
1301 730 1331 786 in

748 801 883 872 operibus
898 802 1100 860 miraculosis?
1115 805 1173 859 lloc
1186 802 1330 870 dicebant,

747 872 815 944 quia
839 890 897 929 non
916 873 1046 932 viderant
1062 891 1127 932 enm
1145 874 1254 931 litteras
1271 872 1330 929 dis-

748 951 869 1014 centem,
894 962 987 1017 neque
1009 945 1037 1003 in
1063 948 1136 1020 Lege
1157 949 1328 1004 studentem.

747 1017 832 1083 Quasi
857 1017 1006 1075 dicerent:
1036 1021 1097 1075 Non
1124 1019 1209 1075 habet
1237 1018 1331 1073 haeca
1431 1021 1435 1028 '

747 1089 816 1149 Deo,
838 1089 881 1145 vel
897 1089 1022 1146 exercitii
1037 1090 1142 1162 studio,
1166 1090 1215 1147 sed
1239 1086 1331 1162 magis

748 1160 834 1216 habet
855 1176 873 1216 a
891 1161 1024 1231 diabolo;
1046 1163 1121 1234 quod
1149 1167 1270 1233 arguunt
1297 1176 1331 1217 ex

747 1229 913 1288 infirmitate
938 1239 965 1290 et
985 1238 1150 1360 paupertate
1169 1237 1331 1305 parentum,

748 1303 905 1360 subdentes
916 1321 923 1359 :
934 1308 1028 1362 Nouae
1061 1309 1087 1361 io
1097 1312 1136 1361 est
1149 1307 1226 1373 sobri
1238 1305 1332 1374 fitius?

748 1373 835 1457 idest
853 1377 970 1447 loseph,
986 1376 1033 1448 qni
1049 1383 1110 1433 erat
1136 1378 1217 1433 saber
1245 1375 1333 1446 tigna-

747 1463 818 1515 rius,
839 1448 918 1518 cuins
928 1447 988 1520 ipse
999 1450 1152 1520 putabatur
1164 1451 1250 1519 fitius,
1266 1446 1333 1518 quia

748 1535 813 1576 enm
835 1518 925 1586 hieria
955 1521 1061 1593 loseph
1089 1521 1261 1593 desponsata
1286 1533 1333 1590 ge·

747 1598 863 1661 haeret,
877 1593 1031 1662 putabatur
1051 1592 1178 1665 quidem,
1200 1591 1251 1647 sed
1274 1605 1331 1647 nou

748 1668 819 1718 erat.
829 1667 924 1719 Nouae
936 1671 1025 1720 motor
1034 1666 1093 1736 ejus
1106 1663 1331 1721 dieiturllore'u?

747 1738 784 1791 ut
799 1737 987 1805 fratresque,
1003 1735 1031 1791 id
1053 1742 1097 1792 est
1117 1733 1331 1806 consanguinei,

749 1811 774 1862 et
786 1822 891 1862 sorores
903 1808 973 1877 ejus,
989 1807 1018 1862 id
1037 1813 1080 1864 est
1094 1811 1334 1879 cognatamque

733 1878 840 1932 *omnes
872 1879 947 1949 opud
963 1895 1011 1933 uos
1037 1885 1102 1935 suut
1129 1883 1143 1934 P
1172 1878 1334 1935 Secundum

749 1951 826 2005 enirn
856 1949 1090 2005 consuetudinem
1112 1950 1334 2020 scripturarum,

749 2019 953 2090 consanguinei
982 2027 1010 2076 et
1033 2020 1182 2092 propinqui
1210 2016 1334 2087 Domini,

750 2090 1336 2162 moreHebraico,tratresetsororesejus

749 2163 843 2218 solent
861 2179 878 2219 a
900 2163 1007 2234 pellari.
1032 2164 1107 2221 Unde
1126 2180 1189 2232 erqo
1203 2165 1266 2217 huie
1280 2178 1335 2217 om-

749 2238 797 2290 nio
812 2179 897 2290 istuf
905 2236 989 2303 Quasi
1006 2235 1153 2292 dicerent:
1171 2233 1269 2292 Sinon
1284 2233 1334 2290 ha·

748 2308 797 2363 bet
815 2323 847 2363 ex
861 2307 1004 2378 exercitio,
1020 2309 1064 2364 vel
1084 2322 1246 2379 exgenere,
1263 2320 1331 2377 ergo

748 2378 835 2434 babet
850 2396 882 2435 ex
898 2380 1043 2450 daemoue3
1061 2383 1089 2436 et
1105 2379 1169 2436 ideo
1186 2381 1329 2450 sequitur:

748 2454 783 2507 at
793 2453 1056 2509 sesrndotizuhontur
1069 2455 1100 2507 iu
1115 2468 1155 2520 eo,
1168 2450 1250 2506 idest
1264 2465 1332 2505 con·

749 2523 936 2579 turbabantur
950 2529 978 2579 et
994 2521 1225 2594 indignabantur,
1241 2519 1332 2576 consi·

749 2595 882 2649 decantes
897 2593 1010 2665 generis
1028 2598 1224 2665 paupertatem
1240 2596 1268 2645 ot
1280 2592 1333 2646 hu-

750 2663 909 2732 militatem,
922 2680 955 2721 ac
969 2664 993 2720 si
1012 2666 1126 2736 sapiens
1145 2670 1173 2720 et
1192 2662 1334 2717 virtuosus

749 2731 1334 2808 nonpossetdepaupcribusethnmilibus

748 2806 893 2879 procreari
904 2826 910 2877 ;
922 2824 986 2864 cnm
999 2807 1094 2880 potius
1108 2811 1252 2880 oporteret
1267 2819 1333 2876 pro·

749 2885 812 2963 pter
839 2881 893 2936 hoc
921 2879 1043 2937 maxime
1067 2881 1274 2952 obstupescere,
1304 2879 1333 2932 et

748 2967 840 3021 ipsum
856 2952 1009 3023 bonorare,
1025 2951 1093 3025 quia
1105 2953 1196 3025 majus
1213 2950 1333 3006 miracu·

749 3023 806 3079 lum
822 3029 850 3080 et
869 3025 989 3097 amplior
1008 3030 1106 3152 stupor
1120 3030 1192 3092 erat,
1206 3022 1281 3095 quod
1296 3020 1333 3076 de

750 3095 853 3152 talibus
868 3097 1001 3166 existens,
1023 3101 1052 3153 ta
1065 3097 1091 3152 ia
1117 3096 1288 3168 loquebatur
1304 3094 1332 3146 et

749 3166 887 3235 iaciebat;
918 3166 985 3238 quia
1006 3168 1154 3224 manifeste
1176 3164 1332 3236 apparebat

749 3239 825 3309 qnod
843 3254 899 3294 non
913 3254 945 3294 er
962 3239 1087 3295 humana
1101 3236 1259 3308 diligentia,
1281 3233 1332 3313 sed

749 3324 766 3364 a
781 3307 878 3364 divina
893 3307 995 3379 gratia,
1012 3314 1074 3364 erat
1090 3325 1096 3363 :
1111 3309 1237 3363 Hnmttio
1256 3319 1332 3360 enim

750 3378 886 3435 Dominus
904 3382 1059 3449 respicite
1073 3381 1132 3434 olto
1146 3395 1164 3432 o
1179 3380 1257 3445 louqe
1272 3390 1333 3442 oop-

750 3453 847 3504 noseit.
882 3448 1118 3506 irrationabiliter
1139 3463 1208 3519 ergo
1234 3461 1335 3503 move-

751 3522 855 3576 bantur
868 3519 925 3589 isti,
941 3520 1128 3592 despicientes
1143 3534 1207 3576 eum
1220 3523 1337 3590 propter

753 3597 952 3673 paupertatem
968 3598 996 3649 et
1010 3590 1200 3648 humilitatem
1212 3589 1336 3673 generis,

753 3670 782 3719 et
794 3665 985 3721 attribuentes
998 3664 1093 3720 virtuti
1102 3664 1253 3731 daemonis,
1262 3664 1337 3734 quod

753 3733 878 3793 debebat
904 3736 1020 3793 attribui
1045 3735 1140 3793 virtuti
1170 3733 1336 3793 divinitatis.

753 3807 825 3877 Quia
843 3807 942 3876 David,
959 3808 1008 3881 qui
1030 3807 1082 3866 luit
1095 3808 1174 3866 radix
1190 3809 1296 3879 Regum
1310 3812 1338 3864 et

751 3879 872 3937 eximius
891 3879 967 3938 inter
986 3882 1153 3954 Prophetas,
1168 3879 1221 3936 luit
1240 3886 1338 3951 pastor

753 3951 859 4020 ovium,
875 3952 1213 4025 etcujusdamagricolae,
1230 3949 1337 4006 scilicet

750 4025 841 4091 lesse,
856 4023 941 4080 lilius.
960 4025 1015 4082 Sed
1029 4030 1059 4080 et
1069 4028 1178 4095 Moyses
1190 4020 1336 4090 legislator

752 4095 858 4151 valdea
872 4111 902 4152 se
918 4095 1097 4152 deficientem
1110 4092 1334 4161 habuitpatrem,

751 4171 780 4221 et
795 4165 824 4220 iu
844 4166 976 4238 pluribus
990 4166 1053 4222 aliis
1068 4163 1160 4221 simile
1175 4162 1282 4234 poteris
1294 4176 1337 4217 re·

749 4236 853 4310 perire.
864 4239 888 4294 A
898 4238 1000 4310 quibus
1009 4252 1077 4307 ergo
1085 4235 1233 4306 oportebat
1249 4231 1337 4288 admi-

749 4307 808 4366 rari
817 4309 979 4376 Dominum,
993 4309 1029 4365 ab
1039 4306 1084 4365 his
1096 4304 1143 4361 isti
1152 4307 1335 4362 contemnunt
