2880 4942
183 350 224 404 [ill
253 347 498 402 ldrculltrdns
525 349 772 406 rsrrscrlurus
799 355 838 407 ET
864 355 1022 416 SCOUCLAE
1049 357 1197 414 CHRISTI.
1284 369 1315 419 65

118 467 200 520 tuum
215 457 299 516 mori.
324 456 351 514 Si
368 456 415 513 ille
429 473 481 529 pro
496 457 580 515 nobis
595 475 671 515 mor-

94 550 149 592 uus
163 539 217 600 est,
231 529 281 602 qui
296 545 352 585 non
363 535 486 600 poterat,
498 529 551 586 uisi
569 531 671 587 voluis-

79 611 136 674 set,
149 608 258 677 quanto
283 599 376 671 magis
398 618 449 657 uos
471 617 522 672 pro
547 616 581 657 eo
597 602 669 658 mori

79 677 231 743 debemus,
245 671 294 745 oiri
308 671 361 728 etsi
378 675 518 739 nolumus,
536 675 671 730 mortales

79 752 178 807 umen
194 744 315 802 sumus?
327 743 354 800 Si
371 744 506 800 Dominus
522 760 572 815 pro
588 761 670 801 servo

80 826 215 879 mortuus
241 820 296 884 est,
322 820 350 871 et
377 816 431 870 hoc
449 815 511 871 sine
540 816 668 887 premio,

77 890 187 965 iustius
201 894 246 946 est
259 892 292 944 ut
305 903 405 943 servus
414 903 464 958 pro
476 887 596 942 Domino
613 903 671 943 mo·

77 961 183 1030 riatur,
195 964 224 1017 θῖ
239 959 293 1015 hoc
313 974 376 1014 rum
392 957 525 1028 praemio!
547 959 624 1014 Unde
641 965 670 1015 et

77 1034 271 1103 Arcesilaus:
283 1050 296 1083 o
307 1031 369 1085 Non
382 1030 506 1086 habehat
520 1030 566 1085 ille
581 1046 668 1099 quare

79 1112 254 1169 moreretur,
267 1107 296 1157 et
310 1107 439 1157 mortuus
450 1108 490 1156 est
503 1118 509 1167 ;
527 1106 555 1155 tn
570 1101 668 1168 hahes,

81 1180 115 1234 el
135 1189 224 1246 quare
246 1171 317 1229 mori
340 1170 528 1243 dedignaris?
549 1172 669 1242 llignare

82 1261 170 1318 aequo
184 1243 277 1302 animo
293 1243 351 1316 pati
367 1259 420 1315 per
433 1242 567 1298 meritum
579 1254 668 1312 tuum,

82 1317 162 1390 quod
183 1314 230 1373 itte
252 1316 309 1388 pati
335 1314 537 1386 dignatusest,
555 1321 583 1369 ul
605 1321 669 1370 tea

80 1404 145 1446 sem
167 1386 257 1444 iterna
276 1392 367 1443 morte
389 1385 534 1442 liberaret.
558 1407 570 1437 o
588 1385 669 1442 Circa

77 1475 142 1534 pre
165 1455 666 1528 'ctumsecundumimpedimentum,

76 1536 150 1588 nota
163 1529 209 1586 hic
223 1544 275 1601 pro
291 1528 478 1585 aedilleatioue
494 1530 665 1599 exemplum.

77 1603 241 1660 Nemeum
265 1600 380 1671 quidam
407 1601 564 1659 monachus
579 1600 667 1656 dero-

78 1673 159 1731 tione
172 1678 267 1729 motus
280 1670 365 1727 vitam
381 1679 524 1728 austeram
539 1672 666 1739 duceret,

79 1749 109 1802 θῖ
128 1749 263 1816 parentes
274 1742 328 1811 sui,
346 1744 398 1799 hoc
411 1743 536 1813 cognito,
552 1743 586 1798 ad
602 1759 668 1798 eum

78 1815 228 1873 venientes
240 1817 331 1885 ipsum
341 1830 427 1885 super
436 1815 487 1869 hoc
502 1820 667 1883 arguerent,

79 1886 139 1945 tale
161 1886 203 1943 eis
228 1885 306 1943 dedit
330 1901 508 2013 responsum,
538 1884 615 1940 cordi
640 1891 668 1940 el

79 1957 229 2016 memoriae
239 1973 369 2013 commen
391 1957 498 2012 andum
515 1958 626 2012 :Tanta
639 1961 668 2011 ot

78 2031 150 2089 talia
167 2028 274 2097 audiri,
291 2033 320 2084 el
336 2027 391 2098 legi
416 2027 451 2082 de
471 2027 527 2082 vita
546 2032 666 2097 aelerna,

77 2100 158 2174 quod
184 2116 241 2156 non
258 2116 327 2156 curo
351 2105 486 2169 quantum
515 2097 583 2153 mihi
601 2115 668 2154 con-

78 2176 149 2240 stet,
164 2171 273 2243 etquid
290 2171 446 2242 expendam
462 2185 513 2240 pro
524 2185 567 2225 ea.

116 2248 134 2299 6
148 2243 214 2311 Quis
226 2260 298 2298 huon
307 2259 447 2298 rxnrnrru
460 2259 492 2296 cr
505 2259 595 2296 aarum
604 2257 668 2295 rao

79 2331 181 2372 aaran
199 2317 316 2372 Cnnrsro
338 2330 512 2370 excommun.
538 2312 667 2380 -Quod

79 2392 178 2446 aulem
194 2385 263 2442 dicit
276 2387 425 2441 Matthaeus
448 2385 483 2440 de
499 2401 553 2439 nun
569 2400 667 2440 amare

119 2462 204 2525 irem,
224 2463 253 2513 el
271 2455 477 2529 hujuscemodi,
499 2455 561 2526 plus
581 2472 666 2526 quam

123 2529 237 2597 rislum,
253 2529 307 2585 hoc
323 2529 410 2585 relect
424 2529 513 2583 Luras
523 2528 558 2582 de
573 2527 665 2595 odire,

78 2599 180 2659 dicens
195 2617 202 2655 :
220 2602 252 2658 Si
270 2603 334 2670 quis
353 2601 427 2654 uenit
449 2599 487 2653 od
511 2615 563 2667 me,
581 2598 666 2653 idest

78 2671 141 2729 vult
163 2673 261 2729 venire
286 2687 336 2742 per
357 2671 444 2727 lldem
459 2669 601 2725 credendo
623 2669 665 2724 rol

78 2748 187 2801 alatum
217 2742 398 2814 perfectiouis
426 2741 609 2808 assumendo,
640 2745 665 2795 θῖ

78 2830 136 2871 nen
154 2815 213 2869 odit
230 2821 338 2885 putrem
354 2830 445 2880 suum,
461 2818 486 2869 et
500 2818 625 2880 matrem,
640 2817 666 2866 et

78 2901 179 2953 acore,
192 2892 245 2941 met
254 2888 336 2956 lilios,
348 2892 374 2940 θῖ
388 2888 501 2952 fratres,
513 2890 538 2939 et
549 2899 664 2950 sorores,

79 2957 173 3013 mlius
187 2962 278 3012 aulem
293 2963 318 3013 et
339 2959 460 3011 animem
473 2972 562 3022 swam,
579 2955 608 3010 id
623 2960 666 3010 est

78 3026 298 3098 animalitatem,
309 3033 338 3084 et
352 3026 437 3083 vitam
449 3026 600 3084 animalem
615 3042 665 3083 seu

78 3099 271 3172 corporalem,
288 3115 352 3157 earu
367 3099 578 3155 contemnendo
602 3114 666 3170 pro·

78 3175 144 3299 pter
170 3172 270 3240 Deum
318 3176 415 3226 aratus
439 3186 514 3238 eant,
544 3169 567 3225 si
594 3186 667 3239 opus

91 3241 179 3311 uerit,
194 3257 246 3314 pro
269 3243 288 3299 tl
310 3260 325 3298 e
343 3258 497 3313 exponere,
514 3247 542 3297 et
559 3241 667 3311 eligens

78 3313 172 3372 occidi
186 3313 281 3386 polius
295 3329 380 3386 quam
394 3313 422 3368 in
434 3315 522 3369 Deum
537 3328 666 3384 peccare,

78 3385 143 3458 ejus
159 3385 366 3457 acquiescendo
386 3383 534 3440 desideriis
549 3382 668 3438 carnali·

78 3456 145 3526 hus,
160 3473 214 3513 troo
229 3462 318 3529 potest
336 3472 411 3512 meus
427 3472 483 3512 esse
499 3455 666 3524 discipulus,

78 3529 158 3602 quod
186 3529 267 3585 raldo
286 3529 456 3585 damnosum
472 3531 525 3592 est,
541 3525 608 3596 quia
624 3528 667 3580 nst

80 3596 666 3669 Veritas,elreradoeet.Non2dicerevult,

78 3671 158 3744 quod
181 3671 406 3744 propinquorum
434 3675 565 3727 naturam
586 3667 667 3724 odia·

77 3758 156 3812 mus,
172 3743 222 3799 sed
237 3758 272 3800 ea
292 3742 393 3813 quibus
413 3741 496 3799 nohis
514 3746 541 3796 ln
565 3739 667 3796 itinere

78 3813 129 3871 uei
145 3813 298 3883 obsistunt,
312 3821 340 3871 el
365 3830 418 3870 nos
442 3811 611 3884 impediunl,
631 3828 666 3868 ne

78 3884 118 3943 ad
132 3885 276 3943 Christum
298 3886 355 3943 fide
371 3891 400 3942 et
414 3884 532 3941 raritate
548 3885 666 3940 acceda-

78 3971 156 4015 mus.
171 3957 270 4014 Nullus
285 3956 361 4013 enim
371 3957 437 4013 odio
448 3962 491 4013 est
506 3957 666 4025 hahenduS,

76 4027 193 4086 etiamsi
214 4029 252 4085 sit
277 4029 378 4086 malus.
411 4028 491 4086 Unde
518 4030 627 4084 Boetius
657 4045 666 4082 z

80 4121 97 4153 α
110 4100 194 4172 Apud
206 4100 350 4173 sapientes
365 4101 460 4157 nullus
473 4116 591 4171 prorsus
601 4098 666 4154 odio

78 4169 161 4254 locris
188 4171 385 4255 relinquitur,
405 4186 470 4228 nam
499 4171 589 4227 honos
604 4169 668 4240 quis

78 4257 135 4301 mar
157 4243 343 4301 stultissimus
371 4243 473 4312 oderit,
496 4242 587 4298 malos
601 4257 668 4297 vero

77 4313 188 4385 odisse,
212 4315 324 4372 ratione
351 4321 455 4372 caret:
482 4330 550 4371 nam
578 4313 603 4369 si
628 4310 668 4369 uli

159 4411 230 4465 Virx
245 4412 312 4465 Jssu
328 4412 448 4476 Ornrsrr,
464 4424 550 4464 sollus
566 4409 603 4461 Il.

725 477 878 532 corporum
888 460 1018 532 languor,
1037 462 1076 519 ila
1090 465 1229 524 vitiositas
1251 471 1313 542 qui·

725 532 790 588 dem
818 538 861 588 est
890 533 969 604 quasi
996 537 1113 591 mochus
1138 539 1311 608 animorum,

725 620 789 685 cum
811 620 904 675 aegros
923 620 1044 686 corpore¹
1069 608 1185 665 minime
1211 612 1313 681 dignes

725 675 802 745 odio,
817 676 865 731 sed
888 682 983 747 polius
1009 679 1191 736 miseratione
1203 683 1313 753 judice-

726 762 798 815 muS,
826 747 913 802 multu
935 747 1024 817 magis
1044 766 1100 806 noir
1130 750 1310 824 insequendi,

725 819 774 873 sed
793 817 945 874 miserendi
965 826 1041 888 sunl,
1058 838 1177 891 quornm
1201 833 1311 882 montes

725 889 802 970 ornni
819 890 955 960 languore
968 891 1092 947 atrocior
1106 902 1186 957 urrct
1203 895 1310 968 impro-

724 960 819 1040 bitas:
836 982 850 1011 »
882 962 942 1017 haec
966 964 1084 1018 Boetius.
1116 967 1195 1022 Unde
1220 969 1311 1024 exclu-

724 1031 801 1087 ditur
828 1031 873 1087 hic
900 1032 1013 1088 allectio
1039 1036 1171 1103 carnalis,
1202 1039 1311 1095 scilicet

724 1117 806 1158 amor
821 1102 1000 1158 inordinatus
1020 1113 1171 1175 parentum
1193 1117 1221 1164 et
1239 1126 1311 1166 cou-

721 1173 895 1244 junctorum,
911 1181 939 1229 et
954 1175 1064 1230 horest
1084 1193 1171 1233 unum
1192 1178 1310 1251 impodi-

724 1250 852 1324 mentum
870 1260 956 1316 supra
970 1247 1126 1302 secundum
1147 1251 1309 1307 llalthrrum

723 1322 811 1371 elram
836 1316 954 1383 dictum,
980 1318 1056 1387 quod
1080 1320 1161 1374 ohesl
1186 1322 1309 1391 sequelae

723 1386 826 1467 Christi
838 1395 865 1443 et
879 1387 1037 1444 volentibus
1046 1389 1142 1445 veirire
1155 1392 1190 1446 ad
1205 1391 1308 1463 ipsum.

725 1459 775 1514 Uhr
790 1461 953 1514 Ambrosius
970 1477 977 1514 ε
995 1481 1009 1510 n
1028 1459 1138 1516 Etenim
1156 1462 1178 1517 si
1194 1469 1310 1534 propter

722 1533 750 1585 le
778 1529 914 1586 Dominus
939 1546 998 1586 suae
1022 1532 1197 1589 renuntiarit
1214 1535 1308 1597 matri,

721 1600 821 1657 diceus
838 1619 844 1656 :
866 1604 931 1668 Quae
952 1613 1094 1657 retinerer
1110 1621 1179 1673 arcii,
1196 1613 1245 1661 aut
1260 1611 1311 1678 qui

721 1675 825 1738 fratres
840 1675 902 1733 mei.
921 1689 974 1728 cur
992 1679 1021 1729 tu
1048 1675 1166 1733 [lomina
1186 1682 1235 1734 tuo
1259 1695 1309 1735 cu-

723 1742 785 1813 pias
808 1744 968 1800 anteferri?
995 1745 1049 1800 Sed
1065 1762 1158 1816 neque
1177 1749 1309 1818 ignorare

723 1820 865 1878 naturam,
885 1831 977 1886 neque
998 1816 1103 1871 servire
1125 1827 1234 1874 naturai
1252 1823 1309 1876 Do-

723 1885 817 1941 minus
828 1887 910 1956 juhel
922 1903 929 1953 ;
943 1887 993 1941 sed
1008 1886 1048 1941 ita
1061 1886 1208 1959 indulgere
1226 1895 1309 1945 natu·

724 1972 774 2022 rae,
784 1963 816 2011 ut
830 1956 975 2011 veneraris
985 1964 1142 2025 auctorem,
1154 1975 1205 2014 nec
1221 1975 1238 2015 a
1252 1962 1309 2015 Deo

724 2032 874 2098 parentum
889 2043 988 2082 amoro
1007 2027 1138 2084 desistas,
1156 2052 1170 2077 o
1189 2031 1267 2086 Unde
1283 2037 1310 2086 el

724 2099 872 2166 Greporius
892 2117 900 2152 :
924 2097 1087 2168 «Quisquis
1111 2100 1171 2170 jam
1202 2108 1310 2157 aeterua

723 2167 909 2240 concupiscit,
928 2167 957 2224 in
976 2185 1010 2224 ea
1034 2186 1118 2239 quam
1143 2172 1308 2241 aggreditur

723 2256 809 2297 eausa
825 2240 885 2308 ilai,
904 2246 983 2298 extra
1000 2246 1119 2312 patrem,
1144 2250 1223 2300 extra
1243 2260 1309 2300 uxo·

723 2329 794 2376 rem,
809 2318 889 2369 extra
904 2313 988 2379 lilios,
1007 2319 1086 2369 extra
1101 2320 1249 2386 cognatos,
1263 2334 1308 2373 ex·

722 2389 765 2464 tra
780 2383 963 2457 semetipsum
977 2384 1038 2440 fieri
1055 2385 1148 2451 dehet,
1165 2394 1242 2443 uteo
1259 2404 1308 2444 re-

722 2472 782 2512 rrus
805 2462 960 2527 cognoscat
988 2458 1077 2512 Deum
1115 2458 1222 2527 quoin
1247 2460 1309 2530 ejus

720 2543 807 2582 eausa
822 2527 967 2583 neminem
982 2528 1169 2595 recognoscit.
1186 2529 1308 2585 dmauni

721 2613 790 2669 ergo
805 2602 874 2653 sunt
889 2596 1021 2669 proximi,
1035 2597 1227 2667 impendenda
1239 2599 1309 2655 cari-

721 2675 766 2725 tas
787 2668 918 2724 omnihus
935 2672 964 2723 el
977 2667 1143 2739 propinquis
1166 2676 1195 2724 et
1217 2677 1308 2726 extra·

720 2739 861 2808 neis3nec
874 2745 1029 2810 tamenpro
1044 2741 1143 2795 eadem
1159 2740 1277 2798 raritate
1292 2759 1309 2798 a

721 2811 770 2867 Dei
779 2827 877 2867 amore
889 2812 1069 2867 llocleudum.
1086 2812 1193 2868 Fideles
1204 2815 1308 2885 quiquo

720 2883 929 2954 compatiantur
941 2882 1076 2954 proximis
1087 2899 1137 2954 per
1148 2884 1306 2949 caritatem,

720 2953 760 3011 ita
775 2960 881 3023 tamen,
896 2960 926 3010 ut
939 2955 974 3010 de
995 2954 1040 3010 via
1057 2955 1104 3011 Dei
1126 2973 1183 3011 tion
1201 2957 1309 3014 exorbi-

721 3031 782 3082 tent
797 3042 847 3097 per
859 3025 1096 3097 compassionem.
1114 3049 1127 3077 n
1148 3029 1307 3085 Secundum

720 3096 1070 3171 impedimentum,etiam
1081 3100 1161 3169 juxta
1177 3101 1307 3155 llatthm·

722 3185 768 3225 nm
781 3169 840 3239 Jam
854 3185 939 3240 supra
955 3168 1088 3239 positum,
1101 3178 1144 3225 est
1158 3187 1238 3226 amor
1249 3188 1309 3227 car-

721 3240 793 3295 nalis
817 3238 980 3311 voluptatis,
1011 3246 1040 3295 et
1068 3243 1121 3295 hoc
1142 3241 1302 3311 largitura

722 3313 805 3378 Luca,
820 3326 884 3366 cum
900 3309 1032 3366 subditur
1049 3329 1055 3366 :
1073 3315 1108 3367 Et
1128 3315 1245 3380 pirineo
1264 3312 1309 3365 do·

716 3383 794 3451 julat
819 3398 924 3437 cracem
938 3397 1017 3435 sacrm
1037 3387 1062 3436 θῖ
1081 3387 1156 3436 verrit
1175 3387 1237 3451 post
1255 3398 1308 3445 mr,

720 3469 774 3508 non
783 3457 873 3532 potest
890 3468 965 3506 meus
982 3468 1038 3506 esse
1050 3453 1214 3522 discipulus.
1227 3453 1307 3510 xant.

721 3530 803 3579 utari
817 3524 1036 3592 l'hrpsostumus,
1048 3524 1191 3594 perlectus
1204 3522 1308 3580 Christi

721 3593 877 3666 discipulus
889 3593 989 3665 estqui
1000 3594 1097 3651 orinia
1112 3595 1187 3650 mala
1201 3594 1309 3667 patitur

721 3665 840 3738 culpati
867 3671 1013 3722 aralusest
1028 3667 1307 3739 proptortsslhristutn.

722 3741 761 3795 De
776 3738 821 3794 his
856 3740 949 3796 uohus
964 3737 1176 3809 impedimentis
1186 3741 1245 3811 jam
1261 3758 1310 3796 sus

721 3809 901 3939 pradictum
929 3816 973 3867 est
995 3811 1090 3875 latius,
1107 3812 1199 3867 simile
1224 3811 1310 3868 eliam

742 3885 810 3940 abes
828 3882 903 3939 inlra
919 3889 986 3939 ante
998 3883 1111 3939 Domini
1125 3885 1312 3954 transfigura-

722 3955 840 4022 tionem,
857 3955 907 4011 sed
923 3959 1038 4010 nonest
1053 3954 1138 4010 idem.

759 4029 913 4099 7Tnnriuu
941 4043 1144 4081 inrsnruanrnu
1172 4039 1313 4080 rrnrscrr·

722 4114 784 4154 onis
803 4116 836 4152 nr
860 4114 987 4160 sconsam
1009 4099 1135 4153 Donum:
1158 4111 1314 4149 rsoonsmiz·

723 4187 794 4225 narn
813 4186 910 4224 uraris
924 4185 1047 4224 navrrxs.
1066 4198 1099 4207 -
1115 4165 1242 4221 Tertium
1258 4162 1313 4219 im-

723 4240 919 4312 pedimentum
933 4245 975 4295 est
987 4235 1200 4292 inconsiderata
1213 4235 1313 4291 levitas

724 4310 839 4381 mentis,
859 4327 916 4384 qua
935 4307 998 4382 quis
1015 4308 1200 4379 impeditura
1214 4323 1312 4380 perse·
1371 4324 1374 4329 ·

1225 4405 1240 4459 5
