2880 4942
335 359 374 414 ull
403 357 548 415 utilius
575 359 608 412 lii
634 358 827 415 lustratio
855 357 1110 442 ΙΠΞΡΙὶΕΗΕΝΒΑ.ι
1287 352 1332 409 281

105 469 255 541 judicaret,
272 466 352 549 quasi
368 466 511 524 crudelem
526 471 555 523 el
576 471 689 525 contra·

105 541 178 597 rium
192 538 393 596 misericordia
404 554 469 595 eum
483 538 647 604 irriderent,
661 544 691 596 et

104 629 161 669 non
181 613 331 669 habentem
354 610 588 679 misericordiam,
605 627 689 683 qnam

103 684 207 756 populo
224 682 407 755 praedicabat,
424 687 452 738 et
471 687 587 754 propter
604 699 690 765 quam

103 755 189 812 etiam
204 755 323 827 populus
342 770 407 810 eum
422 754 573 826 diligebat;
599 770 622 810 si
643 771 691 812 au-

102 831 159 883 tem
175 826 278 882 dimitti
289 829 467 893 decerneret,
479 825 562 897 quasi
580 832 690 883 contra·

101 897 175 954 rium
189 897 308 970 justitiae
323 903 352 954 et
369 897 619 970 prevaricatorem
643 899 691 955 Le·

101 969 156 1041 gis,
170 986 233 1041 quae
244 971 406 1026 adulteram
418 968 539 1041 lapidari
550 968 689 1041 praecipit,

101 1057 166 1096 cum
183 1045 244 1113 ipsa
271 1043 411 1107 adultera,
435 1056 516 1096 reum
538 1040 637 1096 mortis
649 1043 691 1111 ju·

102 1112 243 1168 dicarent.
263 1113 404 1168 Putabam
416 1113 504 1168 Deum
518 1111 691 1167 relimmise-

104 1182 246 1239 ricordem
268 1199 329 1238 csse
355 1182 383 1238 in
405 1182 569 1254 judicando,
585 1183 626 1240 rel
647 1182 690 1238 in-

100 1254 219 1325 justum.
241 1256 282 1310 De
299 1253 408 1326 justitia
423 1253 552 1311 sarienda
568 1271 623 1311 non
642 1272 690 1312 cu-

103 1327 222 1394 rabant;
240 1326 289 1381 sed
303 1325 445 1382 Christum
459 1325 488 1381 in
504 1342 636 1383 sermone
648 1343 692 1382 ca·

102 1411 170 1468 pero
186 1397 328 1453 volebant.
340 1401 422 1454 lesus
436 1406 531 1454 autem
542 1405 691 1470 utramque

102 1468 275 1525 calumniam
288 1486 383 1525 eorum
398 1471 552 1541 prudenter
564 1469 690 1538 evitavit,

102 1540 170 1610 quia
186 1549 214 1596 et
227 1539 368 1611 Justitiam
385 1540 536 1611 injudicio
556 1540 689 1609 servavit,

103 1618 172 1666 eta
200 1611 396 1667 misericordia
422 1628 480 1667 non
509 1610 688 1668 declinarit:

102 1681 221 1754 protulit
232 1698 309 1739 enim
320 1683 429 1754 iustum
441 1680 595 1753 judicium,
610 1683 689 1740 salva

102 1753 298 1810 misericordia
310 1771 317 1822 ;
333 1756 413 1810 etsie
427 1769 508 1810 suum
527 1770 689 1812 sermonem

103 1831 281 1898 temperavit,
298 1834 328 1881 ut
342 1831 370 1882 et
385 1825 452 1897 Legi
466 1841 522 1881 non
541 1827 689 1883 contradi·

100 1903 225 1965 serenet
239 1899 373 1969 pietatem
388 1913 444 1953 non
455 1900 598 1954 amitteret
611 1916 617 1955 :
632 1914 687 1954 non

100 1975 196 2026 tamen
212 1970 306 2025 statim
322 1968 468 2040 iudicavit,
485 1972 534 2024 secl
552 1968 633 2040 prius
645 1973 689 2025 in-

101 2043 210 2097 clinans
227 2057 265 2108 se,
282 2042 409 2096 deorsam
428 2039 574 2097 humiliter
588 2057 605 2096 a
622 2040 689 2113 rigi-

103 2111 191 2169 ditate
218 2111 349 2184 justitiae,
376 2112 466 2181 digito
495 2113 632 2168 scribebat
661 2116 691 2168 in

102 2189 187 2253 terro,
204 2191 361 2255 tamquam,
380 2183 539 2240 secundum
557 2184 691 2253 Augusti·

101 2273 177 2323 nam,
197 2255 261 2311 illos
279 2256 351 2312 tales
377 2257 404 2311 in
426 2262 503 2311 terra
522 2255 691 2312 scribendos

101 2326 287 2398 significaret,
304 2343 363 2383 non
382 2325 412 2383 in
431 2328 513 2383 coelo.
530 2327 690 2384 Secundum

100 2400 262 2467 Alaunium,
277 2415 328 2472 per
342 2402 449 2454 terram
467 2414 517 2455 cor
533 2401 691 2457 humanum

101 2471 272 2539 ostenditur,
291 2469 366 2542 quod
389 2471 528 2526 bonarum
547 2473 590 2525 vel
606 2469 692 2527 mala-

101 2558 166 2598 rum
183 2542 328 2598 aetionum
341 2540 413 2599 solet
428 2541 548 2597 reddere
563 2541 689 2610 tructus3

101 2628 153 2686 per
179 2614 300 2685 digitum
325 2619 421 2669 autem
443 2611 490 2684 qui
506 2612 691 2670 articulorum

101 2685 308 2758 compositione
323 2683 455 2741 flexibilis
468 2690 521 2752 est,
533 2683 691 2741 sublimitas

102 2757 282 2813 discretionis
297 2755 472 2824 exin-initur.
492 2757 547 2812 Nos
564 2772 631 2826 crgo
648 2755 689 2812 in·

100 2832 193 2898 struit,
211 2834 250 2899 ut,
271 2827 376 2885 auditis
391 2827 471 2884 malis
486 2826 615 2897 proximi,
632 2844 690 2883 non

101 2900 198 2957 statim
225 2916 259 2956 ea
288 2908 394 2956 temere
422 2898 608 2971 judicemus,
640 2899 691 2955 sed

100 2974 182 3100 prius
201 2972 238 3028 ad
257 2973 459 3028 conscientiam
483 2971 578 3027 cordis
597 2971 691 3028 humi-

115 3045 281 3100 itorrerersi
293 3042 381 3115 digito
397 3043 574 3099 discretionis
589 3059 622 3100 ea
638 3043 692 3099 sol·

106 3114 183 3172 licite
211 3113 430 3187 disquiramus3
470 3131 579 3186 nosque
606 3117 691 3170 etiam

105 3184 192 3314 ipsos,
220 3188 241 3242 si
267 3186 327 3242 siue
346 3191 459 3257 peccato
479 3202 584 3251 sumus,
615 3185 692 3241 intus

127 3257 304 3315 isculiamus.
328 3260 417 3313 ludex
441 3257 537 3328 igitur,
552 3255 600 3327 qui
613 3255 693 3313 audit

105 3340 284 3398 accusantes,
310 3345 370 3385 non
396 3329 482 3385 debet
501 3331 597 3383 statim
624 3329 692 3383 dare

104 3404 287 3469 sententiam,
304 3400 353 3456 sed
363 3398 504 3456 discutere
515 3416 523 3467 ;
536 3404 565 3454 et
579 3413 613 3454 ea
628 3414 692 3471 quae

103 3472 184 3531 audit
199 3474 284 3530 debet
299 3473 327 3529 in
344 3470 430 3527 corde
453 3468 590 3538 scribere,
605 3469 633 3524 id
650 3476 693 3525 cst

102 3544 226 3602 discrete
255 3542 410 3616 inquirere,
432 3546 460 3597 et
488 3556 551 3613 quae
580 3540 693 3605 agenda

104 3623 171 3673 sunt
184 3615 291 3673 ridere.
314 3613 407 3685 Digito
424 3612 538 3684 quidem
554 3611 693 3669 Dominus

104 3687 133 3744 in
149 3694 227 3745 terra
241 3686 401 3751 scribebat,
419 3682 489 3742 acsi
504 3684 545 3740 eis
558 3684 667 3741 diecret
682 3701 689 3741 :

103 3762 161 3816 Vos
174 3761 256 3827 Legis
269 3757 338 3815 mihi
353 3754 517 3814 testimonia
530 3756 650 3825 allectis,
664 3762 692 3813 et

103 3831 187 3903 Legis
201 3832 288 3888 rerba
308 3835 443 3895 narratis,
460 3830 508 3900 qui
528 3827 618 3901 ipsam
634 3829 692 3885 Le-

102 3919 166 3975 gem
177 3919 232 3959 non
244 3900 399 3973 intelligitis
407 3920 414 3969 ;
422 3901 471 3957 sed
482 3899 527 3956 hic
535 3907 577 3956 est
586 3900 692 3971 digitus

103 3976 161 4043 ille,
179 3975 227 4046 qui
240 3977 385 4046 quotidem
402 3973 490 4045 ipsam
506 3972 608 4043 Legem
626 3971 693 4027 scri-

102 4047 159 4118 psit
178 4046 207 4102 in
237 4046 342 4116 lapide.
372 4044 512 4115 Praecepit
532 4045 607 4099 enim
637 4045 692 4099 Lex

104 4118 253 4174 mulierem
275 4116 470 4187 huiuscemodi
488 4114 623 4186 lapidari;
642 4115 691 4170 sod

104 4206 163 4245 non
178 4189 251 4245 sicut
266 4204 316 4243 vos
329 4185 498 4256 intelligitis,
512 4203 603 4257 neque
618 4203 635 4243 a
648 4192 691 4242 ta-

103 4260 179 4317 libus
195 4260 296 4332 quales
317 4275 363 4315 ros
383 4258 470 4325 cslis;
490 4259 690 4330 praevaricato·

103 4349 151 4389 res
167 4334 249 4404 Legis
265 4333 368 4404 Legem
390 4329 509 4402 implere
528 4330 689 4404 cupiebant.

782 470 973 525 aPaUnsNTLt
996 483 1187 522 unsronsroms
1212 464 1331 521 Cunisrr.

744 569 779 583 -
793 543 859 599 dnm
877 556 940 609 ergo
955 537 984 594 in
1001 536 1162 594 temeritate
1174 553 1332 609 perseuera-

743 619 804 669 rent
818 615 1019 681 interrogantes
1043 626 1114 679 cum,
1132 612 1221 665 erosit
1240 625 1279 677 se,
1294 608 1330 665 ad

745 701 843 741 eorum
853 684 1098 757 importunitatem
1107 681 1330 753 reprimendam;

745 761 774 814 et
789 771 950 829 proponens
965 753 1136 811 sententiam
1148 755 1278 821 justitiae,
1288 753 1329 808 di-

744 831 789 884 ait
801 831 840 883 eis
855 846 861 884 :
877 829 931 896 Qui
943 830 1002 883 sine
1015 831 1125 898 peccato
1143 830 1183 881 est
1196 831 1329 894 vestrum,

743 903 852 972 primm
865 902 896 955 in
910 900 988 955 iiiam
1004 899 1125 969 lapidem
1140 899 1255 964 mittot;
1269 897 1330 952 sine

745 980 871 1044 peccato,
884 968 952 1027 dicit
967 986 1024 1026 non
1038 971 1099 1026 sine
1113 967 1250 1025 crimine:
1267 972 1332 1040 pot-

746 1050 789 1099 est
813 1058 888 1099 enrm
909 1039 1012 1112 aliquis
1039 1040 1100 1097 sine
1116 1039 1234 1096 crimine
1257 1054 1331 1108 esse,

746 1116 796 1171 sed
809 1115 853 1170 vix
872 1112 933 1169 sine
949 1116 1073 1185 peceato.
1087 1111 1176 1179 Quasi
1199 1109 1331 1168 diceret:

746 1185 887 1243 Ascendet
897 1183 1088 1256 unusquisque
1098 1180 1334 1239 tribunalmentis

747 1274 817 1325 suae,
833 1265 860 1313 et
874 1255 1001 1312 inveniet
1018 1271 1048 1312 se
1063 1261 1243 1325 peccatorem
1257 1268 1331 1310 esse.

746 1331 802 1386 Aut
817 1345 885 1400 crgo
912 1327 996 1384 istam
1012 1325 1158 1394 dimittito,
1174 1322 1232 1382 iant
1247 1324 1332 1381 simul

747 1417 811 1457 cum
827 1401 875 1456 illa
891 1414 1001 1469 poenam
1024 1397 1107 1471 Legis
1126 1397 1263 1470 accipite;
1282 1412 1333 1466 pu·

747 1474 841 1528 niatur
854 1476 1004 1543 peccatrix,
1017 1472 1065 1526 sed
1081 1485 1165 1526 nona
1180 1466 1333 1540 peecatori-

745 1544 817 1612 bus;
841 1542 992 1615 impleatur
1010 1543 1064 1597 Lex
1088 1556 1173 1612 quam
1192 1539 1331 1609 allegatis,

744 1616 872 1671 sednon
899 1631 917 1671 a
945 1612 1028 1684 Legis
1054 1611 1331 1684 praeraricatoribus.
1388 1670 1391 1676 ,

745 1685 828 1743 Prius
836 1684 1186 1758 justisitissposteaream
1197 1682 1331 1754 puniatis.

744 1760 816 1815 Ecce
836 1758 919 1830 plena
942 1758 1063 1829 justitia,
1094 1763 1123 1812 nt
1146 1757 1239 1827 justus
1258 1754 1334 1810 mala

745 1832 855 1902 puniat,
872 1845 930 1886 non
953 1844 1026 1884 reus.
1046 1829 1097 1884 Ubi
1113 1827 1181 1883 dicit
1198 1827 1334 1895 Augusti·

745 1918 816 1957 ntts:
830 1920 844 1954 a
856 1903 916 1957 Nou
933 1899 1045 1970 inquit:
1062 1900 1123 1955 Nou
1134 1897 1286 1968 lapidetur,
1301 1912 1335 1953 ne

745 1980 846 2029 contra
860 1974 962 2043 Legem
978 1970 1071 2026 dicere
1088 1969 1248 2037 rideretur;
1261 1969 1338 2024 absit

746 2040 1335 2113 autemutdiceretlapidetur,renitenim

746 2131 803 2171 non
832 2114 952 2187 perdere
982 2115 1058 2185 quod
1089 2114 1257 2180 invenerat,
1286 2110 1336 2167 sed

746 2203 875 2259 quaerere
894 2185 968 2258 quod
986 2184 1112 2257 perierat
1138 2201 1145 2240 ι
1163 2205 1178 2235 »
1196 2185 1256 2239 hac
1273 2183 1335 2238 Aa·

745 2261 884 2328 gostinus.
900 2257 928 2314 Si
946 2259 1010 2328 quis
1024 2272 1093 2329 ergo
1110 2257 1137 2312 in
1153 2253 1267 2312 mortali
1282 2258 1335 2322 est,

747 2332 892 2387 neminem
914 2329 1044 2401 judicare
1067 2328 1170 2398 debet3
1191 2325 1259 2399 quia
1286 2324 1334 2397 qui

746 2402 832 2459 alium
850 2402 962 2473 judicat
984 2400 1020 2457 de
1041 2399 1090 2457 illo
1114 2399 1157 2456 rel
1181 2395 1334 2466 consimili,

746 2488 802 2545 quo
827 2472 888 2545 ipse
909 2476 1023 2529 tenetur
1043 2470 1191 2539 obnoxius,
1211 2471 1336 2540 seipsum

746 2544 775 2600 in
800 2546 854 2600 lroe
877 2544 1005 2612 damnat,
1026 2544 1070 2600 rel
1086 2542 1281 2598 damnandum
1305 2555 1335 2596 se

747 2615 871 2672 ostendit
880 2633 889 2685 ;
906 2631 974 2687 ergo
989 2621 1144 2686 antequam
1158 2612 1282 2684 aliquem
1289 2611 1335 2683 ju-

746 2687 884 2756 dicemus,
900 2685 1103 2743 conscientiam
1118 2692 1246 2742 nostram
1259 2683 1335 2739 ride-

747 2774 838 2827 amus,
855 2763 883 2815 et
898 2759 977 2830 justa
993 2756 1201 2814 examinatione
1216 2754 1335 2811 dirima-

746 2846 819 2887 mus.
835 2832 921 2904 Rigor
936 2831 1012 2886 enim
1032 2828 1136 2885 oivioae
1147 2826 1267 2900 justitias
1281 2827 1337 2883 exi·

746 2902 797 2974 git,
808 2909 837 2958 ut
846 2918 930 2959 nemo
941 2901 1028 2959 alium
1040 2901 1077 2960 de
1091 2898 1209 2957 erimine
1221 2902 1336 2968 arguat,
1428 2902 1431 2907 '

748 2979 872 3044 accuset,
892 2972 1085 3031 testimonium
1109 2973 1193 3039 ierat,
1213 2971 1335 3044 judicet,

746 3048 770 3103 si
781 3047 816 3102 de
827 3048 886 3116 pari
901 3045 945 3102 vel
956 3045 990 3101 de
1001 3046 1105 3119 majori
1118 3043 1334 3115 redarguendus

747 3124 798 3175 est.
815 3118 869 3174 Sed
880 3134 932 3174 nos
944 3118 1020 3174 huuc
1029 3121 1153 3190 rigorem
1167 3115 1252 3171 nimis
1262 3119 1334 3170 tem-

747 3204 890 3259 peramus,
907 3194 935 3244 et
949 3204 994 3243 ma
1016 3187 1041 3244 is
1062 3201 1147 3259 quant
1158 3187 1265 3256 justum
1281 3189 1335 3251 est,

747 3259 918 3315 relaxamus.
943 3204 1017 3315 mpii
1042 3257 1077 3314 de
1105 3258 1158 3313 lroc
1175 3257 1334 3312 Senecam:

750 3331 819 3386 «Te
839 3332 962 3402 primum
978 3327 1080 3385 exhibe
1109 3329 1226 3394 bonum,
1249 3325 1335 3382 etsie

749 3416 846 3472 quaere
868 3399 991 3458 alterum
1008 3397 1131 3457 similem
1152 3398 1203 3453 tui.
1227 3395 1298 3453 Vide
1313 3395 1335 3452 si

747 3471 840 3529 adhuc
853 3472 944 3528 malus
959 3486 1000 3542 cs,
1009 3476 1038 3528 et
1046 3468 1185 3527 similibus
1197 3483 1284 3540 parce
1300 3484 1335 3524 :a

747 3545 809 3600 haec
828 3545 939 3602 Seneca.

783 3620 800 3671 ὅ
813 3616 881 3684 Qum
891 3632 989 3672 rrnunu
999 3631 1088 3678 arona
1100 3629 1199 3670 tranas
1212 3630 1240 3670 ru
1249 3628 1334 3668 ranna

748 3704 900 3743 scmrsrrur
923 3688 1066 3744 Dourn'us‘l
1089 3717 1125 3728 -
1146 3685 1218 3754 Ouid
1240 3689 1336 3742 autem

748 3760 887 3817 Dominus
901 3757 1016 3817 interra
1027 3757 1151 3831 scripsit,
1162 3758 1197 3815 ad
1211 3756 1336 3814 litteram

748 3835 886 3888 incertum
907 3837 959 3888 est.
981 3834 1156 3901 Augustinus
1174 3834 1271 3886 tamen
1297 3827 1338 3884 di-

748 3904 795 3971 cit,
812 3904 888 3973 quod
903 3902 1015 3976 scripsit
1030 3903 1099 3959 illud
1115 3902 1190 3973 quod
1211 3917 1277 3956 voce
1292 3916 1337 3955 ex·

747 3973 851 4047 pressit
866 3980 893 4030 ct
908 3978 949 4031 cis
963 3974 1120 4046 rospondit,
1131 3971 1335 4042 scilicetquod,

748 4049 797 4116 qai
816 4051 875 4102 sine
888 4052 996 4118 peccato
1012 4051 1051 4102 est
1069 4051 1200 4107 cestrum,
1215 4047 1334 4115 primas,

748 4122 801 4173 etc.
824 4121 857 4174 Et
880 4121 919 4175 sic
938 4119 1010 4191 ipso,
1036 4117 1192 4172 secundum
1219 4116 1336 4170 modum

745 4187 921 4260 judicialem,
946 4204 1028 4246 suam
1050 4185 1221 4242 sententiam
1244 4186 1336 4257 primo

748 4263 872 4334 scripsit,
887 4267 915 4319 et
929 4261 1053 4318 secundo
1060 4259 1188 4388 protulit.
1201 4259 1335 4326 Hierony-

747 4347 808 4391 mus
826 4339 934 4406 autem,
953 4334 983 4390 iu
1002 4346 1059 4404 qua
1079 4345 1126 4390 arn
1145 4327 1275 4403 epistola,
1294 4328 1335 4384 ri-
