2880 4942
291 364 332 418 DC
361 361 486 417 tunnis
512 361 684 418 cttttlstutt
711 360 882 420 ttrtuttttt
909 364 1122 420 valantinus
1290 367 1335 422 tat

103 487 160 599 §aa
174 471 289 533 laceret,
306 473 333 526 et
348 468 466 528 virtutes
477 469 582 528 multas
598 474 690 528 osten-

123 547 194 610 eret,
219 542 339 613 gloriam
367 558 447 599 sitam
470 558 528 599 nou
548 542 690 615 quaesivit,

104 620 135 670 ut
151 630 202 671 nos
218 615 279 685 ejus
299 614 427 686 exernplo
447 613 579 672 instructi
598 614 691 672 disca-

102 701 166 742 mus
189 686 224 743 de
245 687 330 754 hono,
346 686 421 756 auod
436 690 547 758 agimus
559 703 616 743 nou
631 688 692 769 glo·

102 756 190 825 riari;
206 763 310 815 etcum
326 773 342 814 a
358 759 443 814 Patre
457 774 541 815 omne
551 758 693 830 judicium

102 827 156 886 sihi
176 830 272 886 datum
295 834 382 897 esset,
395 829 489 886 illatas
503 829 623 901 iujurias
638 832 691 887 Pa·

101 899 153 958 tris
164 900 272 972 judicio
283 900 417 968 serravit,
426 908 458 959 ut
470 901 553 957 nobis
566 900 692 958 insinua·

100 978 144 1029 rat
159 979 296 1044 quantum
307 988 360 1028 nos
380 987 442 1028 asse
456 971 597 1044 patientes
609 973 694 1031 dehe

100 1060 172 1112 mus,
188 1045 257 1100 dum
270 1059 300 1099 se
314 1041 412 1099 ulcisci
425 1060 482 1100 non
496 1044 565 1113 vult,
580 1043 693 1117 etipse,

102 1116 152 1187 qui
164 1114 282 1185 judicat.
294 1117 417 1186 Accepta
427 1130 495 1187 ergo
506 1115 691 1187 contumelia,

102 1186 274 1243 meditemur
287 1184 317 1241 in
332 1201 417 1258 opere
429 1186 513 1243 iatam
526 1203 623 1245 rocem
640 1190 693 1245 Do

103 1257 174 1315 mini
184 1256 303 1315 dicentis
315 1275 322 1314 ε
333 1261 455 1327 Eponam
467 1275 558 1330 puaero
572 1261 692 1329 pluriam

102 1346 206 1398 mentm
226 1335 265 1385 est
287 1331 336 1400 qui
352 1335 459 1401 quaerat
475 1336 501 1386 at
516 1330 637 1400 judicet.
658 1333 693 1388 Et

103 1401 181 1473 quia,
195 1401 349 1458 secuudum
365 1401 537 1469 Caeparium,
553 1419 617 1460 cum
634 1419 693 1460 ma·

102 1473 193 1530 lorum
207 1471 378 1545 perversitas
392 1471 504 1540 crescit,
526 1490 582 1530 non
598 1475 691 1531 solum

102 1543 690 1616 praedicatiotranginondebet‚sedetiam

102 1615 216 1687 augori;
233 1614 296 1671 ideo
311 1613 458 1685 Dominus,
476 1621 625 1689 postquam
641 1618 691 1674 ha·

102 1687 170 1744 bere
184 1687 357 1743 daemonium
373 1685 466 1744 dictus
480 1693 534 1757 est,
550 1687 690 1760 praedica-

102 1757 189 1815 tionis
203 1774 261 1814 suae
275 1756 415 1815 beneficia
427 1758 532 1830 largius
542 1759 689 1832 impendit.

103 1833 135 1887 tn
151 1846 206 1902 quo
223 1829 382 1887 ostenditur
396 1846 499 1902 magua
513 1831 616 1889 Christi
641 1832 691 1889 be·

102 1901 238 1974 nignitas,
252 1901 320 1973 quia
333 1900 391 1958 illis
414 1917 432 1959 a
452 1901 557 1974 quihus
580 1907 692 1960 tantum

103 1979 250 2046 receperat
262 1972 429 2044 convitium,
438 1990 497 2031 non
510 1974 624 2047 negarit
633 1991 693 2033 suae

105 2044 243 2103 doctrinae
270 2044 451 2103 heneficium.
485 2046 563 2104 Unde
590 2045 659 2103 dicit
685 2063 692 2103 :

105 2119 203 2182 Amen,
220 2134 309 2185 omen,
322 2116 353 2173 id
367 2122 410 2174 est
425 2117 559 2187 fideliter,
571 2119 632 2175 dico
645 2135 694 2175 oo-

106 2191 148 2247 bis
166 2207 172 2248 :
193 2192 306 2260 Siquis
325 2205 474 2246 emmonem
491 2205 580 2246 meum
599 2205 693 2246 saua-

105 2264 186 2330 uera't,
203 2278 260 2318 non
278 2260 369 2318 solum
385 2261 453 2331 tide,
469 2261 519 2319 sed
534 2261 621 2319 etiam
636 2263 695 2319 vita

106 2339 136 2393 at
149 2349 246 2406 opere,
266 2339 379 2389 mortem
398 2350 453 2389 non
471 2334 586 2399 videbit,
603 2332 632 2391 id
652 2339 695 2390 est

106 2422 165 2463 non
185 2404 355 2478 experietur,
371 2408 401 2461 tn
420 2411 560 2471 aternum,
574 2406 628 2463 hoc
652 2409 695 2462 est

106 2483 222 2535 aeteruae
236 2475 334 2533 mortis
349 2476 581 2546 amaritudinem,
596 2476 696 2534 sedvi-

107 2556 166 2608 tam
183 2548 301 2606 habebit
314 2553 463 2605 aeternam.

146 2643 177 2678 ro
193 2622 302 2678 Cumsrr
326 2639 389 2677 nisu
410 2623 541 2678 tamum
568 2637 696 2689 moinus

107 2710 221 2750 carmus
236 2711 294 2749 esr.
309 2725 344 2734 -
356 2694 446 2749 tadei
472 2697 580 2756 autem,
603 2708 636 2749 ax
651 2691 696 2749 his

107 2764 216 2823 ultimis
228 2764 322 2822 verbis
336 2763 448 2821 Domini
459 2764 586 2821 volentes
599 2768 696 2821 osteu-

107 2838 176 2895 dere
191 2852 256 2894 erim
277 2837 383 2893 hahere
406 2835 591 2905 daemonium,
614 2836 695 2892 diae·

107 2913 174 2965 runt
188 2909 348 2967 :Abraham
361 2914 485 2965 mortuus
495 2913 535 2965 est
544 2914 569 2964 et
579 2909 697 2980 Prophe-

108 2979 369 3045 tae,sedtondahaut
376 2978 515 3036 rationem
522 2996 602 3037 suam
609 2994 696 3052 super

109 3051 223 3119 falsum,
234 3050 340 3109 scilicet
351 3052 426 3123 quod
439 3050 569 3109 Christus
582 3051 697 3108 dixisset

109 3125 145 3181 de
161 3129 252 3180 morte
266 3123 425 3195 temporali,
440 3123 487 3195 qui
498 3123 696 3180 tautummodo

108 3195 288 3253 intellexerat
303 3195 338 3251 de
352 3199 444 3251 morte
455 3203 572 3252 eterna.
589 3195 655 3251 ldeo
669 3201 698 3251 et

109 3272 277 3341 postpauca
291 3264 438 3340 subjungit
452 3269 503 3324 :si
517 3283 576 3336 ega,
590 3264 699 3322 scilicet

110 3339 200 3407 solus,
219 3337 281 3396 eine
302 3342 384 3394 l'atre
403 3353 478 3405 meo,
498 3339 620 3407 plortfiao
642 3353 699 3392 ma·

109 3413 211 3494 ipsun,
223 3409 331 3467 scilicet
340 3407 474 3478 inaniter,
489 3414 517 3464 et
526 3424 623 3480 quaero
638 3407 699 3478 glo·

110 3498 183 3541 riam
192 3478 701 3562 meampraetepregulamdivinave-

110 3553 215 3623 ritatis,
233 3559 265 3611 ut
284 3570 334 3610 vos
359 3550 428 3608 mihi
445 3558 612 3623 impou1t1s3
634 3552 700 3620 glo-

109 3629 156 3682 rio
168 3643 237 3691 maa,
251 3641 336 3697 quam
349 3621 444 3682 dicitis
455 3638 559 3689 meam,
575 3624 649 3678 nihil
660 3627 701 3679 est

110 3695 700 3779 etialsa,quiasalsumestnoneusetni·

110 3769 162 3826 hil.
180 3769 275 3826 Gloria
295 3768 393 3826 mundi
408 3767 478 3824 nihil
497 3772 552 3837 est,
572 3782 639 3838 quia
657 3769 701 3823 eat

111 3841 207 3898 tumus
221 3840 377 3911 transiens,
385 3845 414 3898 et
423 3843 524 3896 ventus
537 3843 660 3907 tumens,
672 3841 703 3895 et

112 3913 150 3969 ad
165 3911 236 3969 nihil
252 3914 341 4040 culpa
356 3918 385 3969 et
396 3912 432 3968 ad
447 3910 593 3968 internum
612 3909 700 3966 dedu·

114 4000 193 4042 cens.
207 3984 262 4042 Sed
279 4001 297 4057 g
309 3983 371 4040 oria
384 4000 447 4041 mea
462 3988 506 4040 est
518 3999 535 4039 a
548 3985 606 4039 Deo
619 3983 703 4038 Patre

113 4056 318 4128 aquouullum
331 4055 433 4112 salsum
444 4060 538 4128 potest
551 4070 614 4112 esse
630 4070 636 4109 :
651 4057 703 4110 Est

113 4131 186 4184 enim
197 4131 280 4185 Pater
288 4144 363 4184 meua
371 4126 575 4196 substantialis,
586 4128 636 4198 qut
645 4126 702 4194 plo·

113 4203 252 4270 rificotma
266 4215 342 4257 nuuc
356 4215 424 4255 voce
439 4204 468 4255 at
481 4215 532 4283 per
547 4198 699 4279 miraculo·

114 4288 178 4330 rum
188 4271 397 4346 operationem,
406 4274 435 4328 et
445 4286 492 4354 qur
503 4276 603 4343 postea
612 4270 700 4343 glori·

114 4343 215 4404 licebit
224 4359 271 4402 me
280 4358 333 4417 per
341 4342 556 4402 resurrectionis
567 4347 596 4402 et
604 4356 702 4402 ascen·

748 468 837 528 sionis
849 468 980 542 gloriam,
992 487 1071 543 quam
1084 487 1132 528 aas
1144 473 1254 529 dicitis:
1265 474 1338 540 Quia

750 547 820 601 Deus
835 548 984 607 nosterest,
1001 558 1052 615 per
1067 559 1185 615 operum
1200 543 1336 606 imitatio-

751 631 834 683 nem;
851 615 902 671 sed
916 615 971 671 hoc
994 621 1038 672 est
1050 615 1164 678 salsum.
1180 617 1255 688 quod
1271 634 1337 691 pro·

750 688 809 754 hat,
822 686 921 744 diceus
937 703 944 742 :
960 689 997 743 Et
1017 703 1071 742 non
1086 692 1251 758 cognovistis
1265 707 1336 758 eum,

750 758 857 816 scilicet
876 774 927 831 per
943 758 1030 814 sudem
1057 758 1219 828 formatam,
1236 760 1265 817 in
1281 778 1337 833 qua

751 830 881 887 consistit
895 829 944 886 Dei
960 828 1125 904 filiatio⁴per
1139 831 1334 904 adoptIonem.

751 904 786 958 Et
803 901 870 974 quia
885 901 1010 969 diceutes
1026 919 1033 957 :
1048 905 1191 973 Numquid
1204 909 1233 960 tu
1248 906 1339 975 major

751 990 778 1029 es
791 979 872 1046 patra
886 979 979 1029 nostro
992 974 1155 1030 Abraham?
1171 978 1342 1047 reputabant

751 1044 904 1103 Dominum
919 1060 982 1101 esse
998 1060 1031 1101 eo
1046 1044 1197 1115 minorem,
1213 1047 1276 1104 ideo
1292 1065 1340 1106 os-

750 1115 843 1173 tendit
863 1132 894 1172 se
910 1132 972 1173 esse
987 1116 1125 1186 maiorem
1141 1133 1227 1188 quam
1242 1120 1339 1178 Abra-

752 1189 829 1258 ham,
844 1186 911 1260 quia
928 1187 1073 1244 Abraham
1088 1203 1105 1244 a
1119 1188 1242 1252 Christo.
1258 1194 1338 1248 tem-

751 1274 904 1331 quamam
927 1259 997 1327 ore,
1010 1258 1117 1340 bouum
1132 1259 1338 1343 redemptionis

750 1275 1336 1461 autudisertissumam³

797 1420 904 1473 raam,
934 1420 950 1458 a
1092 1445 1100 1467 ,
1161 1420 1179 1460 u
1221 1420 1238 1461 u
1279 1421 1338 1462 car·

750 1490 827 1543 uem,
843 1473 880 1531 de
894 1419 949 1546 ago
965 1473 1072 1530 scilicet
1087 1472 1262 1547 gloriamini,
1280 1492 1339 1534 cre·

748 1544 820 1602 deus
831 1547 991 1615 assultavit,
1000 1544 1106 1602 scilicet
1118 1545 1150 1602 in
1162 1545 1265 1619 spiritu
1277 1563 1339 1621 spe·

748 1617 851 1685 raudo,
871 1622 902 1672 ut
922 1617 1028 1674 uideret
1050 1618 1123 1673 diem
1141 1633 1231 1675 meum
1248 1616 1339 1677 intel-

748 1688 873 1761 ligendo,
889 1693 918 1745 et
931 1689 1131 1760 cognoscendo
1147 1693 1258 1748 mutum
1270 1706 1338 1764 my-

749 1759 878 1830 sterium,
896 1761 1031 1832 quoniam
1048 1759 1223 1818 desideravit
1236 1777 1340 1834 coguo-

750 1848 829 1889 scere
845 1836 957 1903 tempus
981 1832 1121 1889 adrentus
1135 1831 1251 1902 Christi,
1263 1834 1339 1904 quod

750 1908 794 1960 est
810 1903 907 1960 ridere
924 1903 1066 1960 Christum
1080 1902 1109 1958 iu
1124 1902 1239 1975 spiritu;
1256 1909 1284 1961 et
1297 1907 1339 1962 oi-

750 1976 794 2031 da‘t
811 1975 840 2031 in
857 1974 956 2045 liguris
977 1974 1077 2031 attide
1099 1973 1174 2031 diem
1194 1977 1339 2034 eternita-

751 2044 787 2103 tis
807 2050 836 2102 et
854 2045 930 2103 diem
958 2046 1060 2102 luturae
1088 2045 1254 2117 temporalis
1268 2063 1340 2105 meae

751 2116 920 2187 nativitatis,
940 2117 1054 2190 quaudo
1078 2115 1106 2173 in
1131 2118 1226 2187 ligura
1253 2118 1340 2177 trium

752 2186 936 2262 Angelorum,
949 2187 1003 2246 sibi
1018 2188 1227 2270 apparentium,
1237 2206 1342 2263 cogno-

751 2261 791 2317 vit
810 2258 956 2343 Trinitatis
981 2266 1167 2333 mysterium
1183 2267 1212 2318 et
1226 2262 1339 2388 cluendo

751 2332 858 2389 dictum
874 2337 916 2389 est
930 2349 957 2388 er
973 2349 979 2388 :
998 2336 1030 2389 ln
1043 2334 1145 2388 semina
1169 2338 1215 2390 tuo
1249 2334 1340 2390 anadi-

752 2411 846 2462 cantur
862 2420 953 2461 amnas
967 2409 1059 2473 aenaea
1070 2410 1167 2469 terra:
1179 2411 1208 2463 at
1217 2404 1248 2462 in
1260 2405 1338 2463 ohta·

752 2476 829 2533 tione
844 2478 933 2545 isaac,
950 2475 980 2532 iu
1002 2476 1065 2533 loco
1087 2475 1136 2547 qui
1160 2476 1224 2533 ideo
1247 2476 1340 2534 dictus

752 2551 934 2605 esttlominus
947 2549 1032 2616 videt,
1046 2547 1114 2618 quia
1127 2547 1262 2604 llominus
1276 2546 1343 2606 fecit

752 2621 896 2676 Abraham
911 2619 1007 2675 videre
1018 2623 1158 2676 occultum
1167 2618 1272 2676 Christi
1283 2636 1343 2692 my·

752 2690 891 2760 sterium3
915 2696 940 2746 et
958 2693 1072 2759 gauisus
1086 2695 1134 2759 ast,
1152 2696 1269 2763 propter
1290 2692 1340 2749 be·

753 2761 888 2820 aeficium
900 2778 983 2829 ame,
999 2768 1030 2819 ut
1042 2778 1060 2818 a
1072 2762 1193 2834 maiore,
1207 2761 1262 2820 sibi
1276 2778 1341 2834 pro·

753 2834 882 2891 missum.
914 2833 1056 2891 ineffabili
1083 2848 1207 2906 namque
1233 2833 1339 2906 gaudio

752 2907 894 2964 exsultare
912 2905 1014 2979 potuit,
1033 2906 1148 2978 quando
1168 2911 1197 2962 et
1214 2907 1340 2964 Verbum

753 2978 828 3053 apud
853 2979 966 3035 Patrem
987 2993 1116 3047 manens,
1140 2982 1169 3035 et
1191 2977 1266 3035 idem
1286 2976 1341 3035 ali·

753 3049 910 3120 quandoid
925 3066 1040 3107 caruem
1053 3056 1214 3117 venturum,
1231 3065 1289 3106 non
1304 3049 1341 3107 de

754 3120 846 3179 Patris
858 3121 968 3191 gremio
983 3136 1162 3178 recessurum
1183 3120 1340 3193 perspexit;

755 3192 869 3265 quando
880 3206 945 3248 eum
957 3192 993 3247 de
1001 3191 1087 3263 stirpe
1101 3207 1153 3248 sua
1166 3190 1343 3248 nasciturum

755 3261 1342 3392 ttttlltltttttttttttttt

755 3374 956 3474 redimeretrir,
971 3411 1000 3460 et
1017 3405 1090 3460 tacta
1104 3404 1215 3475 ejusde
1230 3403 1342 3462 Christo

755 3477 940 3551 repromissio
958 3475 1135 3548 impleretur.
1153 3477 1197 3540 Et,
1213 3491 1277 3533 cum
1292 3478 1342 3533 Ju-

756 3550 810 3606 dan‘
837 3547 927 3604 solam
951 3546 981 3604 iu
1004 3546 1124 3604 Domino
1144 3550 1257 3604 aetatem
1278 3564 1342 3604 car·

757 3623 813 3691 nis,
828 3635 886 3676 non
899 3618 1023 3676 divinam
1034 3624 1166 3677 naturam
1180 3625 1344 3692 pensantes,

757 3693 794 3750 de
814 3690 910 3750 verbis
930 3693 989 3748 suis
1009 3690 1193 3762 mirarentur,
1213 3693 1348 3750 dicerunt

758 3765 796 3821 ad
805 3779 883 3821 eum:
897 3764 1108 3836 Quinquaginta
1120 3779 1209 3821 annos
1224 3764 1347 3820 nondum

758 3837 852 3905 habea,
865 3840 891 3892 et
912 3835 1056 3892 Ahalam
1070 3837 1192 3893 nidisti?
1207 3835 1255 3907 qui
1271 3833 1347 3892 scili·

759 3913 803 3966 cet
827 3912 894 3978 aute
919 3906 996 3964 mille
1025 3924 1117 3965 anuos
1141 3911 1186 3964 est
1209 3911 1347 3976 mortuus,

759 3978 840 4053 quasi
857 3978 985 4036 dicerent
999 3996 1006 4035 t
1022 3982 1081 4036 Hoc
1096 3984 1140 4036 est
1152 3977 1345 4048 impossibile·

760 4052 857 4108 voleus
869 4053 947 4107 Jeaus
961 4067 1011 4108 eos
1025 4051 1061 4108 ab
1076 4049 1181 4107 iutuitu
1200 4048 1294 4106 caruis
1311 4017 1348 4106 ad

759 4121 1261 4188 deitatemtrahere‚diaitais:Ante
1282 4137 1347 4177 uam

760 4196 902 4251 Adranam
914 4197 999 4266 steret,
1014 4193 1122 4249 scilicet
1134 4137 1282 4264 temporeis
1299 4208 1347 4264 ge·

760 4266 920 4337 ueratione,
938 4281 985 4336 aaa
1004 4281 1074 4331 sum,
1095 4262 1270 4321 eternaliter
1284 4279 1347 4321 me·

760 4336 1348 4411 uensanondicitpntequamhbrehames·
