2880 4942
125 348 158 408 80
512 351 622 405 lntstt
649 349 768 403 rtntts
796 348 900 401 etrus
926 348 982 402 LV!

151 467 243 528 uarto,
271 458 338 529 quia
367 457 511 516 Christum
535 473 552 513 a
578 473 607 512 se
637 460 665 511 et
683 456 719 512 ab

125 479 190 592 Ans
213 548 366 606 pt'aetttsutn
390 537 418 586 et
439 529 616 601 praedictum,
632 527 720 600 digito

129 605 346 669 demonstrant,
361 601 489 673 quedelii
504 617 559 656 non
574 601 717 656 lecerunt:

129 674 718 743 nam,sectnrduinllreporinm,Prophetae

132 747 260 805 officinm
274 751 317 801 est
343 752 462 800 ventura
486 743 652 816 praedicere,
668 744 718 800 sed

132 835 189 876 non
204 824 289 874 etiarn
304 816 501 872 demonstrare
514 833 521 883 ;
548 814 659 885 quinto,
677 831 720 871 se-

128 891 253 947 cundum
275 890 462 955 Arrpnstinnm
482 895 511 943 et
530 887 717 954 Ambrosium,

127 965 173 1020 est
185 961 277 1031 major
301 959 460 1029 Prophetis,
478 958 545 1030 qtlia
570 959 718 1029 Prophetae

129 1029 718 1101 Dominumventurumpraenuntiaverunt,

127 1119 212 1176 quem
229 1102 323 1158 videre
349 1102 583 1158 desideraverunt
606 1107 634 1157 et
661 1117 718 1156 non

128 1174 281 1232 viderunt:
298 1172 363 1228 huic
383 1180 478 1229 autem
499 1175 657 1244 praestitnm
676 1177 718 1228 est

172 1246 209 1302 od
233 1245 272 1301 illi
292 1245 491 1316 quaesierunt,
516 1250 605 1311 sexto,
622 1259 719 1300 secun·

150 1334 197 1373 um
225 1320 428 1384 Hieronymum,
458 1315 525 1386 quia
549 1317 585 1372 ad
606 1314 718 1386 privile-

132 1387 210 1461 gium
229 1387 396 1459 prophetale
419 1386 505 1443 ctiam
523 1385 654 1458 sapone
669 1402 716 1442 ac·

131 1460 216 1516 cessit
234 1459 531 1531 praemiun1,utsuum
548 1464 577 1513 et
593 1459 717 1538 l’roplte·

128 1533 223 1587 tarum
233 1529 383 1585 [lominum
399 1529 568 1598 baptizaret3
585 1533 716 1598 septime,

130 1600 201 1673 qula
211 1601 346 1670 Angelus,
371 1606 398 1655 et
413 1600 435 1655 si
454 1616 509 1654 non
534 1605 646 1663 natura,
671 1604 714 1655 ta·

127 1687 204 1739 men,
220 1678 251 1727 ut
264 1671 495 1738 inlravidobitur‚
509 1670 716 1737 ollirio,dictus

128 1749 192 1811 est,
209 1749 319 1810 octavo,
342 1742 408 1813 quia
423 1741 578 1813 proximior
602 1740 715 1798 Christo

126 1813 189 1885 tuit,
209 1821 238 1870 et
257 1831 328 1885 peue
356 1830 420 1869 curn
446 1812 506 1883 ipso
530 1812 614 1868 venit.
638 1813 715 1870 Unde

127 1885 348 1955 chrysostomus:
365 1905 378 1936 e
394 1886 500 1941 Omnes
514 1884 629 1953 quidem
645 1886 714 1941 Pro-

127 1958 222 2028 phetae
237 1963 304 2013 ante
320 1956 420 2012 taciem
435 1956 538 2012 Christi
553 1955 713 2012 transmissi

130 2034 206 2097 sunt,
226 2029 304 2084 solus
317 2034 411 2084 autem
422 2031 546 2084 loannes
558 2027 598 2083 sic
612 2027 714 2084 missus

129 2105 174 2156 est
193 2106 258 2156 aitte
273 2099 371 2155 t'aciem
387 2099 501 2163 Christi,
519 2105 549 2155 ut
562 2115 634 2169 pene
649 2114 714 2155 cum

128 2170 240 2228 Christo
255 2171 374 2226 veniret.
388 2171 527 2236 Quantum
543 2170 715 2240 precatoris

128 2241 280 2320 Prophetis
295 2243 423 2296 loannes
443 2240 615 2311 intempore
633 2241 715 2311 juxta

124 2312 277 2379 Christum,
301 2316 412 2366 tantum
437 2311 549 2390 Justitia
574 2326 632 2381 praa
657 2310 714 2367 illis

147 2381 281 2438 reximior
301 2389 362 2437 erat
381 2383 502 2438 Christo.
536 2382 631 2437 Multae
651 2381 713 2453 qui-

125 2397 189 2510 Aem
221 2454 309 2509 stellae
335 2459 401 2509 anto
422 2454 512 2509 lucem
538 2453 713 2524 procedunt,

125 2524 293 2582 nuntiantes
310 2524 381 2581 lucis
397 2525 559 2592 adventum,
577 2525 656 2581 nulla
670 2531 713 2581 ta·

125 2611 192 2653 men
211 2614 309 2654 earum
334 2596 460 2654 Luceleri
479 2613 583 2653 nomen
606 2597 713 2653 habere

125 2669 241 2736 meruit,
260 2668 312 2725 nisi
332 2686 398 2736 ilua,
415 2668 480 2739 quia
495 2684 558 2724 cum
574 2667 636 2738 ipsa
651 2668 713 2724 luce

121 2740 266 2866 Procedit:
291 2740 331 2795 sic
357 2756 456 2795 onmes
480 2741 628 2811 Prophetae
646 2745 712 2796 aute

135 2810 224 2866 aciem
244 2811 347 2866 Christi
367 2810 530 2881 precedunt
547 2809 712 2867 nuntiantes

123 2881 278 2937 adventum
293 2882 364 2952 ejus,
381 2882 457 2936 solus
475 2885 570 2936 tamen
585 2884 711 2939 loannes

122 2953 287 3008 Praecursor
304 2957 347 3007 cst
368 2951 543 3023 appellatus,·
561 2952 628 3022 qnia
652 2968 709 3008 non

121 3023 213 3080 solum
232 3024 385 3079 adventum
404 3024 464 3094 ejus
478 3023 640 3091 annuntiat,
659 3024 709 3080 sed

122 3094 208 3152 etiam
225 3094 304 3151 illum
327 3094 415 3165 digito
431 3093 566 3162 ostendit,
587 3094 707 3151 dicens:

121 3168 190 3222 Eece
202 3167 300 3234 Apnns
309 3170 377 3221 Dei:
391 3186 404 3219 o
417 3167 478 3221 haec
491 3167 705 3233 Gtrpsostomns.

158 3261 174 3312 9
188 3238 389 3294 Couuunosrun
407 3256 441 3294 aa
456 3255 638 3294 aucrommrn
657 3256 708 3294 uo·

120 3325 222 3366 cratus
237 3327 269 3365 ar
283 3328 316 3365 ss
328 3327 442 3365 orricio.
455 3341 488 3350 —
501 3310 616 3377 Quarto,
631 3326 708 3366 oom-

117 3382 234 3438 mandat
245 3385 258 3438 J
263 3398 383 3438 oannem
393 3381 529 3438 Dominus
539 3383 575 3439 ab
587 3381 709 3438 auctori·

117 3457 176 3510 tate
190 3453 328 3509 doctrines
341 3460 369 3509 et
381 3453 467 3509 officii
480 3453 706 3524 dignitatatem

116 3523 201 3581 dicit:
215 3528 265 3580 llic
274 3532 313 3580 est
324 3529 396 3581 enim
406 3527 439 3580 de
454 3542 506 3595 quo
519 3528 653 3594 seriptum
666 3531 706 3581 est

115 3593 147 3651 in
160 3596 308 3665 ltelacliia,
326 3602 354 3653 et
369 3602 435 3652 sunt
450 3598 537 3653 verba
557 3596 650 3652 Patris
669 3596 705 3652 ad

114 3666 227 3734 Filium,
246 3671 388 3724 loannem
421 3667 648 3724 commendantis
676 3673 704 3724 et

112 3736 234 3794 dicentis
262 3757 268 3794 :
293 3743 361 3795 Ecce
377 3755 425 3804 epo
456 3741 536 3793 mitto
567 3739 704 3806 Anneium

112 3824 212 3878 meum,
228 3809 257 3865 id
273 3816 316 3865 est
336 3809 478 3875 nuntium,
494 3807 603 3865 scilicet
615 3811 703 3867 loan-

116 3896 183 3938 nem
204 3880 371 3951 Bsptistam,
391 3879 439 3951 qui
455 3878 541 3936 etiam
554 3879 641 3935 vitam
654 3879 705 3936 du·

113 3951 154 4009 xit
162 3952 331 4024 angelicam,
343 3958 406 4007 ante
423 3954 521 4018 (ortem
529 3957 615 4018 tuam,
623 3949 651 4005 id
659 3955 704 4007 est

116 4029 183 4081 ante
207 4022 387 4096 praesentiam
413 4028 491 4078 tuam
517 4021 702 4092 temporalem

112 4098 223 4152 etanta
242 4095 369 4166 ejusdem
385 4096 521 4175 potentie
537 4092 699 4150 manilesta·

111 4165 218 4223 tionem
244 4174 271 4223 et
286 4164 499 4237 cognitionem3
517 4166 566 4234 qai
591 4180 700 4236 praepo-

108 4238 183 4293 rebit
204 4235 280 4294 istem
301 4243 377 4294 tnorn
401 4235 583 4309 praedicando
600 4236 700 4307 'penni-

109 4308 242 4383 tentam,
265 4308 435 4383 baptizando
455 4309 491 4368 ad
514 4307 700 4368 assuefactio·

775 460 886 524 nem,te
900 453 1094 512 annuntiando
1107 470 1140 512 ac
1148 456 1371 531 manifestando,

774 531 859 599 atrine
878 528 965 583 corda
985 526 1148 583 auditorum
1173 529 1208 583 ad
1227 529 1370 604 recipien-

774 599 841 656 dum
856 605 884 654 te
904 605 932 654 et
953 605 1030 655 tuam
1045 598 1278 671 predicationem
1301 619 1369 674 per·

775 671 819 726 ria
844 671 990 727 reddendo
1010 687 1017 738 ;
1042 676 1107 726 ente
1127 676 1161 739 te,
1191 671 1276 729 idest
1301 680 1370 732 ante

774 742 963 801 ostentionem
984 747 1063 797 tuam
1087 741 1294 800 edmundum.
1320 747 1368 805 Sic

773 813 899 869 officium
914 813 1133 884 predicatorum
1143 821 1187 870 est
1202 830 1368 887 praeparare

774 886 860 940 corda
875 885 1038 942 auditorum
1061 891 1128 941 ante
1142 887 1296 943 adventum
1308 891 1366 947 Do·

774 955 854 1025 mini,
865 958 900 1012 ad
913 956 1053 1027 judicium
1067 957 1109 1012 rel
1125 955 1153 1013 in
1169 964 1304 1015 mentem.
1323 959 1369 1017 Di-

774 1034 835 1083 ctus
851 1033 894 1083 cst
910 1033 1006 1084 autem
1021 1031 1146 1084 loannes
1160 1030 1285 1100 Angelus
1300 1046 1367 1102 pro-

773 1104 837 1170 pter
851 1100 906 1155 duo
923 1117 929 1154 :
945 1098 1049 1170 primo,
1074 1107 1191 1170 propter
1214 1101 1301 1157 officii
1320 1102 1366 1159 di-

773 1170 923 1241 gnitatem,
939 1170 1005 1240 quia
1021 1170 1073 1228 luit
1088 1171 1213 1228 nuntius.
1232 1172 1365 1231 Officium

773 1241 849 1298 enim
865 1242 1039 1313 Angelorum
1051 1246 1094 1298 est
1107 1258 1211 1299 arcana
1224 1244 1365 1315 revelare,

774 1312 813 1369 sic
824 1312 1364 1385 officiumloannisarcanapredicere.

773 1386 852 1449 Nam,
873 1385 946 1440 sicot
964 1385 1088 1455 Angelus
1103 1385 1215 1443 Gabriel
1229 1387 1366 1444 nativita-

772 1455 1366 1530 temSalvatorispaucisaununtiavitper·

772 1527 861 1593 sonis,
884 1527 990 1582 scilicet
1009 1530 1040 1583 B.
1062 1527 1171 1598 Virgini
1193 1534 1222 1584 et
1244 1531 1364 1603 Joseptr,

771 1599 933 1723 fastoribns
947 1605 975 1653 et
990 1597 1098 1670 Magis,
1120 1598 1159 1655 ita
1171 1602 1297 1657 loannes
1311 1617 1363 1674 pa·

782 1684 828 1725 am
840 1668 917 1726 illum
935 1669 985 1725 toti
996 1670 1104 1727 mundo
1116 1670 1266 1727 nuntiavit.
1283 1673 1364 1731 Unde

770 1741 866 1796 Bedo:
895 1761 909 1793 n
926 1741 1051 1815 Angelus
1072 1747 1189 1797 vocatur
1223 1746 1362 1815 loannes,

770 1828 828 1868 non
836 1816 946 1868 naturae
956 1812 1102 1882 societate,
1111 1813 1161 1869 sed
1171 1813 1258 1869 olsscii
1269 1814 1363 1886 digni·

770 1887 837 1939 tate.
855 1885 945 1951 »Quo
968 1883 1093 1953 nomine,
1118 1891 1194 1941 recte
1222 1886 1361 1957 appellari

768 1954 861 2025 potuit
879 1955 965 2012 horno
991 1955 1049 2022 ille,
1069 1955 1117 2027 qui
1136 1959 1195 2023 snit
1213 1961 1314 2014 tensus
1340 1976 1360 2015 n

768 2030 822 2081 Dee
838 2032 868 2081 ut
891 2030 1076 2083 testimonium
1097 2029 1254 2098 perhiberet
1266 2031 1301 2084 de
1314 2031 1359 2087 ln-

768 2101 851 2166 mine,
869 2103 897 2153 et
926 2097 1084 2154 venientem
1109 2100 1138 2153 in
1162 2115 1247 2156 carne
1265 2100 1361 2157 Domi·

768 2185 836 2224 num
853 2170 957 2225 mundo
974 2169 1129 2226 nuntiaret.
1149 2172 1182 2225 Et
1197 2172 1360 2230 sacerdotes

767 2239 867 2319 Angeli
882 2246 1100 2311 nuncupantur;
1121 2242 1194 2299 unde
1209 2243 1360 2314 Apostolus

767 2312 900 2382 prolnbet
927 2329 960 2366 ne
979 2311 1112 2368 mulieres
1130 2312 1242 2370 detorto
1265 2313 1359 2387 capite

767 2388 861 2449 orent,
888 2388 1004 2454 propter
1027 2384 1150 2454 Angelos
1178 2384 1237 2453 liei,
1262 2385 1292 2442 id
1314 2390 1359 2443 est

768 2453 941 2509 sacerdotes.
958 2456 999 2521 Et,
1015 2455 1170 2511 secundum
1186 2458 1358 2526 Gregortwn,

767 2523 961 2606 unusquisque
987 2526 1091 2595 fidelis,
1123 2527 1146 2582 si
1175 2543 1192 2583 a
1216 2529 1357 2599 pravitate

767 2611 926 2722 Eronmum
943 2603 1057 2654 revocat
1082 2603 1111 2653 et
1129 2598 1166 2654 ad
1189 2600 1296 2656 bonum
1308 2617 1356 2657 es·

787 2673 907 2735 ortatur,
919 2667 941 2723 si
955 2675 1096 2725 aeternum
1107 2685 1227 2741 regnum
1236 2671 1279 2726 vel
1290 2687 1357 2743 sup-

765 2739 996 2809 pliciumerranti
1027 2741 1187 2803 denuntiat.
1212 2742 1356 2813 prolecto.

764 2811 898 2880 Angelus,
915 2809 944 2866 id
967 2816 1010 2867 est
1030 2812 1146 2869 nuntius
1163 2812 1286 2883 nomint,
1299 2817 1354 2871 est.

765 2912 799 2921 —
815 2881 955 2950 Secundo,
970 2882 1063 2938 dictus
1078 2889 1121 2939 est
1143 2884 1267 2956 Angelus
1287 2900 1355 2957 pro·

764 2957 828 3022 pter
848 2953 913 3008 vitae
937 2953 1074 3023 angelicae
1097 2954 1249 3025 puritatem
1267 2971 1355 3027 quam

764 3023 842 3080 duxit
856 3023 886 3079 iu
897 3023 1060 3094 solitudine,
1073 3025 1102 3083 id
1112 3032 1155 3081 est
1164 3025 1355 3097 virginitalem

763 3093 794 3150 in
809 3095 1057 3166 contemplatione.
1080 3097 1159 3154 Unde
1182 3097 1222 3153 ait
1239 3099 1354 3169 Chryso·

763 3171 885 3222 stemus:
902 3189 916 3218 u
933 3170 1036 3224 Beatus
1051 3171 1188 3237 Joannes,
1204 3168 1251 3240 qui
1268 3170 1354 3227 talem

763 3238 867 3294 meruit
879 3239 985 3296 habere
999 3239 1187 3296 laudatorem.
1197 3240 1355 3299 Audinunc

762 3314 790 3365 et
812 3309 937 3382 intellige
960 3310 1048 3383 ipsius
1066 3310 1250 3382 dignitatem
1273 3318 1342 3385 puto

761 3380 785 3436 si
816 3398 873 3438 non
894 3388 969 3439 esset
993 3381 1120 3440 audaciae
1138 3383 1250 3449 dicere,
1276 3400 1315 3456 qu

761 3452 913 3523 gloriosior
926 3459 969 3511 est
978 3456 1114 3523 Joannes,
1125 3454 1191 3526 quia
1201 3455 1287 3511 homo
1301 3455 1355 3513 suit

760 3530 788 3578 et
807 3531 922 3597 propter
937 3524 1069 3581 meritum
1091 3525 1200 3582 virtutis
1228 3526 1355 3597 Angelus

760 3600 804 3651 est
816 3604 942 3664 vocatus,
960 3596 1079 3667 quamsi
1096 3597 1212 3653 nomine
1226 3598 1353 3669 Angelus

761 3672 789 3721 et
803 3673 907 3722 natura
931 3667 1038 3725 luisset.
1056 3669 1179 3740 Angelus
1200 3668 1278 3725 enim
1297 3669 1354 3726 hoc

759 3736 852 3809 ipsum
868 3738 944 3808 quod
959 3739 1082 3812 Angelus
1101 3746 1153 3809 est,
1170 3757 1226 3796 non
1239 3744 1352 3797 tantum

759 3814 802 3864 est
827 3809 940 3867 virtutis
958 3811 1121 3882 praemium,
1146 3816 1284 3883 quantum
1299 3828 1351 3869 na·

758 3883 830 3937 turre
846 3881 1016 3953 proprietas.
1033 3885 1089 3941 Iste
1101 3886 1199 3940 autem
1211 3882 1351 3940 mirabilis

758 3958 812 4020 est,
823 3952 871 4024 qui
887 3953 917 4009 in
928 3959 1031 4011 natura
1043 3955 1169 4011 humana
1182 3954 1351 4025 Angelicam

757 4027 954 4095 transgressus
974 4030 1019 4082 est
1042 4025 1233 4093 sanctitatem,
1248 4030 1279 4081 et
1295 4026 1351 4083 hoc

757 4095 880 4151 obtinuit
894 4112 944 4167 per
968 4096 1092 4168 gratiam
1108 4096 1168 4164 Dei,
1189 4096 1267 4168 quod
1290 4112 1352 4155 uon

755 4166 854 4224 habuit
880 4174 996 4224 natura:
1015 4189 1030 4220 n
1055 4169 1117 4227 haec
1131 4170 1349 4237 chrysostomus.

795 4259 826 4294 ιο
851 4240 928 4294 Nsuo
945 4256 1025 4296 mrnn
1039 4257 1157 4297 somnes
1169 4257 1256 4296 uaros
1271 4241 1350 4295 Para·

754 4325 874 4368 consona
883 4310 1351 4383 Dostnt.-Et,utsummamsir·
