2880 4942
211 319 252 373 DE
280 319 491 376 barensibus
519 322 631 377 APOST.
660 323 699 377 lc
725 323 888 380 illasione
915 327 1018 381 LXXII
1046 327 1215 384 ulsclrat.
1298 330 1330 387 Ἃ

590 623 730 698 CAPUT
751 625 852 698 LVlll

117 840 159 887 lt!
172 838 357 888 memoli!
377 833 609 891 marceacum
627 835 666 881 AC
683 835 823 884 1188101113
841 838 881 884 BT
901 839 1084 889 RRYERSIONR
1105 840 1314 889 SRP'I'UAGffl'l'A

533 931 659 979 nubente
674 933 904 982 emundabant.

370 1087 458 1145 Maon.
470 1101 532 1159 cap.
547 1086 594 1155 XI,
607 1086 693 1142 Marc.
708 1101 772 1159 eap.
784 1088 820 1144 vl
833 1090 862 1143 et
873 1088 940 1145 Luc.
953 1102 1016 1159 cap.
1031 1088 1065 1142 Χ.

142 1284 308 1345 ndrosrom
331 1299 520 1340 mmmmm
547 1300 582 1338 an
609 1298 691 1339 rasura
744 1281 899 1339 secundum
914 1284 1120 1353 Hieronymum,
1136 1298 1265 1340 seorsum
1278 1283 1331 1340 dn·

99 1372 157 1415 noe
176 1371 280 1412 oocnsr
299 1371 371 1419 ouon
387 1372 454 1411 nosr
472 1371 690 1410 rnnnrmmoueu
742 1353 780 1410 cit
794 1353 931 1412 Dominus
945 1370 1017 1427 quos
1028 1354 1126 1426 elegit,
1139 1359 1171 1412 ut
1184 1354 1259 1411 inter
1274 1370 1331 1412 rna-

100 1444 335 1486 conmrmrrom
347 1429 691 1484 marmannorum-Et
742 1425 784 1481 los
803 1425 930 1483 viventes
947 1426 1023 1484 mala
1043 1443 1101 1483 non
1121 1427 1278 1484 intendant.
1297 1429 1331 1484 lit

100 1502 299 1562 conuenientes,
318 1497 348 1554 id
368 1503 412 1554 est
429 1503 605 1555 revertentes
619 1498 692 1568 Apo
741 1499 814 1554 bene
825 1497 939 1569 dieitur,
952 1503 984 1555 ut
992 1497 1173 1572 quiescerent
1182 1499 1328 1571 pusillum,

100 1569 582 1643 noesdepraedieationeoesesom,
594 1585 692 1624 renun-
741 1568 809 1641 quia
827 1569 932 1642 pusilla
948 1570 1063 1642 requies
1081 1575 1125 1627 est
1144 1569 1189 1626 trio
1209 1572 1328 1639 Sanctis,

100 1644 243 1699 &meunt
253 1645 278 1697 ei
288 1644 381 1697 omnia
392 1657 454 1712 qua
462 1642 610 1697 docuerant
620 1656 692 1712 prae·
742 1641 931 1698 laborantem
945 1658 1080 1714 inagnum
1100 1642 1152 1699 sed
1168 1648 1268 1715 postea
1284 1641 1328 1699 di·

100 1712 237 1781 dicando,
252 1718 278 1768 et
292 1718 403 1782 eperunt
418 1711 554 1769 miracula
568 1728 690 1784 oporau·
741 1717 822 1768 cetur
836 1713 877 1770 eis
894 1731 901 1769 :
920 1717 954 1772 Ut
968 1717 1143 1785 requiescant
1157 1730 1175 1769 a
1189 1714 1329 1770 laboribus

101 1784 151 1853 do,
166 1784 351 1841 ostendentes
363 1785 439 1857 quod
452 1783 617 1840 mandatum
629 1785 691 1854 ejus
741 1785 814 1851 euim
840 1800 924 1856 opera
944 1788 1016 1842 enim
1042 1788 1154 1841 illorum
1177 1791 1331 1856 sequuntur

99 1855 227 1914 fideliter
245 1854 369 1912 exsecuti
392 1855 518 1924 luerunt,
538 1860 567 1910 et
585 1855 692 1926 gratias
742 1856 815 1910 illos.
826 1855 907 1912 Unde
916 1856 986 1913 dicit
994 1857 1154 1925 Greporius
1166 1857 1242 1926 quod
1249 1860 1329 1912 tanto

99 1927 263 1986 referentes
276 1927 419 1999 superbis
433 1942 496 1998 quae
510 1932 690 1997 acceperunt.
742 1932 809 1982 tunc
819 1927 911 1998 major
923 1927 1036 2019 requies
1048 1927 1113 1994 erit,
1123 1932 1231 1998 quanto
1243 1926 1329 1981 modo

101 1997 232 2058 Veniunt
246 2014 314 2081 ergo
329 1997 456 2070 Apostoli
470 1998 507 2053 ad
518 1999 626 2065 lesum,
640 1996 693 2052 rivi
743 1998 779 2052 ob
803 2012 932 2054 amorem
955 1997 1117 2054 conditoris
1141 1995 1197 2063 sui,
1217 1996 1331 2068 requies

100 2069 258 2129 adiontem
276 2075 356 2142 Juxta
370 2069 517 2126 illudzne
527 2070 614 2125 tooum
622 2069 694 2123 uredo
744 2067 823 2124 nulla
843 2068 938 2125 luerit.
958 2071 992 2125 Et
1009 2085 1026 2125 e
1042 2073 1143 2125 contra
1159 2067 1331 2138 intellige,o
1409 2135 1414 2143 Ι

101 2146 208 2199 eseiam
220 2144 336 2211 punine
348 2146 533 2204 revertuntur,
548 2145 580 2196 ut
593 2143 693 2195 iterum
743 2139 834 2221 piger,
851 2140 926 2211 quod
937 2144 1017 2197 tanto
1032 2145 1099 2197 tunc
1111 2138 1205 2195 minor
1217 2138 1330 2211 requies

100 2212 196 2285 fluuit
199 2253 265 2269 ......
287 2213 368 2269 ibant
389 2214 526 2268 animalia
544 2211 579 2268 de
598 2210 694 2282 quiete
743 2218 808 2280 erit,
827 2217 934 2282 quanto
951 2228 1027 2269 nunc
1042 2213 1079 2268 ob
1094 2227 1222 2269 amorem
1236 2209 1331 2267 earnis

101 2283 354 2356 contemplationis
368 2285 404 2341 ad
418 2282 547 2340 laborem
560 2283 691 2349 actionis,
743 2282 858 2354 requies
874 2285 965 2356 major
974 2285 1069 2341 luerit.
1079 2286 1112 2340 Et
1127 2283 1200 2351 ideo,
1217 2289 1248 2339 ut
1262 2288 1331 2339 tunc

101 2359 130 2413 et
150 2356 359 2411 revertebantur
380 2355 485 2412 iterum
508 2354 545 2411 ad
565 2354 692 2426 quietem
742 2355 868 2425 gaudere
882 2355 975 2428 possis
984 2356 1133 2413 dulcedine
1145 2355 1259 2427 quietis,
1272 2370 1330 2411 non

100 2425 364 2498 contemplationis.
383 2429 497 2483 Etcum
518 2427 632 2483 atiendo
651 2425 692 2483 eis
742 2427 898 2484 abhorreas
907 2426 1330 2499 nuncgustarcamaritudinem

101 2498 141 2557 de
162 2497 312 2555 laboribus
335 2498 403 2565 suis,
425 2497 464 2554 ait
485 2442 541 2554 iliis
564 2520 571 2554 ε
598 2500 692 2555 Venite
743 2496 860 2568 laboris
876 2500 1027 2555 attendens
1039 2500 1126 2556 rerba
1138 2502 1226 2554 Boetia·
1238 2498 1332 2554 dicen

101 2584 227 2628 meum
240 2570 528 2651 indumentorum,
541 2573 567 2624 et
579 2574 644 2640 post
654 2569 692 2651 ¹²:
743 2568 780 2625 tis
796 2587 804 2624 ι

101 2641 692 2794 enuntiationibusret:
777 2674 1283 2805 spppp

101 2787 139 2842 ut
160 2783 694 2855 saeollrgerentinoratrone‚s1cut
988 2764 1010 2820 Ρ
1112 2763 1133 2819 Ρ
1245 2788 1253 2802 ·

102 2853 228 2937 dispersi
242 2854 356 2911 luerent
370 2854 401 2910 in
414 2853 631 2927 praedicatione;
645 2871 694 2910 nee
742 2855 894 2925 Quiescere
906 2871 976 2939 ergo
987 2855 1054 2914 iaeit
1067 2855 1196 2914 Christus
1210 2853 1331 2927 discipu-

103 2940 184 2984 enrm
205 2929 329 2998 epatium
350 2927 449 2981 edendi
465 2927 612 2994 babebant,
635 2942 694 2997 prae
743 2928 1156 2997 lossuos‚ntd1scantomnes,
1169 2927 1331 2985 etmaxime

103 2995 210 3065 turbis,
234 3003 313 3052 orara
331 3001 404 3054 enim
421 3000 514 3067 multi,
535 3001 584 3070 qut
603 3001 693 3053 venie·
744 2999 792 3072 qui
814 3005 951 3073 praesunt,
975 3001 1053 3073 quod
1076 3000 1125 3073 qui
1147 3001 1277 3057 laborant
1302 2999 1331 3055 in

106 3069 175 3125 bant
191 3073 218 3124 et
233 3069 313 3123 redib
323 3074 375 3124 int.
398 3069 480 3126 Unde
494 3069 592 3125 Beda:
609 3092 624 3121 «
640 3068 694 3126 Ubi
745 3087 831 3142 opere
844 3078 873 3128 et
884 3088 1017 3129 sermone
1026 3073 1155 3143 requiem
1167 3086 1333 3143 promeren-

103 3154 213 3212 magna
224 3139 362 3211 temporis
375 3140 450 3197 illius
462 3139 594 3209 felicitas,
607 3141 643 3197 de
656 3141 696 3196 la·
744 3149 801 3199 tur.
824 3144 878 3199 Per
896 3145 950 3199 hoc
968 3143 1055 3200 etiam
1071 3144 1240 3209 ostenditur,
1256 3141 1333 3213 quod

104 3211 177 3271 bore
193 3211 356 3269 docentium
371 3211 466 3283 simul,
479 3217 507 3268 et
524 3212 696 3269 discentium
745 3214 959 3286 praedicatores,
974 3219 1038 3286 post
1054 3213 1263 3286 nundinationis
1277 3212 1333 3268 dis

105 3281 205 3340 studio
219 3282 441 3353 demonstratur,
457 3299 521 3355 qua
538 3283 647 3340 utinam
665 3283 695 3339 in
746 3300 872 3354 cursum,
887 3285 982 3341 redire
995 3285 1100 3341 debent
1112 3285 1149 3340 ad
1161 3283 1335 3353 contempla-

106 3359 206 3415 nonro
218 3370 279 3411 aero
292 3354 410 3424 rediret,
421 3360 453 3411 ut
465 3359 545 3411 tanta
556 3354 696 3410 ministris
747 3355 834 3412 lionis
853 3361 1008 3423 secretum3
1024 3362 1053 3410 et
1066 3371 1154 3426 opera
1168 3369 1221 3410 sua
1238 3367 1335 3407 coram

105 3425 188 3483 verbi
203 3425 365 3498 frequentia
379 3425 507 3484 fidelium
522 3425 635 3481 insistat
649 3441 696 3481 au·
748 3429 806 3483 Deo
816 3425 957 3481 discutere
965 3431 994 3481 et
1002 3422 1334 3495 diligentereraminare‚

106 3496 245 3566 diturum,
259 3513 324 3569 quae
340 3513 393 3554 nee
404 3498 526 3554 liberum
540 3496 581 3552 eis
596 3512 697 3552 curan·
747 3503 778 3554 ut
796 3497 833 3553 de
848 3496 930 3554 bonis
945 3496 1052 3567 gratias
1062 3501 1149 3567 agant
1164 3500 1193 3551 et
1208 3494 1244 3549 de
1257 3492 1334 3550 dele·

106 3567 137 3626 di
156 3567 285 3640 corporis
311 3568 434 3641 spatium
455 3567 607 3625 concedatl
626 3569 697 3624 Nam
747 3568 839 3625 atibus
867 3567 978 3624 reniam
1008 3571 1116 3640 petant.
1142 3566 1337 3623 Admonemur

105 3638 213 3769 {mbos
239 3639 401 3697 necessaria
427 3639 547 3697 curandi
570 3639 697 3712 corporis
747 3640 843 3713 itaque
870 3638 916 3696 hie
938 3638 968 3695 in
989 3639 1103 3696 Domini
1121 3637 1213 3703 lactis.
1234 3642 1265 3694 ut
1283 3636 1335 3694 ali·

129 3726 182 3768 ora
196 3717 327 3782 negatur,
338 3711 544 3783 quantominus
555 3711 697 3769 illecebris
747 3712 861 3784 quando
878 3712 914 3769 ab
930 3710 1041 3769 actione
1055 3710 1236 3784 quiescamus
1250 3713 1281 3767 et
1298 3710 1336 3767 ad

106 3780 212 3841 animae
227 3799 286 3839 suae
301 3783 451 3857 carnisque
466 3782 600 3841 studendi
611 3784 698 3841 laeul·
747 3790 891 3842 secretum
923 3783 1171 3856 contemplationis
1204 3788 1337 3839 transea-

106 3856 155 3911 tae
168 3854 266 3922 adest3
286 3854 357 3927 quin
371 3855 466 3928 potius
484 3855 619 3928 aquibus
634 3872 697 3913 ver·
748 3872 828 3913 mus:
840 3854 1063 3928 quiainaetione
1070 3853 1203 3913 exteriori
1212 3856 1336 3926 spatium

106 3924 179 3984 bum
193 3925 273 3993 fidei,
286 3931 316 3982 et
328 3926 452 3983 salutare
465 3927 632 3998 mysterium
647 3943 698 4000 op·
747 3927 959 4010 contemplandi
968 3928 1174 3986 nuntiabamus
1194 3927 1336 4005 Quaecun-

106 4001 242 4071 portum,
261 3996 426 4070 importune
444 3997 577 4070 exigitur,
597 3999 699 4054 horum
747 3999 895 4071 templatio
909 4007 986 4056 recte
1000 3999 1046 4055 hic
1060 3999 1207 4056 desertum
1219 3995 1334 4061 dicitur,

107 4066 223 4125 animus
232 4075 443 4197 consegueuter
454 4070 491 4126 ad
502 4069 614 4141 agenda
626 4085 699 4126 sem·
748 4071 816 4141 quia
827 4070 951 4127 amultis
960 4070 1101 4127 deseritur
1112 4074 1141 4124 et
1153 4083 1170 4122 a
1180 4064 1278 4136 paucis
1291 4063 1335 4119 in-

105 4139 320 4214 pereteogitan
342 4140 495 4198 aeoelestie
505 4140 697 4210 succenditur,
749 4142 904 4210 habitatur,
919 4141 950 4198 in
961 4157 1019 4213 qua
1027 4137 1233 4217 requiescimus
1246 4134 1335 4206 pusil-

107 4226 147 4269 nc
159 4226 271 4283 eaquae
282 4212 376 4269 verbis
387 4213 501 4281 docent,
517 4212 598 4268 laetis
609 4211 699 4284 impu·
748 4212 818 4283 lum,
834 4212 902 4284 quia
919 4227 971 4285 pro
990 4217 1089 4267 nostra
1107 4207 1261 4288 fragilitate
1279 4221 1336 4262 non

109 4287 201 4355 guent
216 4299 223 4338 :
240 4304 255 4333 r
271 4284 334 4340 baee
350 4284 436 4340 Beda.
456 4283 572 4356 Mystico
590 4288 697 4352 autem,
749 4283 800 4340 diu
812 4283 918 4341 divinae
930 4281 1171 4339 risioniralemus
1182 4278 1336 4346 inhorrere,
