2880 4942
166 344 212 400 i‘lt

519 337 628 392 l'Rlllill
654 332 772 388 ruatis
798 332 903 386 tirus
931 332 1049 387 litttlll

167 454 277 511 derant.
290 453 363 510 Sunt
374 448 450 507 enim
463 445 555 515 multi,
569 449 597 501 et
607 441 755 515 potissime
811 438 929 496 honoris
948 454 1053 496 nomeu
1071 453 1130 495 non
1144 436 1267 496 virtutis
1284 444 1404 498 tenetm.

167 522 303 596 religiosi,
321 523 368 593 qui
383 518 537 591 dignitates
552 532 583 572 se
598 531 655 571 non
671 529 757 586 appe-

167 602 229 654 tere
251 595 400 661 simulaut;
422 590 473 647 sed
497 605 562 646 eum
583 588 754 655 olleruniur,

167 669 300 725 manibus
311 671 340 721 et
353 662 471 737 pedibus
488 657 691 732 promptissimi
707 673 756 713 oc·

167 742 295 805 currunt,
322 740 351 793 et
377 733 433 791 laeti
460 731 627 803 suscipiunt,
646 730 705 785 imo
727 732 757 785 et

812 512 893 568 Unde
911 511 987 568 idern
1001 510 1160 568 Bernartius
1177 529 1189 566 r
1208 530 1225 564 ii
1241 511 1405 571 Currituri

812 583 888 640 clero
900 585 1006 656 passim
1015 584 1051 640 ab
1061 583 1140 639 omni
1153 586 1243 640 aetate
1257 591 1290 641 et
1299 584 1404 655 ordina,

812 672 829 713 a
843 656 934 713 doctis
945 655 1052 729 pariter
1064 662 1094 711 et
1108 653 1249 725 indoctis,
1266 656 1308 712 ad
1322 658 1404 715 eceb·

812 727 940 784 siastieas
962 743 1055 794 curas,
1075 731 1228 798 tamquam
1251 728 1321 785 sine
1338 728 1405 785 curii

187 808 338 878 nandoque
349 805 508 863 voluntarie
522 807 612 860 semet
622 802 756 858 olleruut.
809 800 869 871 jani
885 801 1004 871 quisque
1016 798 1144 855 victurus
1157 798 1210 866 sit,
1226 815 1298 857 cuui
1314 801 1350 857 ad
1363 816 1405 857 eu·

167 826 238 938 guni
251 879 335 936 etiam
349 877 438 935 cibis
454 875 552 948 aliqui,
564 873 652 947 quiin
666 871 758 943 digui-
811 887 859 927 ras
873 871 1044 943 pervenerit.
1060 869 1141 926 ldulti
1155 886 1220 926 non
1235 875 1323 928 tanta
1337 872 1402 929 fidu·

165 952 272 1008 tatibus
285 950 368 1023 positi
381 950 495 1021 tingunt
508 964 539 1005 se
549 947 622 1004 velle
634 961 684 1002 eas
696 959 755 1001 uon

165 1024 286 1093 babere;
310 1023 361 1080 sed
383 1020 568 1079 nihilominus
591 1034 644 1091 per
662 1033 703 1099 se,
726 1019 756 1072 et

165 1096 338 1153 mediatores
377 1097 511 1151 recurant
544 1095 573 1148 et
591 1102 756 1146 occasiones

165 1110 522 1241 quieruntsoliicite,quoii
549 1162 676 1247 ossintin
686 1158 755 1241 ipsis

165 1240 268 1297 olliciis
281 1255 439 1297 remanere.
451 1240 512 1321 Nou
528 1181 580 1291 ibit
591 1232 754 1316 liujusmodi

165 1311 309 1385 simulatio
330 1316 359 1368 et
377 1310 454 1367 fictio
471 1326 500 1365 iu
519 1311 650 1375 Domino,
672 1307 756 1385 prout

163 1390 243 1456 patet
259 1385 369 1454 exejus
385 1384 470 1439 lacto.
486 1379 561 1436 llisit
579 1377 654 1460 euim
669 1377 756 1432 disci-

163 1455 755 1600 titillassetabsistit

166 1595 208 1651 los
227 1600 404 1666 quarereut3
425 1597 453 1650 et
472 1592 585 1657 deiude,
606 1590 675 1663 ipsis
695 1606 753 1646 non

164 1666 388 1735 advertentibus,
401 1668 519 1721 salustii
532 1669 648 1719 montem
662 1678 753 1717 escen·

164 1739 216 1801 dit.
233 1744 261 1794 et
278 1740 318 1794 sic
335 1754 436 1794 manus
450 1752 549 1794 eorum
565 1735 664 1792 evasit.
681 1734 752 1791 Vide

164 1826 229 1867 cum
249 1816 358 1882 quanto
377 1809 517 1866 studiosi
538 1808 647 1864 cautela
667 1807 750 1877 sugit,

43 1936 52 1955 ,
163 1887 190 1940 ct
201 1883 354 1939 declinavit
365 1884 515 1939 bonorem.
527 1879 691 1951 Exemplum
706 1879 754 1935 de-

162 1954 203 2011 dit
219 1955 312 2024 uobis,
323 1959 354 2012 ut
368 1960 397 2011 ct
412 1970 465 2010 nos
475 1954 515 2010 ita
530 1955 675 2009 iaciamus.
691 1952 752 2006 Non

161 2026 237 2083 euim
251 2044 301 2099 pro
317 2044 358 2096 so,
373 2027 422 2084 sed
435 2043 487 2098 pro
498 2025 580 2082 uobis
590 2026 669 2106 lugit.
683 2023 754 2093 Cog-

160 2100 296 2155 nosrebat
322 2115 445 2170 namque
468 2103 581 2169 quaiitae
608 2102 645 2151 sit
662 2100 752 2151 teme·

161 2169 265 2235 ritulis,
289 2169 313 2225 si
338 2171 375 2226 ad
398 2171 523 2225 bonores
546 2167 748 2239 aspiceremus.

161 2241 258 2294 Houor
272 2239 347 2295 cuim
358 2242 392 2295 de
405 2238 560 2310 majoribus
574 2244 616 2294 est
629 2238 750 2307 laqueis,

160 2314 189 2365 et
202 2309 381 2381 gravioribus
393 2309 566 2382 ponderibus
581 2309 616 2363 ad
632 2310 749 2364 subver-

159 2379 750 2450 sioiicmanimarum,sivesithonorprie-

158 2451 284 2521 lationis,
302 2453 360 2510 sive
375 2451 521 2527 potentiae,
537 2452 595 2509 sive
611 2451 747 2522 scientiis,

158 2524 217 2582 sive
232 2525 378 2583 similium.
399 2525 450 2582 Vix
471 2524 548 2582 enim
564 2523 625 2580 lieri
644 2530 746 2596 potest,

160 2599 248 2669 quod,
275 2599 322 2670 qui
346 2598 377 2655 iu
400 2599 510 2654 bonore
532 2597 697 2667 delectatur,
718 2597 749 2653 iu

158 2670 286 2741 periculo
305 2670 348 2726 vol
367 2669 523 2742 praecipitio
543 2686 598 2725 riou
621 2669 671 2738 sit3
692 2669 747 2737 val,

158 2741 234 2811 quod
249 2748 293 2796 est
311 2743 402 2821 pejus,
417 2743 477 2822 jam
495 2740 651 2812 praeripitio
668 2740 748 2796 rolli·

158 2825 216 2867 sus,
236 2812 360 2866 Ambitio
380 2827 457 2867 euiin
475 2818 518 2866 est
536 2812 636 2866 vitium
657 2811 746 2880 pessi-

158 2895 247 2945 mum,
273 2898 305 2937 ac
330 2897 415 2937 causa
438 2885 467 2937 et
489 2882 569 2937 radiii
592 2883 747 2939 multorum

158 2951 279 3007 aliorum
293 2951 435 3007 vitiorum.
452 2954 554 3008 llultos
567 2952 671 3024 quippe
687 2956 748 3011 iiiuc

158 3022 253 3094 passio
271 3023 310 3079 sic
330 3027 461 3090 excaecat,
481 3029 511 3080 ut
529 3023 616 3079 eliani
635 3040 669 3080 aa
683 3041 747 3096 quie

158 3094 255 3150 multis
273 3094 338 3152 aliis
357 3096 509 3152 inauilesta
530 3101 596 3152 suiit
616 3096 669 3168 ipsi
688 3114 746 3155 uon

158 3167 290 3237 videaut;
306 3166 404 3298 sicque
417 3166 447 3223 in
458 3168 569 3225 foveam
579 3168 680 3240 priinae
690 3171 747 3226 cul·

156 3254 212 3313 pae,
236 3246 264 3296 et
283 3239 349 3297 dein
371 3258 387 3298 e
408 3241 547 3313 gehennae
572 3241 685 3299 cadant.
712 3245 747 3300 Et

157 3311 760 3385 quidprodesteis‚simundumlucreiitur

156 3385 321 3442 uuiversum
336 3385 445 3458 seipsos
459 3392 554 3443 autem
569 3387 701 3457 perdant,
716 3392 747 3444 et

156 3455 360 3515 detrimentum
387 3457 431 3516 sui
459 3459 586 3516 laeiaut‘l
614 3459 642 3516 Si
671 3459 744 3517 torte

153 3526 341 3585 blandiuntur
357 3530 411 3588 sibi
427 3529 515 3602 aliqui
530 3530 673 3587 ambitiosi
688 3532 742 3589 sub

154 3598 249 3677 specie
263 3598 332 3655 lueri
347 3602 517 3671 animarum,
553 3604 613 3658 uasi
631 3601 671 3658 sic
687 3618 744 3659 nie·

154 3665 208 3748 lius
221 3676 337 3738 possent
350 3671 497 3729 intendere
513 3618 597 3730 siiuii
609 3672 740 3730 aliorum.

154 3737 263 3820 Quibus
275 3742 433 3798 bernardus
445 3745 609 3813 respondet,
622 3744 720 3800 dicens
733 3763 740 3801 ε

155 3811 299 3867 «Utinam
320 3812 446 3939 quisquis
464 3814 505 3870 sic
523 3814 622 3881 intrat,
640 3814 664 3870 si
679 3815 742 3872 lieri

152 3887 325 4011 gossetdam
334 3884 391 3940 tide
403 3883 646 3949 amministraret,
655 3902 742 3957 quain

177 3954 326 4012 ducialiter
349 3972 380 4013 se
406 3954 538 4026 ingessitl
565 3959 601 4013 At
625 3957 741 4018 dillicile

811 945 855 999 cia
867 952 896 1000 et
902 943 1048 1000 alacritate
1059 948 1211 998 currarent
1220 943 1260 1000 ad
1271 945 1352 1001 bono

810 1014 835 1071 si
859 1032 921 1072 esse
944 1015 1082 1073 sentirent
1098 1019 1128 1071 et
1152 1029 1260 1072 onera.
1291 1017 1350 1073 Gra

809 1088 936 1214 prolecto
960 1088 1129 1156 metuerent,
1153 1100 1211 1143 nee
1233 1103 1305 1144 cum
1329 1095 1400 1145 tanto

820 1161 907 1217 abore
926 1166 955 1217 et
1008 1156 1096 1215 riculo
1117 1158 1322 1229 quarumlibet
1339 1160 1400 1217 alla·

809 1237 920 1288 clarent
933 1231 963 1287 iu
976 1230 1038 1287 ulas
1047 1229 1233 1300 dignitatum.
1245 1233 1331 1290 Nunc
1344 1246 1401 1289 raro

810 1303 877 1376 quia
891 1303 952 1360 sola
963 1303 1120 1359 attenditur
1129 1301 1224 1384 gloria
1235 1310 1268 1360 et
1283 1320 1342 1361 nou
1352 1319 1399 1383 pue

809 1392 856 1446 ua,
872 1391 974 1448 purum
993 1391 1056 1432 esse
1073 1372 1211 1430 clericum
1226 1376 1398 1432 erubescitur

809 1447 838 1503 iu
858 1448 996 1515 Ecclesia3
1016 1462 1104 1517 seque
1120 1444 1194 1502 viles
1212 1451 1397 1505 aestimantet

808 1518 958 1590 inglorios,
973 1520 1021 1590 qui
1036 1533 1218 1646 quocumque
1231 1520 1395 1576 eminentio-

808 1590 832 1647 ri
847 1593 909 1648 loco
925 1607 981 1647 iioii
996 1591 1101 1647 luerint
1116 1590 1171 1646 sub
1182 1590 1280 1647 imati.
1297 1612 1313 1643 i·
1328 1590 1393 1648 ldeu

808 1663 893 1719 etiarn
908 1664 1075 1725 lternordus,
1085 1659 1169 1733 quasi
1180 1662 1391 1733 subsannando,

807 1735 962 1805 alloquitur
986 1732 1178 1802 ambitiosum,
1206 1735 1250 1790 sic
1274 1735 1391 1792 dicens:

809 1829 824 1858 ii
841 1810 900 1878 lige
914 1822 992 1877 crgo,
1008 1805 1144 1878 quoniam
1158 1806 1393 1876 diubsiinuini'u·

807 1881 912 1936 dietum
926 1882 970 1934 lis
985 1882 1035 1949 qui
1046 1883 1172 1950 praesum
1185 1877 1249 1947 liet,
1267 1886 1299 1936 et
1311 1884 1393 1950 poten

807 1958 847 2008 tes
863 1956 988 2023 potenter
1010 1954 1145 2006 mimano
1165 1954 1333 2021 patientur!
1347 1953 1392 2007 te

807 2025 904 2081 cendit
920 2021 1054 2094 superbia
1071 2026 1121 2107 tua
1135 2037 1266 2103 semper,
1336 2036 1392 2079 uera

807 2112 904 2167 regem
924 2102 1014 2161 tuum,
1034 2108 1118 2149 omne
1136 2093 1264 2151 subliine
1288 2094 1314 2150 vi
1335 2096 1391 2151 eant

805 2167 878 2224 oculi
889 2170 929 2222 tui
938 2185 946 2236 ;
955 2166 1059 2223 lestiua
1067 2165 1262 2236 multiplicare
1274 2168 1392 2238 praeben·

805 2239 867 2305 das,
882 2240 911 2294 iii
926 2238 1187 2295 archidiaconatum
1204 2238 1282 2303 vola,
1297 2235 1391 2295 deinde

804 2310 883 2381 spira
897 2312 934 2366 nd
945 2310 1149 2382 episcopatum,
1163 2325 1219 2365 uec
1231 2308 1272 2366 ibi
1285 2311 1391 2381 quiden

804 2381 932 2452 requiem
951 2381 1108 2449 habiturus,
1124 2383 1266 2452 quoniam
1284 2385 1325 2439 sie
1342 2380 1391 2437 itur

803 2453 840 2510 ad
859 2459 946 2511 astra.
963 2456 1023 2521 Quo
1041 2452 1235 2525 progrederis,
1255 2470 1274 2511 o
1294 2450 1391 2511 miseri

803 2529 856 2594 lin,
872 2532 902 2581 ut
917 2527 953 2582 ab
968 2525 1062 2581 altiori
1075 2523 1164 2597 gradu
1183 2523 1221 2580 sit
1236 2542 1322 2583 casus
1333 2542 1391 2601 gri·

802 2597 884 2654 vior‘l
898 2600 993 2669 Neque
1011 2595 1088 2653 euim
1104 2598 1145 2652 sic
1160 2595 1304 2667 paulatim
1318 2599 1389 2655 decl-

802 2671 867 2737 des3
880 2671 941 2739 sed,
952 2676 1097 2740 tamquam
1107 2666 1214 2740 iulgur,
1224 2667 1336 2741 impetu
1345 2686 1388 2725 re·

803 2741 940 2810 hamenti,
962 2741 1044 2812 quasi
1068 2739 1140 2796 alter
1159 2741 1285 2799 Satanas
1302 2740 1387 2800 subito

803 2813 945 2885 dejicieris
962 2830 969 2868 ι
985 2833 1000 2863 »
1014 2812 1260 2869 harderardus.
1275 2814 1388 2871 Uudeal

801 2889 984 2955 Hieronymus
1009 2900 1016 2939 z
1042 2905 1057 2936 «
1076 2884 1219 2940 Laetamur
1239 2886 1278 2942 ad
1295 2901 1387 2943 ascen·

802 2974 878 3024 sum,
890 2960 1041 3013 timeamus
1056 2956 1179 3027 lapsum3
1190 2972 1251 3013 nou
1264 2964 1309 3014 est
1322 2955 1385 3014 tanti

801 3028 898 3100 gaudii
914 3029 1023 3086 excelsa
1038 3025 1171 3095 tenuisse,
1189 3030 1293 3099 quanti
1306 3036 1387 3087 terro

801 3102 840 3158 ris
855 3101 889 3157 de
907 3099 1024 3158 excelsis
1039 3099 1174 3157 cecidisse
1190 3117 1197 3155 :
1214 3120 1229 3150 ii
1246 3102 1311 3159 liaee
1328 3104 1386 3159 llir·

800 3190 941 3242 ronpinus.
961 3174 1071 3228 Tlmcat
1086 3187 1154 3242 ergo
1173 3172 1345 3231 ambitiosus
1359 3176 1384 3230 et

800 3261 830 3303 se
842 3247 979 3317 corrigat3
998 3260 1033 3300 ue
1050 3244 1125 3317 apud
1139 3243 1274 3300 homines
1287 3246 1386 3303 exalti-

800 3321 845 3374 tus
859 3322 888 3373 et
902 3318 939 3374 ad
953 3322 1066 3387 tempus
1080 3314 1156 3372 laisis
1170 3316 1282 3373 florens
1298 3316 1384 3383 bonis,

799 3390 875 3461 apud
885 3391 975 3445 Deum
985 3386 1160 3456 humilietur,
1170 3392 1199 3444 et
1207 3386 1238 3443 iu
1249 3394 1382 3445 aeiemuin

799 3461 873 3518 veris
892 3466 991 3534 pereat
1008 3458 1165 3516 tormentis.
1180 3460 1295 3527 Quanto
1312 3460 1383 3516 enirn

799 3534 901 3605 majori
912 3535 1021 3590 bonore
1031 3532 1200 3589 sublimatus
1230 3531 1277 3589 uis
1289 3530 1382 3595 lueril;

798 3611 878 3662 tanto
902 3603 1017 3676 majoris
1047 3602 1156 3661 virtutis
1183 3604 1218 3659 de
1241 3602 1299 3660 itor
1320 3600 1380 3669 erit,

798 3682 847 3732 aut
866 3676 967 3749 maj0ri
985 3675 1124 3748 supplicio
1141 3675 1310 3746 subjacebit.
1331 3676 1382 3732 lio·

797 3763 881 3804 nores
895 3748 971 3804 enim
985 3753 1051 3805 sunt
1065 3745 1147 3820 quasi
1161 3747 1295 3818 quadarn
1310 3746 1383 3821 ligni

796 3819 833 3874 ad
852 3819 1096 3892 augmentandum
1114 3818 1211 3890 ignem
1235 3820 1266 3875 in
1293 3819 1382 3876 lutura

796 3905 889 3962 poena.
906 3891 985 3948 Unde
995 3893 1220 3962 Chrysostoinus:
1234 3910 1250 3943 n
1265 3887 1382 3947 lionoris

794 3961 935 4033 siquidem
943 3960 1381 4035 maguitudobis‚quiuuudigne

153 4026 283 4085 fortassis
311 4031 339 4084 et
364 4026 539 4100 impossibile
566 4032 619 4098 est,
651 4034 681 4086 ut
708 4047 742 4088 er
795 4033 893 4090 vivunt
904 4035 935 4091 in
945 4031 1377 4106 bonore,cumulusiucipites=e

153 4112 253 4158 amara
270 4098 366 4157 radice
385 4099 549 4157 ambitionis
568 4100 663 4158 suavis
681 4101 740 4160 lru·
795 4121 943 4178 poeuaroni
965 4123 972 4162 ι
995 4126 1010 4158 ii
1030 4106 1092 4164 baec
1113 4107 1330 4176 chrysostomus.
1348 4104 1380 4161 st

154 4176 216 4228 etus
237 4173 357 4244 prodeat
378 4170 514 4230 carimtis.
536 4192 553 4224 ii
577 4173 644 4242 Sed,
669 4174 738 4233 beni
795 4185 862 4234 tune
877 4175 1046 4236 ambitiosus
1063 4178 1170 4235 nullam
1184 4177 1316 4249 requiam
1329 4176 1378 4233 ba·

153 4243 740 4317 communiterbodiebonoretnouonus,
794 4246 887 4317 sebit,
907 4247 979 4305 sicut
998 4249 1101 4308 necin
1121 4252 1257 4323 prasenti
1277 4249 1380 4307 babere

153 4311 247 4383 gloria
270 4322 301 4372 et
322 4333 381 4375 nen
398 4333 487 4393 piena
504 4317 663 4379 sitandin
680 4334 690 4376 ε
708 4322 741 4378 at
793 4319 893 4379 voluit
907 4320 1051 4381 Gorauini
1064 4320 1211 4382 ambitiosi
1225 4332 1380 4395 numquam
