2880 4942
96 326 145 381 ²9⁸
447 334 557 388 illitu
586 332 705 387 ituris
733 332 838 386 uisui
864 331 988 386 lxxxv

101 435 346 510 telligitordirina
357 438 575 513 sapientia,quae
592 456 626 497 er
638 456 688 498 ore
741 440 804 500 lunt
814 439 953 513 accipere.
972 438 1100 510 Quinto,
1122 443 1160 498 ut
1176 438 1278 498 videet
1291 438 1350 498 irin

101 509 689 585 altissimiprodiit3perterramautemin·
742 512 803 581 Dei,
842 529 905 570 uem
922 512 1110 583 provocavit,
1128 518 1162 569 et
1179 513 1262 585 quod
1276 513 1349 570 bens

101 580 240 664 telligitur
251 600 355 653 corpus
370 585 536 666 humanum,
553 601 616 657 quse
631 584 688 641 duo
743 529 883 643 liciisqllei
902 583 942 641 ita
955 583 1098 656 ingratus
1123 584 1196 641 fuit.
1216 587 1347 651 sextoet

102 660 254 711 commixta
278 656 392 713 luerunt
416 672 445 712 in
472 656 583 714 Christo
609 659 687 725 lesu,
741 657 837 715 rideat
854 672 1075 730 poenamquam
1090 656 1223 726 meruit,
1241 664 1347 729 quaest

102 723 233 782 scilicet:
254 727 377 784 Verbum
386 733 536 798 eternum,
548 729 625 801 quod
637 744 689 801 per
743 733 862 794 aeterna,
876 732 975 785 amara
999 735 1033 785 et
1051 727 1194 786 diversa.
1217 728 1345 811 Septimo,

101 795 232 867 salivam,
254 802 283 854 et
297 814 364 856 caro
383 800 521 865 humana,
545 816 608 873 quae
636 815 689 873 per
742 808 775 860 ut
789 801 883 858 videat
893 799 1014 871 gloriam
1031 815 1127 873 quam
1138 800 1284 873 perdidit,
1292 816 1346 874 qua

101 874 208 926 terram
235 867 411 942 intelligitur.
438 874 471 928 Et
496 873 551 929 hoc
574 871 689 931 benedi·
742 878 786 931 est
799 872 980 944 inlinita‚pro
993 873 1079 944 cujus
1096 879 1196 945 gustu
1210 873 1251 930 ad
1270 889 1344 931 unani

102 945 178 997 ctum
202 941 292 998 tutum
314 948 357 1000 est
381 943 540 1003 remedium
553 942 689 1003 caecitatis
743 947 854 1013 horam,
877 943 1037 1001 secundum
1051 944 1273 1016 Augustianis,
1288 961 1345 1002 con·

101 1017 218 1082 nostrae,
232 1012 254 1070 si
272 1022 368 1072 temen
383 1032 470 1088 super
482 1017 580 1074 oculos
594 1015 689 1074 cordis
742 1018 897 1074 temnenda
908 1019 1005 1072 essent
1015 1016 1123 1073 omnia
1136 1017 1232 1089 hujus
1241 1017 1340 1074 mundi.

104 1084 193 1142 nostri
205 1085 341 1157 liniatur3
359 1089 436 1160 quod
452 1089 486 1145 fii
500 1089 614 1162 quando
627 1104 690 1160 pec·
743 1089 793 1146 llis
804 1093 914 1160 septem
927 1085 1135 1155 consideratis,
1152 1089 1233 1146 bene
1248 1089 1340 1146 durum

100 1163 181 1214 rator
202 1159 239 1215 ad
271 1159 530 1218 considerationem
559 1160 610 1218 Dei
636 1175 689 1243 per
743 1159 1339 1232 etlapideumcorhaborethomo‚quinon

102 1236 248 1302 peccatum
273 1232 385 1303 cilensi,
406 1241 436 1291 et
457 1233 493 1291 ad
512 1231 689 1304 recognitio·
742 1248 841 1289 amara
854 1229 1024 1288 contritione
1037 1238 1294 1314 compungeretur
1307 1232 1338 1288 de

101 1317 167 1383 pem
183 1302 299 1386 silitatis
316 1320 385 1375 suae,
401 1310 517 1378 propter
530 1309 689 1375 peccatum,
743 1302 866 1377 peccatis
881 1305 950 1360 suis.
971 1332 1007 1345 -
1037 1305 1184 1386 Tertium,
1207 1304 1288 1432 guod
1301 1308 1338 1361 est

102 1375 245 1432 inducitur
268 1393 275 1432 :
299 1384 365 1434 tunc
388 1377 464 1434 euim
485 1375 580 1434 nobile
599 1377 689 1433 lutum
743 1393 814 1449 pura
830 1383 1011 1446 peccatorum
1025 1375 1190 1444 consessio,
1229 1391 1336 1448 esigoa·

102 1445 205 1503 Christi
215 1463 300 1518 supra
310 1446 368 1504 vile
377 1449 465 1505 lutum
476 1448 632 1520 peccatoris
641 1463 689 1520 po·
743 1448 783 1503 vit
797 1446 935 1504 Dominus
946 1463 997 1518 per
1012 1447 1067 1503 hoc
1082 1448 1167 1518 quod
1180 1449 1273 1505 istum
1288 1463 1334 1504 cie·

103 1517 296 1589 nitoresque
307 1519 689 1590 cordiscompunctiocsusa·
744 1536 809 1576 cuni
825 1521 865 1575 sic
880 1517 990 1575 linitum
1006 1517 1085 1574 misit
1105 1517 1209 1577 lavare
1227 1520 1334 1576 semeti-

101 1593 157 1644 tur.
168 1589 306 1647 Praedicto
316 1589 403 1659 igitur
411 1592 468 1647 luto
479 1606 530 1647 suo
541 1596 608 1647 tnnc
616 1592 691 1647 Deus
744 1607 838 1664 psum,
853 1607 904 1662 per
915 1590 1140 1656 contessionem,
1157 1591 1238 1663 apud
1252 1607 1334 1648 secer

105 1658 198 1716 luteos
212 1660 307 1716 oculos
318 1660 476 1731 peccatoris
488 1660 591 1732 linivit,
603 1678 691 1734 quan·
743 1664 849 1721 dotem.
868 1662 999 1731 Quamvis
1020 1661 1098 1718 enim
1120 1664 1201 1719 Deus
1217 1662 1335 1719 dimittat

103 1731 140 1788 do
153 1747 217 1788 cum
234 1732 270 1788 ad
292 1732 549 1791 considerationem
574 1750 632 1791 suae
652 1734 691 1791 oi·
743 1735 936 1808 peccatumad
948 1732 1152 1790 contritionem
1167 1735 1334 1807 peccatoris,

101 1803 201 1871 leusae,
215 1809 243 1861 et
256 1802 373 1862 vilitatis
388 1805 505 1876 peccati,
520 1822 554 1864 ac
566 1805 689 1864 miseriae
743 1805 852 1878 obligat
866 1812 962 1862 tamen
977 1820 1042 1862 eum
1057 1805 1094 1862 ad
1112 1805 1333 1876 consessionem,

101 1875 146 1934 sui
165 1881 255 1934 status
274 1876 390 1950 instigat
407 1884 494 1951 atque
512 1877 632 1935 inducit.
655 1880 690 1935 Ut
744 1877 852 1936 bomini
871 1877 931 1934 vice
950 1876 1010 1939 Dei,
1029 1877 1205 1934 faciendam.
1223 1880 1259 1935 Et
1277 1878 1334 1935 talis

102 1953 199 2007 autem
215 1957 349 2022 peccator
361 1951 445 2023 plene
458 1950 636 2008 illuminetur
653 1950 689 2007 ad
744 1950 884 2007 absolutio
898 1949 973 2006 lacta
987 1948 1017 2006 in
1030 1948 1227 2020 consessione,
1244 1948 1335 2007 s'ccun

103 2027 212 2078 rectam
232 2021 433 2093 cogitationem
448 2031 477 2080 et
494 2038 591 2080 rerem
611 2039 689 2079 com·
744 2022 811 2078 dum
829 2023 1028 2091 Augustinus,
1047 2019 1162 2078 reducit
1188 2021 1333 2079 hominen

101 2092 689 2167 punctionem,oportetquodergratiallei
745 2095 781 2151 ad
796 2093 932 2165 Baptismi
945 2092 1108 2166 puritatem.
1119 2093 1334 2159 Praemissisau·

101 2164 263 2222 consideret
277 2174 385 2239 septem
403 2166 562 2239 sequentia.
582 2165 688 2235 Primo,
744 2171 802 2223 tern
815 2167 906 2222 tribus
921 2164 1053 2238 peractis,
1071 2173 1141 2222 tunc
1154 2165 1261 2239 incipit
1272 2181 1332 2238 pec·

98 2240 131 2293 ut
144 2236 304 2294 consideret
317 2244 464 2319 peccatum
479 2238 558 2310 quod
575 2237 690 2295 commi·
744 2244 824 2295 cator
835 2237 930 2294 videre
942 2254 949 2305 ;
965 2242 993 2293 et
1006 2235 1046 2293 sic
1057 2252 1074 2292 a
1084 2251 1139 2293 sua
1151 2243 1284 2294 caecitate
1295 2236 1333 2293 di·

102 2314 148 2374 sit,
161 2315 190 2366 ut
204 2309 290 2379 possit
304 2309 399 2391 videre
414 2309 522 2392 peccati
535 2309 690 2366 multitudi-
743 2309 1041 2437 vinapratiacuratiis',
1050 2307 1334 2391 procidatbumiliter

102 2395 179 2445 nem,
195 2385 223 2436 et
237 2381 420 2438 omissionem
429 2383 546 2449 boni,et
555 2381 688 2439 commis·
744 2386 773 2438 et
795 2398 812 2437 a
833 2387 895 2437 oret
918 2380 1093 2453 suppliciter,
1115 2387 1229 2452 gratias
1249 2395 1332 2452 agens

102 2451 211 2510 sionem
225 2453 291 2510 mali
304 2453 486 2525 cogitatione,
496 2453 647 2522 locutione,
661 2457 689 2511 et
743 2456 812 2511 Deo.
834 2451 950 2525 Signum
966 2467 1032 2508 vero
1048 2457 1093 2508 cst
1109 2453 1188 2522 quod
1205 2457 1333 2524 peccator

101 2523 266 2597 operatione
283 2524 408 2599 quinque
425 2526 568 2594 sensibus,
588 2534 689 2583 contra
744 2528 785 2582 sic
811 2523 985 2581 illuminatus
1000 2528 1054 2587 est,
1071 2524 1187 2594 quando
1200 2525 1280 2580 clare
1293 2523 1331 2580 ri·

103 2596 201 2654 decem
212 2606 466 2669 praceptacontra
474 2605 583 2671 septem
597 2614 690 2655 sacra·
743 2597 792 2655 det
805 2602 834 2653 et
848 2594 1002 2667 cognoscit.
1019 2594 1070 2652 llla
1085 2600 1183 2653 autem
1198 2594 1331 2667 cognitio,

104 2673 211 2728 menta.
228 2669 257 2725 in
276 2670 410 2742 operibus
427 2669 631 2728 miscricordiae
642 2687 649 2738 ;
660 2675 690 2726 et
742 2668 773 2726 in
789 2669 901 2725 duobus
918 2667 1057 2735 consistit,
1069 2666 1197 2748 scilicet:
1216 2666 1249 2724 in
1265 2682 1331 2795 cop·

102 2745 170 2797 tunc
197 2738 273 2797 dicat
292 2758 299 2797 :
321 2744 435 2798 Peceaoi
449 2759 532 2814 super
545 2758 688 2797 numerum
743 2739 887 2798 noscendo
905 2741 1005 2809 Deum,
1035 2745 1064 2796 et
1079 2755 1109 2795 in
1132 2755 1297 2810 cognoscen
1316 2754 1330 2794 o

102 2827 192 2867 orenae
200 2815 353 2879 mortecto
369 2811 611 2879 ltem,considerct
625 2829 687 2880 pec·
742 2811 933 2884 semetipsum.
943 2812 1120 2893 Cognoscere
1127 2810 1257 2868 Deumin
1267 2826 1331 2883 pra·

102 2881 158 2939 cati
168 2881 406 2952 magnitudinem,
419 2884 494 2956 quod
511 2889 569 2940 tani
585 2898 688 2954 magna
743 2884 815 2942 senti
837 2889 881 2941 est
909 2882 1031 2955 cognitio
1063 2898 1121 2940 suae
1147 2882 1288 2954 potentiae
1306 2887 1330 2939 et

102 2957 219 3082 peccata
231 2951 307 3018 lecit,
318 2960 349 3036 et
365 2960 464 3011 contra
477 2959 536 3012 tam
551 2970 688 3026 magnum
743 2973 802 3014 suae
818 2953 963 3013 bonitatis.
980 2954 1217 3083 Copnitioautem
1232 2960 1328 3027 poten·

129 3039 266 3088 ominum,
281 3029 310 3080 et
321 3025 398 3082 dicat
410 3042 417 3081 ι
430 3029 523 3095 Pater,
536 3029 688 3098 peccavisti
743 3028 790 3085 tiae
809 3025 965 3099 generatio
982 3042 1019 3083 uo
1040 3025 1065 3083 is
1077 3026 1223 3095 timorem,
1237 3025 1287 3099 qni
1301 3025 1330 3082 ti·

101 3098 196 3154 coelum
208 3102 235 3154 et
246 3113 336 3154 corum
351 3103 377 3154 te
387 3117 395 3165 ς
405 3104 430 3154 et
440 3114 563 3154 norsum
574 3099 687 3170 dipsas,
743 3116 807 3157 mor
822 3100 890 3156 iacit
908 3099 1041 3156 recedere
1057 3115 1075 3156 a
1092 3097 1188 3167 malo;
1204 3096 1328 3169 cognitio

102 3177 156 3228 otc.
173 3170 254 3237 Item,
271 3169 432 3228 consideret
444 3169 551 3243 pcccati
566 3170 687 3244 turpitu·
743 3170 877 3230 bonitatis
896 3177 1015 3243 generat
1038 3169 1069 3227 in
1090 3167 1174 3228 uobis
1192 3184 1328 3237 amorem,

100 3242 208 3312 dinem,
228 3242 304 3314 quod
320 3248 377 3300 tam
402 3245 496 3315 turpia
510 3247 626 3316 peccata
645 3244 688 3299 le·
744 3243 791 3316 qui
811 3260 894 3300 amor
911 3242 988 3300 ducit
1004 3259 1056 3299 nos
1071 3242 1108 3298 sd
1125 3243 1233 3298 bonum
1262 3239 1328 3298 iaci·

104 3314 153 3374 cit.
169 3316 309 3384 Secundo,
325 3322 356 3372 ut
373 3313 468 3373 videat
483 3322 595 3388 tempus
613 3316 689 3386 quod
744 3316 858 3373 endum.
873 3314 1003 3388 cognitio
1018 3323 1114 3371 autem
1131 3312 1222 3369 nostri
1244 3327 1329 3383 gene·

105 3386 218 3459 amisit3
236 3386 301 3444 vide
323 3405 391 3459 crgo
405 3392 474 3460 quot
498 3387 568 3455 dies,
585 3395 688 3458 quotie
744 3382 1330 3456 ratinnobishuinilitatem,quaeestradi1

103 3473 227 3527 menses,
252 3465 280 3516 et
294 3466 363 3531 quot
379 3477 472 3517 annos
486 3459 610 3516 inaniter
624 3474 690 3515 con·
745 3466 773 3517 et
786 3466 876 3515 mater
886 3458 1012 3515 omnium
1026 3457 1174 3514 virtutum.
1189 3459 1223 3513 Et
1233 3455 1275 3512 sic
1288 3471 1331 3539 pe·

103 3531 297 3604 sumpsisti,et
310 3531 387 3603 quia,
403 3533 557 3589 secundum
567 3534 691 3589 Beimor-
744 3536 785 3587 tet
805 3531 879 3602 quod
899 3530 960 3586 brec
979 3530 1081 3602 duplex
1100 3526 1237 3598 cognitio,
1258 3527 1329 3585 scili·

105 3602 181 3667 diim,
202 3619 286 3660 omne
303 3610 414 3675 tenipus
429 3603 577 3677 perdidisti
592 3603 690 3677 inquo
745 3608 789 3660 cet
803 3604 853 3659 Dei
867 3609 894 3659 el
909 3601 1008 3670 nostri,
1026 3608 1070 3658 est
1083 3615 1170 3681 causa
1181 3599 1272 3681 totius
1286 3615 1332 3657 no-

103 3673 140 3730 de
153 3675 210 3730 Deo
223 3690 278 3730 nou
288 3675 428 3746 cogitasti.
440 3676 585 3745 Tertio,ut
595 3675 691 3732 videat
745 3680 811 3732 strae
839 3673 959 3743 salutis;
989 3689 1056 3731 nam
1082 3676 1207 3744 cognitio
1230 3677 1331 3743 poten·

125 3743 345 3802 ulchritudinem
377 3747 493 3816 auimae,
519 3763 604 3819 quarn
630 3746 690 3818 pol·
744 3747 792 3804 tiae
818 3745 868 3803 Dei
912 3749 1011 3802 encrat
1035 3744 1179 3813 timorem,
1191 3745 1244 3825 ,qui
1267 3742 1333 3824 lacit

103 3760 167 3900 fuit,
183 3832 247 3888 quae
261 3817 452 3889 pulcherrima
470 3820 522 3875 fuit
536 3829 564 3876 ei
580 3818 689 3946 dignis·
745 3819 835 3875 vitare
853 3762 960 3874 maium
973 3836 980 3887 ;
995 3816 1118 3888 cognitio
1132 3814 1270 3873 bonitatis
1285 3818 1333 3873 liei

103 3905 185 3954 sima,
224 3891 270 3946 nia
285 3888 321 3946 ad
337 3889 490 3963 imaginem
506 3895 535 3947 et
553 3892 606 3947 siin

611 3889 692 3945 ritu·
746 3895 864 3962 generat
882 3906 1021 3959 amorem,
1045 3889 1095 3961 qui
1121 3886 1189 3944 iacit
1219 3885 1334 3960 operari

103 3961 199 4018 dinem
236 3960 263 4019 ei
275 3968 390 4028 creata;
406 3966 435 4018 et
447 3963 522 4034 quod
538 3977 567 4017 se
582 3961 622 4019 sic
634 3966 691 4017 tur·
747 3965 868 4032 bouum3
885 3961 1010 4035 cognitio
1029 3959 1119 4018 nostri
1136 3965 1257 4031 generat
1281 3960 1333 4017 liii·

103 4032 179 4105 pitcr
190 4032 344 4091 vilillcaiit.
354 4035 470 4103 Quarto,
480 4038 511 4090 ut
521 4033 690 4106 videatgra-
746 4034 907 4102 militatem,
925 4050 989 4117 quae
1001 4048 1053 4090 nos
1065 4036 1215 4090 conservat
1229 4031 1259 4088 in
1275 4032 1333 4089 eri·

104 4104 173 4161 tiam
185 4122 269 4177 quam
281 4106 388 4175 amisit,
399 4113 427 4164 et
439 4112 545 4179 quanta
558 4108 630 4163 bona
641 4122 693 4178 per
746 4107 854 4164 tatione
872 4107 939 4164 mali
952 4113 981 4162 et
992 4105 1022 4162 in
1035 4103 1201 4178 operatione
1216 4103 1299 4160 boni.

104 4184 250 4248 peccatum
270 4179 403 4252 perdidit.
423 4180 446 4237 0
468 4195 551 4250 qnam
573 4178 691 4234 multam
782 4184 798 4235 8
822 4182 897 4235 Beris
922 4195 1048 4236 nisinun
1068 4194 1116 4233 ssi
1141 4192 1276 4232 rasione.
1301 4205 1336 4217 -

104 4248 226 4319 gratiam
244 4253 325 4309 multi
343 4251 506 4326 negligenti
526 4253 601 4308 Deus
616 4251 692 4307 enim
746 4254 867 4323 Tempus
881 4250 968 4324 igitur
984 4251 1179 4318 observemus,
1194 4252 1224 4304 et
1241 4250 1278 4306 nb
1295 4247 1338 4305 in·

106 4334 219 4395 semper
228 4329 347 4397 paratus
356 4328 401 4383 est
410 4322 548 4395 dorestad
557 4321 695 4396 paucive
747 4322 940 4397 temporaneis
969 4322 1177 4392 abstineamus,
1206 4335 1246 4380 ne
1272 4335 1338 4381 cum
