2880 4942
96 342 142 399 ltt
449 340 562 393 Pttltta
588 339 710 396 rtnrts
737 339 842 393 clrut
869 338 984 394 txt'lll

98 448 213 524 quidem
228 446 279 506 tibi
295 448 369 517 dico,
396 445 448 504 sed
464 446 601 504 altissimi
622 449 685 521 jus·
744 453 910 518 tescumque
924 443 1093 528 temporalia
1107 443 1281 528 acquirens,
1295 444 1337 502 vol

106 526 186 582 sione
198 526 322 578 coactus.
587 527 590 533 ’
743 517 885 590 acquisita
899 516 1049 589 recipiens.
1067 519 1103 573 Et
1112 533 1184 589 quta
1199 516 1231 574 in
1247 533 1278 574 se
1291 516 1339 573 ba·

141 618 169 653 tt
188 596 339 650 Mossrann
351 611 399 650 nsr
410 608 577 649 cnrmcusnr
587 607 689 646 nenor-
744 591 792 646 bet
804 590 865 646 baec
878 588 932 645 tria
947 604 979 645 en
997 587 1105 660 quibus
1125 587 1265 646 oriuntur
1282 602 1340 644 ont·

102 684 169 725 osus
183 682 314 723 vinosus.
328 696 359 706 -
373 666 463 733 Quam
474 677 541 719 vera
554 661 608 718 ista
620 664 688 730 sint,
745 660 794 717 nia
812 662 897 732 hujus
912 659 1001 716 seculi
1021 659 1204 729 mala,nam,
1220 664 1340 717 testante

104 744 194 795 status
221 732 689 802 roculdubioEcclesiaemonstrat,
744 735 878 789 loanno:
899 732 983 789 Omne
1012 733 1087 802 quod
1101 737 1142 788 est
1166 735 1199 787 in
1227 730 1339 800 mundo,

107 808 180 883 quin
210 806 358 864 lamtrium
368 808 507 864 malorum
515 821 577 877 quae
584 806 690 862 mundo
745 811 794 860 out
809 806 1028 875 concupiscentie
1040 806 1136 859 cumis
1149 808 1193 858 est
1213 809 1265 860 aut
1278 818 1340 859 con-

104 883 181 947 sunt,
196 877 303 934 scilicet
317 878 475 961 superbiae,
490 876 627 945 avaritiae,
650 876 691 934 lu·
746 878 916 948 cupiscentio
943 877 1093 943 oculorum,
1126 882 1179 931 aut
1208 874 1340 947 superbia

105 949 193 1009 xuriae
208 956 449 1022 comparationem
459 948 560 1020 recipit
570 947 597 1004 in
608 946 690 1004 cleri·
746 950 821 1011 vita,
845 946 910 1003 ideo
924 952 1088 1015 exspectare
1102 946 1194 1003 babct
1220 962 1274 1020 pro
1295 961 1339 1002 rc·

107 1021 148 1081 cis
162 1027 191 1078 et
202 1020 337 1094 praelatis.
356 1022 426 1080 Vide
438 1021 634 1078 moderatores
648 1035 693 1076 or·
747 1018 903 1076 tributione
936 1018 1018 1075 condi
1042 1034 1088 1089 na,
1119 1017 1222 1075 omnia
1252 1015 1339 1075 seculi

106 1094 151 1154 bis
165 1098 194 1150 et
207 1110 289 1165 reges
303 1110 433 1167 magnos,
448 1092 513 1150 ride
529 1092 626 1160 duces,
642 1107 691 1174 co·
747 1089 866 1147 alterius
879 1035 1068 1147 incommoda.

106 1165 190 1225 mites
219 1172 248 1222 et
275 1167 414 1237 barones;
444 1164 514 1222 nihil
538 1163 692 1221 vid‹·bis1n
787 1182 817 1218 ια
840 1163 1021 1220 Cos-sciamus
1040 1177 1233 1226 ouananrnsx.
1253 1161 1339 1218 -St

105 1252 205 1297 corum
220 1238 295 1294 cultu
309 1243 337 1295 et
350 1244 487 1311 apparatu
501 1242 559 1293 tam
573 1234 692 1307 singula·
746 1239 842 1291 autem
857 1233 920 1305 quis
934 1239 1051 1306 propter
1062 1232 1211 1306 praedicta,
1223 1230 1295 1289 mibi
1306 1246 1338 1288 ea

103 1310 175 1368 riter
189 1308 368 1380 exquisitum,
383 1317 499 1380 tamque
513 1322 691 1380 pomposum.
747 1305 882 1363 scribenti
896 1304 1038 1368 irascitur,
1052 1304 1115 1362 talis
1135 1304 1172 1361 de
1185 1303 1339 1375 semetipso

108 1383 215 1439 Eorum
228 1381 376 1437 avaritiam
392 1381 416 1437 si
430 1381 572 1447 attendas,
586 1379 691 1435 nullam
748 1377 823 1450 quod
839 1377 1002 1446 huiusmodi
1023 1376 1060 1432 sit
1078 1375 1242 1432 conlitetur.
1264 1373 1340 1431 blulti

107 1457 309 1520 mercatorum,
342 1452 449 1508 nullam
477 1450 580 1507 civium
607 1450 693 1505 tatem
748 1448 837 1516 enim,
850 1447 966 1504 cumeis
979 1447 1083 1504 veritas
1098 1447 1281 1519 proponitur,
1295 1445 1340 1502 in·

109 1522 256 1596 reperies;
282 1521 329 1593 qui
356 1527 450 1578 tamen
463 1521 585 1577 heredes
600 1520 694 1592 legiti-
748 1520 834 1591 digne
856 1520 961 1589 serunt,
984 1524 1012 1575 et
1031 1534 1094 1576 cum
1112 1518 1199 1575 aliter
1219 1518 1338 1575 euadere

110 1608 173 1650 mos
187 1592 211 1648 si
225 1594 375 1660 baberent,
393 1592 569 1649 tolerabilior
582 1590 694 1648 insania
749 1608 809 1648 non
825 1597 953 1664 possunt,
970 1591 1144 1663 respondent
1158 1590 1238 1662 quod
1251 1589 1289 1646 de
1303 1594 1340 1646 ta·

112 1663 263 1720 rideretur.
293 1666 334 1721 De
359 1663 471 1720 luxuria
496 1680 565 1720 vero
595 1677 695 1719 corum
749 1663 824 1721 libus
844 1663 899 1720 sibi
918 1661 1120 1719 conscientiam
1139 1678 1199 1719 non
1218 1660 1337 1730 iaciunt,

110 1734 182 1793 nihil
207 1734 331 1792 diffinire
357 1751 509 1808 praesumo,
538 1733 593 1790 nisi
619 1733 696 1806 quod
750 1740 779 1792 et
803 1736 864 1791 lraec
887 1740 931 1792 est
956 1733 1032 1790 mala
1055 1732 1243 1802 conscientia,
1265 1731 1339 1804 quia,

109 1805 189 1866 illam
207 1806 284 1863 solus
302 1807 412 1865 noverit
435 1806 628 1880 omnipotens,
648 1803 697 1878 qui
750 1807 861 1864 veritati
891 1811 919 1862 et
944 1803 1050 1862 rationi
1076 1804 1233 1862 contraria.
1263 1803 1340 1860 Unde

106 1884 247 1938 renumet
257 1877 386 1936 cordium
395 1884 536 1936 scrutator
544 1885 598 1947 est,
610 1880 695 1935 Deus.
750 1878 906 1936 notandum
947 1878 1001 1934 uod
1022 1876 1199 1950 quadruplex
1218 1881 1264 1933 cst
1279 1890 1340 1932 con

109 1954 133 2011 A
150 1968 206 2024 qua
222 1950 336 2023 quidem
359 1951 467 2009 luxuria
485 1951 567 2008 valde
589 1957 697 2008 terrere
751 1949 882 2019 scientia,
897 1893 1021 2006 sciiicet:
1039 1949 1102 2006 duae
1119 1948 1215 2018 bonae,
1230 1952 1260 2004 et
1278 1947 1339 2003 dua

114 2022 252 2082 deberent
270 2022 698 2095 cosquorumdamclericorum
751 2022 844 2078 malm.
870 2050 904 2061 -
929 2020 1024 2077 Prima
1045 2025 1089 2077 est
1113 2020 1191 2077 bona
1215 2026 1244 2076 et
1265 2025 1339 2076 tran·

115 2095 255 2168 exempla,
283 2096 319 2152 de
343 2095 445 2168 quibus
465 2095 531 2152 novi
559 2093 698 2166 quosdam
752 2093 858 2166 quilla3
876 2093 1032 2149 etbaecesl
1054 2091 1130 2148 illius
1152 2090 1201 2162 qui
1226 2096 1340 2163 peccata

39 2226 44 2235 ,
113 2167 208 2226 subito
224 2174 252 2223 et
265 2166 419 2238 improvise
433 2166 461 2222 in
482 2166 586 2222 latrina
607 2171 636 2223 ct
649 2166 700 2220 ioe·
773 2164 897 2222 raeterita
909 2164 1002 2237 punit,
1023 2169 1053 2222 et
1077 2162 1284 2220 committenda
1299 2160 1340 2219 di·

112 2238 270 2297 toreritam
285 2253 366 2293 suam
380 2237 509 2293 soelidam
519 2236 697 2303 terminasse,
751 2181 874 2309 iigenter
890 2235 1004 2307 refugit,
1025 2237 1061 2292 de
1074 2250 1131 2307 qua
1159 2233 1190 2291 in
1206 2234 1337 2290 Psalmo:

113 2314 142 2366 et
155 2310 308 2380 quemdam
323 2308 353 2364 in
373 2307 435 2379 ipso
451 2312 516 2363 actu
530 2307 613 2364 simul
634 2321 699 2362 cum
752 2311 972 2381 Rectusvir,cui
985 2308 1340 2378 nonimputovitllominas

112 2380 172 2436 fine
183 2377 278 2451 operis
290 2377 442 2450 expirasse.
455 2380 490 2434 Et
506 2377 530 2435 si
548 2377 652 2451 quaeris
664 2378 700 2434 de
751 2387 909 2454 peccatum;
929 2395 1013 2436 omne
1046 2383 1143 2434 autem
1172 2377 1250 2449 quod
1283 2375 1342 2448 ipsc

114 2452 192 2534 gula,
218 2465 282 2522 quta
306 2451 466 2507 lomentum
494 2458 538 2508 est
571 2448 700 2518 luxurie,
755 2467 813 2509 non
831 2451 971 2524 imputare
985 2448 1120 2520 decrevit,
1139 2451 1178 2505 sic
1199 2452 1243 2505 est
1262 2445 1342 2520 quasi

111 2521 240 2581 invenies
255 2523 391 2595 populum
404 2523 492 2580 semel
505 2523 535 2579 in
546 2538 623 2580 anno
637 2538 700 2579 car·
756 2540 815 2581 non
830 2522 925 2580 luerit.
938 2553 972 2564 -
985 2521 1117 2579 Secunda
1130 2525 1174 2577 est
1185 2520 1276 2589 bona,
1292 2516 1341 2576 sed

112 2595 280 2668 nisprivium
296 2597 400 2667 lacere,
426 2596 477 2653 sed
488 2595 595 2654 clerum
606 2593 701 2677 quoti·
755 2597 880 2663 turbata,
896 2610 959 2666 quae
971 2610 1002 2651 se
1017 2594 1103 2662 levat,
1119 2598 1292 2649 nontamen
1309 2589 1339 2647 in

113 2667 169 2726 dic.
195 2671 226 2725 ln
251 2669 369 2726 sabbato
392 2683 506 2740 quoque
530 2667 639 2724 deliciis
658 2666 701 2723 at·
756 2666 918 2736 dulcedine,
933 2665 1028 2722 sedin
1045 2663 1237 2722 amaritudine
1260 2678 1342 2744 repu-

114 2740 205 2795 iluere
228 2755 291 2795 mos
318 2744 380 2797 erat
406 2740 480 2811 apud
504 2738 702 2809 Judaeos,veri
777 2744 862 2795 nante
877 2737 1072 2806 sensualitate,
1086 2736 1126 2793 ita
1151 2740 1181 2793 ut
1209 2735 1285 2792 dura
1301 2749 1342 2790 vt·

113 2809 225 2892 sabbati
245 2811 375 2880 ignaros,
387 2826 468 2891 ‘quos
487 2809 581 2890 clerici
600 2810 628 2865 in
648 2810 703 2866 hoc
756 2755 858 2867 ficator
873 2810 898 2867 ei
915 2809 962 2866 ria
973 2814 1157 2881 recta,parca
1171 2806 1242 2888 vita,
1255 2806 1340 2888 longa

119 2886 189 2936 satis
203 2880 361 2950 imitantur,
385 2897 415 2937 ln
438 2882 519 2936 iestis
533 2880 634 2936 diebus
652 2880 702 2936 de·
757 2882 864 2953 vigilia,
882 2880 974 2938 oratio
998 2879 1118 2952 prolixa,
1143 2878 1224 2935 rudis
1242 2883 1339 2947 vesus,

116 2950 229 3008 licatius
243 2950 435 3019 convivantes,
452 2966 505 3007 nec
527 2950 610 3006 aliter
624 2950 702 3008 diem
758 2953 836 3010 cibus
848 2953 978 3025 agrestis,
988 2958 1016 3008 et
1030 2948 1279 3008 tamenrotinetso
1291 2948 1342 3005 irs-

117 3022 233 3090 iestum,
244 3020 298 3077 nisi
308 3022 372 3093 plus
390 3021 473 3078 solito
482 3037 512 3078 se
527 3020 704 3092 ingurgitent
757 3040 794 3081 no
810 3024 937 3093 timoris;
954 3024 1005 3080 sed
1016 3022 1114 3080 audiet
1127 3021 1181 3078 iste
1199 3037 1218 3079 a
1232 3019 1343 3079 Christo

118 3098 294 3225 regutantes.
325 3094 403 3151 Unde
423 3093 463 3150 ait
491 3096 702 3164 Hieronymus:
757 3112 822 3153 cum
834 3094 991 3168 Apostolis:
1007 3098 1062 3154 Vos
1075 3096 1141 3150 estis
1156 3096 1207 3164 qai
1214 3106 1342 3165 petam

118 3188 132 3218 u
170 3182 216 3222 um
236 3164 369 3237 superbia
403 3164 499 3237 ropria
512 3165 549 3222 sit
566 3164 704 3223 daemoni·
756 3171 835 3225 sistis
849 3183 954 3223 mecum
968 3170 999 3223 in
1013 3166 1212 3223 tentationibus
1227 3165 1342 3230 moissi

116 3238 181 3309 bus,
195 3240 253 3295 sive
269 3181 447 3320 mulieriius,
466 3237 576 3321 luxuria
590 3237 703 3311 pecudi·
757 3238 826 3295 illud
842 3238 907 3296 libri
922 3238 1099 3296 Psalmorum
1115 3239 1271 3319 :d'ttmipso
1285 3249 1344 3292 mon

116 3310 179 3381 bus,
208 3314 328 3368 avaritia
355 3310 570 3381 mercatoribus,
598 3327 632 3367 ex
657 3309 703 3368 his
756 3313 787 3366 in
813 3312 1003 3367 tribulatione.
1031 3339 1066 3352 -
1089 3311 1184 3366 Tertia
1206 3312 1251 3365 est
1268 3305 1343 3363 mala

116 3383 223 3441 iactum
239 3389 281 3440 est
296 3388 465 3452 monstrum,
481 3384 557 3454 quod
577 3387 622 3439 est
640 3398 701 3440 ma·
757 3386 785 3439 et
812 3384 938 3451 turbata,
957 3397 1021 3454 quae
1041 3397 1100 3438 non
1123 3385 1236 3437 tantum
1263 3378 1344 3436 timet

118 3454 163 3513 lus
181 3455 309 3513 clericus.
329 3476 344 3506 2»
361 3454 532 3512 Similiteret
546 3454 575 3511 in
590 3454 704 3526 religio·
756 3460 915 3526 peccatum,
942 3460 1081 3525 quantum
1105 3449 1282 3524 deprehendi
1311 3448 1342 3506 iu

118 3526 158 3583 sis
174 3525 303 3584 invenire
316 3527 423 3598 poteris
436 3542 524 3583 unum
541 3532 702 3584 monstrum
756 3531 882 3596 peccato,
907 3529 935 3581 et
959 3525 1053 3581 minus
1076 3523 1157 3580 timet
1178 3521 1230 3579 Ilei
1254 3521 1343 3579 otien-

116 3612 149 3653 ex
168 3597 366 3722 buduscemodi
392 3597 476 3654 malis
501 3598 700 3671 compositum.
757 3593 1223 3669 sam,quampeccatiinlamiam;
1240 3592 1277 3651 do
1308 3605 1344 3650 us

120 3667 200 3733 Quan
222 3684 296 3739 oque
317 3668 395 3724 enim
409 3670 568 3741 praesidens
584 3674 628 3726 ost
655 3686 702 3726 su·
756 3667 786 3725 in
816 3668 929 3725 Psalmo
953 3668 994 3725 sic
1014 3667 1117 3724 dicitur
1138 3683 1146 3722 ε
1169 3668 1202 3722 ln
1218 3667 1296 3737 operi

117 3736 224 3809 perbus
237 3744 266 3794 et
280 3738 458 3808 ambitiosus,
482 3740 604 3812 diligens
628 3756 702 3812 prte-
756 3756 889 3796 manuum
917 3755 1032 3797 suorum
1065 3739 1274 3809 comprehensus
1305 3738 1345 3793 sel

119 3823 194 3890 esse,
206 3813 234 3864 et
257 3824 389 3880 quaereus
412 3810 505 3867 modis
523 3811 658 3867 omnibus
673 3810 704 3868 in
756 3817 893 3885 peccator.
909 3813 944 3868 Et
960 3810 1075 3869 iterum:
1090 3810 1177 3881 imple
1196 3811 1288 3876 tomas
1301 3822 1344 3865 so·

120 3880 214 3938 oillcto
229 3895 388 3938 remanere.
402 3881 452 3936 Est
473 3881 559 3938 etiam
573 3881 703 3953 quando·
756 3899 819 3940 rum
843 3885 1009 3952 ignominia,
1038 3886 1064 3938 et
1094 3885 1217 3952 quarem
1245 3894 1344 3936 aomos

119 3969 175 4083 aue
187 3968 252 4010 cum
275 3953 330 4009 boc
348 3950 584 4024 concupiscentiae
607 3953 704 4012 carnis
757 3961 845 4023 tuum,
859 3958 982 4011 domim.
998 3983 1029 3996 -
1048 3953 1156 4021 Quarta
1167 3956 1212 4008 est
1226 3951 1305 4009 mala
1317 3956 1347 4008 ot

140 4023 242 4096 editus,
256 4039 388 4098 querens
400 4023 564 4096 frequenter
582 4024 705 4082 occasio-
757 4025 924 4098 tranquilla,
936 4042 969 4083 ac
981 4039 1033 4098 per
1044 4024 1099 4080 boc
1111 4038 1221 4080 summo
1232 4021 1346 4096 pericu·

119 4112 171 4153 nes
183 4097 302 4155 vacandi
324 4093 433 4155 deliciis
451 4101 480 4153 et
500 4095 702 4169 voluptatibus.
757 4097 834 4167 losa;
851 4097 906 4154 ista
925 4114 977 4155 nec
992 4095 1074 4153 timet
1084 4098 1174 4153 Deum
1182 4094 1343 4164 offendero,

120 4168 169 4249 list
186 4167 303 4241 insuper
317 4167 487 4250 quandoque
504 4167 705 4241 concupiscen·
738 4170 740 4175 ’
757 4186 812 4226 nec
826 4168 971 4226 hominem
993 4173 1107 4225 veretur
1130 4166 1344 4234 scandalizem

119 4241 159 4295 tta
174 4241 321 4298 oculorum
333 4246 362 4299 et
378 4239 499 4297 avaritia
509 4246 640 4311 caecatus,
651 4257 703 4313 pro
758 4258 824 4314 quae
841 4243 1025 4298 cumvenerit
1042 4243 1074 4297 in
1091 4238 1266 4312 prostantium
1276 4252 1346 4310 pec·

122 4317 234 4381 questu
248 4311 377 4370 iaciendo
391 4311 566 4383 discurrens,
580 4317 609 4370 ct
618 4312 707 4386 quali·
759 4320 892 4384 catorum,
911 4314 1079 4383 contemnit3
1094 4314 1123 4367 et
1144 4309 1210 4367 ideo
1226 4307 1258 4367 in
1276 4322 1348 4383 por·
