2880 4942
777 278 784 309 i

536 375 577 429 DE
603 373 754 430 etstoutt
780 372 899 425 ovtutt.
1288 367 1335 425 299

105 486 189 546 caecis
200 482 387 546 Judaeisillud
399 481 430 541 in
445 482 616 542 vanitatibus
630 499 696 542 con·
747 481 777 541 bi
795 498 850 540 non
865 497 942 540 curae
957 486 1011 553 est,
1026 487 1059 542 ut
1075 482 1151 612 sgud
1167 497 1214 540 me
1227 480 1282 539 arti
1294 479 1335 565 in·

106 563 262 629 sumentes,
278 574 342 615 cum
356 555 426 629 ipsis
440 554 471 613 in
486 555 614 615 caecitate
630 573 695 627 per·
749 556 867 613 cumbet
882 555 969 624 fliius,
985 572 1090 628 quomo
1112 571 1209 613 oeum
1224 553 1336 612 erudie-

107 646 284 690 maneamus.
304 630 381 687 Unde
407 630 462 685 hoc
477 629 538 685 ioco
554 627 595 684 ait
611 628 696 700 ditm·
749 627 837 684 mus‘t
852 629 886 683 Et
899 644 955 699 qua
965 627 1059 697 gratia
1072 626 1154 684 nobis
1168 629 1335 685 brevstem-

105 708 239 760 sostomus
258 719 265 757 :
283 723 295 752 ι
314 699 397 757 Dedit
415 699 466 758 tibi
489 699 577 756 vitam
606 701 693 770 Deus,
746 715 800 772 pus
818 698 992 772 praescripsit
1011 699 1108 757 Deus?
1126 699 1148 756 0
1168 697 1331 756 stultitiaml

105 782 136 834 ut
151 791 181 831 se
199 774 330 841 coleres3
351 779 382 828 tu
402 787 465 828 eem
492 772 647 841 incassum,
667 776 696 830 et
747 769 988 843 Oinsipientiam,
1000 788 1050 843 pro
1065 786 1121 843 quo
1132 769 1262 828 maxima
1271 785 1335 842 gra·

103 845 245 903 inutiliter
261 843 415 902 consumis.
437 842 547 911 Quaeris
566 844 643 916 quod
658 846 697 901 sit
746 842 794 900 tta
808 843 950 901 habendas
964 847 1041 914 sunt,
1060 844 1137 916 quod
1152 843 1267 901 labores
1279 858 1333 900 no·

103 918 263 975 damnum?
285 915 314 976 Si
330 931 432 989 parum
456 915 567 988 argenti
586 920 695 974 temere
745 912 790 972 bis
807 921 835 972 et
850 915 969 974 sudores
982 914 1095 985 minuit,
1107 914 1185 986 quod
1203 911 1333 998 requiem

102 987 327 1060 consumpseris,
355 987 384 1043 id
412 986 531 1045 omnino
557 987 694 1045 damnum
745 986 827 1043 nobis
841 993 871 1044 et
887 986 1077 1045 aeternitatem
1093 985 1225 1058 largitur,
1241 986 1270 1044 td
1285 1001 1333 1043 re·

102 1057 694 1204 attestatiomittite
744 1058 1331 1201 interammensem>1
1400 1100 1414 1123 ·

423 1173 431 1201 ‚
1044 1173 1051 1188 .
1324 1173 1331 1188 .

101 1203 241 1276 opinaris.
263 1203 341 1276 Opus
366 1206 411 1259 est
437 1200 468 1258 in
488 1200 638 1259 sacrificiis
663 1206 692 1259 et
745 1201 894 1260 «Etiamsi
914 1204 1035 1260 multum
1049 1209 1214 1277 superesset
1226 1201 1332 1272 aetatis,

103 1273 375 1333 orationibusvitam
384 1290 498 1330 omnem
510 1273 689 1358 impendere·
744 1289 830 1347 parce
842 1274 1069 1348 dispensandum
1083 1282 1156 1340 erat,
1170 1279 1203 1332 ut
1217 1274 1332 1331 suiiice·

102 1352 132 1404 tu
144 1349 180 1404 ad
192 1348 343 1413 clamores,
355 1345 392 1402 ad
423 1346 645 1416 esturbatrones,
656 1317 692 1404 ad
745 1352 789 1403 ret
803 1346 975 1404 necessariis
987 1365 995 1413 ;
1012 1364 1088 1405 nunc
1102 1363 1167 1420 quae
1184 1345 1333 1403 dementia

102 1419 235 1477 obscoena
253 1420 351 1486 verba,
374 1434 392 1475 a
430 1417 629 1474 contentiones
647 1416 692 1475 in·
744 1422 788 1475 est
804 1433 981 1490 supervacua
995 1420 1106 1477 discere
1121 1419 1152 1476 in
1166 1424 1248 1475 tenta
1260 1423 1332 1474 tem·

102 1490 296 1562 tempestivas,
320 1489 357 1546 ad
381 1488 541 1560 voluptates
566 1487 692 1560 magicas
744 1488 821 1560 poris
838 1491 986 1562 egestate?
1000 1493 1040 1548 Eo
1069 1490 1160 1563 magis
1175 1490 1271 1561 itaque
1285 1490 1334 1546 in-

99 1564 187 1619 vitam
207 1567 286 1617 tuam
308 1566 418 1618 temere
438 1560 594 1630 consumis,
613 1565 641 1617 et
661 1560 692 1619 in
743 1560 1022 1635 dignoraliquos,er
1036 1563 1090 1619 hoc
1103 1569 1244 1634 tempore,
1256 1561 1331 1632 quod

100 1637 179 1690 tuum
195 1630 337 1689 convertis
345 1632 548 1689 detrimentum
561 1649 568 1703 ;
584 1637 690 1690 etcum
742 1633 874 1691 sufficere
885 1650 920 1691 ne
928 1636 964 1692 ad
975 1635 1136 1692 necessaria
1145 1633 1259 1717 quidem
1271 1637 1332 1716 pot·

99 1705 161 1762 huso
171 1703 358 1774 commiseris,
370 1703 448 1777 quod
460 1703 596 1762 damnum
607 1720 689 1761 aoce-
742 1709 796 1774 est,
808 1705 921 1763 etiamsi
929 1706 1102 1765 custoditum
1113 1704 1332 1778 diligentissume

98 1777 176 1850 peris
188 1775 360 1847 interrogas,
373 1791 465 1846 neque
478 1774 615 1847 intelligis
625 1791 690 1833 om·
742 1776 840 1847 suerit,
860 1776 890 1834 in
908 1777 1026 1851 negotia
1044 1794 1221 1851 supervacua
1240 1778 1329 1849 maJo·

100 1849 149 1906 nia
162 1848 257 1922 potins
272 1846 432 1905 amittenda
452 1862 537 1930 quam
554 1853 666 1920 tempus
680 1849 688 1906 t
742 1863 803 1905 rem
817 1854 928 1921 partem
944 1865 1073 1920 erogare.
1089 1851 1152 1907 Non
1172 1855 1230 1906 tam
1249 1847 1330 1906 beni·

98 1921 205 1978 Aurum
227 1919 346 1988 amittis,
373 1923 478 1991 poterit
499 1918 581 1976 facile
601 1935 690 1977 recu·
742 1935 830 1991 gnum
847 1935 881 1978 ec
900 1919 1019 1979 liberale
1031 1926 1143 1993 tempus
1158 1925 1262 1978 natura
1275 1936 1330 1977 no-

119 1991 213 2063 erari3
232 1992 370 2049 emissum
384 1996 507 2073 tempus,
525 1990 688 2049 difficulter.
742 1990 787 2048 his
801 1991 890 2063 dedit,
907 1999 937 2049 ut
952 1992 1061 2064 aliquid
1073 2009 1107 2050 ex
1121 2009 1155 2049 eo
1171 1998 1253 2050 vacet
1266 2008 1328 2062 per·

98 2008 189 2122 ssreve
211 2063 295 2120 nobis
318 2062 353 2145 in·
372 2069 507 2135 praesentr
520 2061 588 2145 „vita
609 2078 689 2135 prae-
742 2062 820 2120 dere.
838 2065 872 2120 Et
884 2063 948 2122 ride
963 2080 1049 2136 quam
1064 2064 1154 2121 multa
1169 2063 1256 2121 etiam
1271 2062 1333 2120 dili·

100 2141 201 2204 statur,
213 2151 269 2207 quo
280 2134 335 2191 nist
345 2150 554 2192 nnnecessarus
564 2138 688 2206 utamur,
742 2134 916 2206 gentissimis
936 2139 1065 2209 pereant.
1085 2136 1169 2192 Aliud
1197 2135 1331 2193 valetudo

101 2206 171 2281 quid
186 2206 254 2263 iiiuc
280 2205 318 2264 mi
356 2210 439 2263 autes
458 2205 614 2262 iaciemus?
629 2207 689 2276 Dic,
742 2223 795 2264 sua
810 2205 913 2279 cuique
928 2207 1056 2277 abstulit,
1069 2206 1147 2265 aliud
1157 2223 1272 2264 suorum
1286 2222 1331 2263 va·

100 2293 209 2352 quaeso,
224 2277 248 2334 si
262 2277 307 2334 cui
344 2277 447 2334 tiorum
463 2283 578 2335 tuorum
590 2276 689 2350 praeci·
741 2278 849 2347 letudo;
859 2279 935 2337 atiud
945 2279 1239 2351 necessarianegotia,
1253 2278 1331 2336 aliud

98 2366 194 2479 feres,
210 2356 241 2406 ut
255 2349 381 2477 aliquam
396 2354 489 2406 artem
504 2348 639 2418 disceret,
655 2348 690 2406 il·
741 2350 1331 2425 publicaoccuparerunt.vitamnobiscum

111 2438 128 2478 e
143 2426 251 2489 autem,
267 2438 302 2478 ve
328 2421 417 2491 domi,
433 2420 478 2477 vel
494 2420 562 2478 alibi
577 2426 690 2494 tempus
741 2420 841 2479 divinit
856 2439 985 2482 somnus.
1003 2425 1041 2481 Ex
1055 2425 1109 2481 hoc
1128 2428 1257 2496 tempore
1273 2429 1331 2479 tam

98 2493 567 2566 frustraconsumeret,possetnea
588 2493 690 2551 udma·
741 2498 865 2576 angusto
888 2503 917 2553 et
938 2494 1040 2579 rapido
1056 2501 1085 2553 et
1100 2511 1154 2552 nos
1171 2495 1330 2564 auterente,

99 2508 688 2694 gistrumexcusarititonnebenediceret:
742 2565 811 2647 quid
822 2567 905 2638 juvat
920 2583 1060 2640 maJorem
1079 2573 1192 2640 partem
1218 2565 1333 2623 mittere

121 2652 303 2709 onremmus,
322 2641 435 2709 tempus
453 2639 588 2694 statmstr.
613 2637 642 2694 St
656 2642 690 2694 tr·
741 2653 773 2693 ιιι
784 2642 914 2697 vanum?
927 2660 942 2692 s
958 2639 1020 2696 haec
1034 2642 1147 2699 Seuero.

655 2854 784 2914 ORATIO

135 2996 257 3054 Domine
278 2998 345 3080 iesu
365 2997 490 3082 phtisis,
511 2996 561 3072 qui
579 2999 747 3058 illuminasti
770 3001 869 3060 oculos
890 3000 958 3060 caci
981 3000 1052 3066 nati,
1065 2999 1206 3072 illumina,
1219 3016 1329 3074 quaeso,

100 3068 199 3126 oculos
212 3068 306 3151 cordis
318 3085 384 3140 mm,
394 3088 431 3129 ne
444 3071 474 3128 in
488 3071 615 3130 tenebris
629 3072 783 3143 edendam,
792 3074 836 3130 rel
849 3089 984 3146 umquam
994 3073 1025 3130 in
1035 3076 1126 3129 morte
1137 3072 1327 3132 obdormiam.

100 3142 176 3199 Deus
198 3146 263 3197 utae
285 3157 366 3212 mem,
382 3158 467 3215 quam
486 3159 557 3201 rane
577 3148 746 3216 consumpta
768 3151 846 3213 sunt,
861 3161 946 3217 quam
969 3145 1143 3202 infructuose
1162 3145 1242 3218 lapsa
1261 3149 1327 3202 sunt

100 3217 158 3269 tem
180 3229 231 3269 ora
246 3229 320 3283 mea,
337 3230 401 3286 quar
418 3214 521 3272 dedisti
541 3213 621 3282 mihi,
639 3220 672 3270 ut
686 3216 809 3272 iacerem
823 3217 1001 3273 voluntatem
1012 3219 1089 3272 tuam
1109 3214 1207 3283 ineis,
1223 3220 1252 3273 et
1272 3232 1332 3272 non

102 3229 261 3368 techQuot
280 3285 359 3355 anni,
376 3290 453 3367 quot·
465 3302 587 3354 menses,
603 3291 674 3414 W
693 3285 766 3354 dies,
780 3291 850 3358 quot
872 3289 952 3343 horae
975 3285 1122 3367 perierunt
1135 3287 1210 3357 apud
1225 3302 1281 3353 me,
1298 3285 1329 3368 iu

102 3356 205 3427 quibus
218 3373 280 3414 stne
294 3357 387 3413 iructn
399 3373 455 3413 auu
470 3373 566 3413 coram
580 3361 608 3413 te
638 3357 709 3426 Fiat,
723 3358 845 3414 amande
860 3359 955 3429 Pater,
966 3358 1021 3413 hoc
1034 3357 1179 3413 residuum
1192 3361 1330 3440 temporis

101 3426 158 3484 mei
171 3427 350 3485 fructuosum
367 3433 396 3485 et
416 3428 625 3485 sanctificatum
640 3428 668 3484 in
680 3429 773 3501 gratia
787 3435 848 3501 tna,
861 3433 894 3487 ut
908 3428 938 3486 in
952 3428 1054 3487 diebus
1068 3427 1238 3487 aeternitatis
1251 3443 1330 3486 nuve-

101 3498 162 3557 niet
175 3498 281 3574 locum,
298 3505 327 3559 et
341 3499 532 3573 computabile
547 3499 663 3559 sitente
676 3506 716 3560 te.
729 3503 831 3559 Amen.

540 3722 679 3797 CAPUT
705 3723 875 3798 LXXXVI

491 3911 538 3958 DE
564 3911 759 3961 PASTORE
790 3913 942 3991 ottutt.

593 4047 713 4109 Joannis
727 4064 790 4126 cap.
808 4049 843 4111 ii.

139 4219 327 4277 rSmrtrrnno
358 4235 447 4278 omms
472 4238 505 4278 nr
532 4239 594 4280 ntus
621 4239 692 4279 osru
744 4222 879 4282 cedentes
895 4222 1040 4281 adiutem
1052 4220 1209 4292 Christum,
1222 4219 1272 4294 qui
1286 4227 1332 4280 est

102 4289 222 4348 Cumsro
238 4308 396 4352 nrrnrcnm.
409 4323 443 4335 -
457 4294 573 4366 Ecquis
587 4293 654 4352 ceci
668 4301 697 4352 et
743 4298 921 4365 dimoeritas
942 4302 968 4352 ot
986 4298 1056 4364 otta,
1073 4311 1126 4352 nec
1141 4293 1281 4352 intrantes
1298 4293 1332 4352 in

98 4360 240 4422 increduli
260 4363 400 4424 Pharisaei
414 4368 443 4424 et
455 4366 549 4424 tudaei
566 4381 627 4426 non
645 4382 692 4427 ac·
743 4367 819 4425 oviis
834 4366 942 4439 ovium,
956 4373 988 4426 ut
1002 4382 1072 4427 ores
1087 4365 1201 4426 Domini
1216 4365 1331 4438 flerent,
