2880 4942
109 368 140 425 81
492 367 602 420 l’lllllAE
629 365 748 422 rtnrls
775 365 879 420 CAPUT
906 367 962 421 Lvt

106 472 173 542 Quis
191 474 297 546 Regem
328 471 426 545 gloriae
449 470 625 545 baptizavit?
643 470 693 529 Cui
744 472 889 554 sonased
904 470 934 527 in
946 469 1048 554 spiri-lu
1064 487 1072 526 z
1086 468 1155 598 ΙἛιιῑει
1179 470 1232 553 luit
1256 469 1339 528 simi·

107 560 139 602 se
158 544 282 616 primum
304 544 427 602 Trinitas
447 543 488 600 sic
505 549 603 615 aperte
618 559 695 600 reve·
743 544 778 600 lis
793 543 871 611 Elvae,
886 548 915 599 et
938 545 992 599 hoc
1013 559 1042 598 in
1057 546 1092 596 tri
1116 558 1158 598 us.
1175 543 1283 613 Primo,
1299 543 1330 599 in

106 616 199 674 lavit?
222 615 272 673 Cui
298 616 355 673 tale
382 615 576 672 testiinonium
602 614 695 687 perhi·
741 614 908 672 austeritate
921 612 1107 685 poenitentiae,
1124 611 1191 685 quia
1213 614 1248 671 de
1269 614 1334 671 Elia

107 689 170 746 buit
188 687 325 745 Dominus
342 690 425 746 Jesus
443 686 590 743 Christus?
605 688 693 754 Quem
742 686 875 743 scribitur
894 687 970 758 quod
988 690 1049 743 erat
1069 684 1112 740 vir
1126 686 1245 757 pilosus,
1261 688 1332 758 quia

107 760 148 817 sic
170 759 323 816 honoravit
342 757 485 816 Ecclesia?
502 761 627 815 loannes
644 760 695 814 Pa·
742 758 866 815 babebat
875 762 982 813 vestem
992 757 1129 813 hirsutam
1139 764 1168 813 et
1182 773 1327 829 asperam,

107 829 243 897 triarcha,
259 830 316 886 imo
336 829 564 887 Patriarcharum
581 829 647 885 finis
665 833 693 886 et
741 835 770 886 et
788 845 860 885 zona
879 829 999 900 pellicea
1020 827 1164 885 accinctus
1190 829 1333 897 renibus‚;

105 907 206 973 caput3
231 904 358 960 loannes
380 903 532 975 Propheta,
552 900 610 957 imo
629 901 692 983 plus
741 900 872 958 similiter
886 901 921 957 de
938 904 1049 958 loanne
1068 899 1173 956 dicitur
1187 902 1265 972 quod
1280 902 1329 958 ha·

105 988 191 1046 quam
212 975 363 1045 Propheta,
378 973 447 1046 quia
468 989 553 1045 quem
573 988 688 1028 venien·
740 974 826 1031 bebat
845 971 1101 1054 vestimentumtde
1120 972 1185 1043 pilis
1200 974 1325 1029 camelo·

103 1048 162 1102 tem
181 1045 305 1114 nuntiat,
322 1045 412 1118 digito
432 1047 623 1112 demonstran
643 1046 691 1100 lo·
740 1060 803 1101 rum
823 1048 851 1100 et
870 1060 970 1100 zonam
994 1043 1141 1114 pelliceam
1161 1042 1237 1100 circa
1256 1044 1328 1100 lum-

103 1131 195 1174 ennes
209 1117 348 1187 Angelus,
364 1118 414 1174 sed
430 1123 458 1175 et
473 1117 547 1172 inter
566 1115 690 1186 Angelos
740 1116 802 1174 bos.
819 1147 854 1156 -
873 1116 1013 1183 Secundo,
1034 1114 1065 1170 in
1089 1114 1232 1171 soliditate
1256 1132 1327 1172 con·

104 1187 226 1256 electus,
256 1189 402 1246 Salvatore
434 1190 488 1245 hoc
525 1192 689 1256 attestante,
740 1186 918 1244 stuntivetde
932 1187 993 1243 Elia
1004 1189 1079 1242 enim
1093 1186 1238 1255 scribitur,
1249 1188 1326 1258 quod

101 1275 166 1316 cum
178 1259 245 1315 dicit
255 1277 262 1315 :
271 1263 426 1317 Decernitto
439 1261 579 1328 Angelum
588 1276 689 1322 meum,
740 1258 801 1330 ipse
810 1259 1219 1329 constanterarguebatregem
1228 1259 1326 1315 Achab

101 1337 163 1399 etc;
180 1333 306 1389 loannes
320 1332 482 1404 Apostolus,
497 1332 548 1387 sed
567 1336 596 1387 et
614 1333 690 1401 hpo·
739 1336 769 1387 et
799 1346 896 1402 regem
935 1329 1106 1397 Ochoziam;
1134 1337 1164 1385 et
1192 1329 1325 1386 similiter

102 1402 241 1459 stolorum
267 1403 376 1476 primus
401 1409 430 1460 et
455 1408 599 1475 princeps,
620 1404 690 1472 quta
738 1403 862 1459 Joannes
886 1406 1051 1457 constanter
1073 1402 1211 1472 arguebat
1238 1404 1325 1458 llero·

100 1475 159 1543 tuit
182 1476 259 1529 bomo
285 1478 387 1531 miscus
416 1479 536 1541 aDeo;
560 1475 690 1530 loannes
740 1474 815 1530 dem.
835 1503 870 1517 -·
898 1472 1004 1540 Tertio,
1028 1473 1056 1528 in
1082 1472 1252 1529 auctoritate
1271 1472 1325 1530 do·

103 1544 288 1615 evangelista,
304 1546 354 1602 sed
375 1550 403 1602 et
417 1543 562 1615 Evangelii
582 1544 691 1616 primus
740 1545 838 1602 ctrinae
850 1562 857 1600 :
871 1544 938 1615 quia
950 1544 1023 1600 sicut
1034 1543 1110 1600 Elias
1122 1550 1259 1601 venturus
1269 1549 1325 1606 est.

103 1615 244 1687 inceptor,
265 1618 423 1686 praedicans
442 1615 625 1696 Evangelium
644 1631 689 1697 re·
738 1632 791 1744 Her
805 1615 1036 1687 pradicationem
1056 1631 1136 1673 suam
1151 1615 1327 1673 denuntians

105 1688 171 1759 gni;
192 1689 318 1744 loannes
332 1688 423 1760 virgo,
444 1688 502 1744 imo
518 1692 690 1758 virginitatis
760 1687 841 1743 bristi
857 1688 1010 1744 adventum
1024 1687 1197 1755 secundum;
1220 1688 1260 1744 ita
1275 1690 1322 1745 Jo-

105 1773 217 1825 uorma,
247 1759 390 1831 pudicitiae
421 1757 689 1827 titulus,castitatis
739 1775 840 1827 annes,
855 1765 886 1815 ut
898 1759 1103 1831 supradictum
1117 1765 1171 1825 est,
1186 1761 1324 1831 praevenit

106 1831 283 1902 exemplum3
302 1834 427 1888 loannes
449 1837 567 1904 martyr,
591 1830 641 1886 sed
661 1834 690 1886 et
739 1846 871 1959 Erimum.
885 1832 1094 1900 Et,secundum
1107 1831 1324 1904 Hieronymum,

103 1901 233 1973 martyrii
249 1903 355 1971 lumen,
370 1903 445 1961 inter
459 1903 636 1960 nativitatem
653 1900 689 1957 si·
759 1919 793 1958 oc
812 1902 917 1958 dictum
939 1905 999 1974 ipse
1018 1909 1058 1958 est
1075 1904 1154 1959 Elias
1173 1902 1324 1974 mysticum

104 1973 219 2057 quidem
238 1983 415 2047 mortemque
430 1974 533 2033 Christi
556 1977 688 2030 constan·
738 1990 811 2041 esse,
832 1980 861 2030 et
879 1990 963 2046 egere
991 1973 1179 2044 intelligentia
1197 1991 1324 2046 sequens

101 2045 214 2101 tissima
231 2046 324 2104 forma
340 2048 477 2120 martyrii.
499 2050 561 2118 lpse
575 2050 620 2102 est
633 2062 688 2101 uon
737 2045 850 2103 Domini
875 2062 969 2102 sermo
991 2046 1179 2114 demonstrat,
1202 2046 1321 2104 dicens:

99 2119 130 2173 t‘a
145 2118 251 2174 deserto
264 2121 421 2185 clementie,
440 2124 508 2187 ete,
523 2119 687 2174 Praecursor
737 2119 791 2185 Qui
814 2118 896 2172 hebet
918 2133 998 2174 aures
1019 2117 1113 2174 cordis
1131 2118 1277 2181 audiendi,
1293 2117 1323 2174 id

99 2187 218 2257 ludicis,
238 2205 330 2260 praeco
350 2189 444 2247 Verbi.
460 2194 521 2260 lpse
539 2195 580 2243 est
595 2191 684 2251 Elias,
736 2195 779 2245 esl
794 2188 980 2260 intelligendi,
994 2190 1103 2251 audiat,
1116 2188 1144 2244 id
1159 2194 1204 2246 est
1215 2188 1322 2246 intelli·

100 2274 190 2330 usque
215 2262 252 2314 ad
279 2275 363 2331 quem
389 2263 443 2316 Lex
470 2265 498 2315 et
523 2261 684 2329 Prophetae,
735 2265 794 2332 gat,
808 2259 918 2316 scilicet
936 2259 1004 2332 quia
1023 2276 1079 2316 non
1096 2260 1166 2317 dixit
1180 2260 1322 2319 loannem

100 2332 224 2386 Lucerem
252 2331 352 2386 ardeus
380 2336 406 2386 et
435 2333 546 2398 lucens,
575 2328 685 2409 amicus
735 2346 798 2386 esse
815 2330 904 2387 Ellam
932 2331 962 2387 in
981 2347 1115 2404 persona,
1130 2333 1181 2388 sed
1211 2333 1240 2388 in
1270 2331 1325 2406 spi·

99 2400 208 2473 sponsi,
227 2406 549 2475 sponsa-praeparator.
564 2400 684 2457 silentio
733 2401 801 2459 ritu.
815 2403 877 2470 Vel,
888 2406 938 2473 qut
953 2405 1035 2460 luvbet
1050 2419 1131 2459 aures
1143 2404 1179 2460 ad
1196 2403 1326 2461 osticium

99 2479 215 2529 transeo
230 2481 341 2543 cetera;
356 2475 397 2532 sie
416 2489 518 2530 novem
534 2471 683 2529 ordinibus
734 2474 868 2529 audiendi
897 2474 1031 2543 exterius,
1059 2477 1158 2531 audiet
1187 2475 1321 2545 interius,

98 2545 273 2616 Angelorum
288 2546 411 2604 insertus
425 2554 479 2613 est,
499 2550 528 2601 ut
544 2543 683 2601 etiamad
734 2544 897 2602 adhibendo
911 2545 1090 2616 diligentiam
1105 2546 1181 2603 circa
1199 2563 1234 2604 ea
1253 2564 1318 2618 uuae

101 2618 249 2689 Seraphim
277 2618 387 2676 aloem
413 2618 601 2675 transferatur
628 2633 635 2671 t
666 2635 680 2668 v
735 2616 798 2672 dico
818 2622 845 2672 et
863 2615 920 2672 diui
940 2618 1080 2689 superius.
1101 2617 1195 2674 Utitur
1219 2624 1321 2676 autem

100 2688 161 2745 haec
176 2692 280 2745 Deruar
301 2707 344 2746 us.
735 2686 865 2744 Christus
883 2687 987 2745 talibus
1009 2689 1112 2757 verbis,
1130 2690 1319 2772 proponendo

139 2765 169 2816 15
186 2762 341 2827 Quoseusu
362 2762 564 2817 runnrrEuus.
581 2759 682 2813 -De·
733 2759 849 2830 aliquod
878 2760 1001 2816 arduum
1029 2762 1072 2817 vel
1105 2766 1267 2833 mysticum,
1292 2766 1322 2819 et

99 2829 166 2887 inde
181 2832 317 2888 Dominus
344 2830 463 2888 subdit:
483 2835 519 2887 st
544 2832 570 2886 si
597 2831 683 2884 uultis
733 2831 787 2886 boc
807 2831 850 2887 vel
864 2836 896 2887 ut
909 2831 1212 2890 moveatintellectum
1227 2832 1319 2890 adin·

98 2905 218 2973 recipcre
236 2909 265 2959 et
283 2902 452 2974 intelligere,
461 2905 521 2973 ipse
536 2907 575 2957 est
592 2901 681 2965 Elios,
732 2900 930 2973 telligendum,
946 2904 990 2960 vel
1005 2904 1139 2961 allectum
1150 2904 1187 2961 ad
1199 2903 1317 2978 acquie-

99 2976 150 3046 qut'
161 2981 291 3031 uenturus
309 2980 368 3042 est,·
383 2976 463 3031 Elias
487 2989 544 3029 uon
564 2973 595 3028 in
620 2987 683 3043 per·
734 2974 871 3031 scendum
888 2981 916 3032 et
931 2977 1155 3049 exsequendum.

652 3166 781 3224 ORATIO

132 3328 254 3388 Domine
273 3332 339 3388 Jesu
360 3327 481 3399 Christe,
495 3326 632 3402 quoniam
659 3332 689 3383 tu
713 3342 745 3383 es
755 3326 811 3409 ‘qui
824 3334 961 3385 venturus
976 3344 1007 3385 es
1030 3328 1067 3386 ad
1079 3329 1246 3388 salvandum
1261 3346 1325 3401 nos,

97 3401 223 3458 etalium
237 3419 293 3461 non
308 3407 525 3473 exspectemus:
542 3398 676 3458 danobis
690 3403 721 3455 ut
737 3398 822 3455 vincti
844 3406 891 3456 tuo
910 3416 1007 3457 amore
1025 3405 1053 3456 et
1070 3401 1172 3459 timore
1192 3419 1328 3461 exeamus

98 3472 134 3529 de
152 3473 323 3531 arundineto
341 3473 474 3531 vanitatis
492 3481 521 3530 et
541 3474 578 3530 de
595 3470 678 3553 molli·
690 3469 791 3553 vestitu
807 3471 971 3553 yoluptatis,
986 3471 1016 3528 in
1028 3472 1173 3530 desertum
1188 3475 1329 3557 poeniten‘

97 3542 155 3600 tie.
172 3545 314 3601 Renuntia
327 3546 409 3602 nobis
422 3562 474 3618 per
488 3545 621 3601 ellectum
640 3543 843 3599 misericordiae
868 3550 935 3614 tuae,
948 3543 1015 3614 quia
1040 3549 1071 3600 tu
1091 3561 1121 3601 es
1140 3551 1255 3616 veritas,
1270 3563 1328 3619 qua

100 3621 195 3671 mente
221 3616 288 3672 caeci
313 3615 432 3672 vident:
450 3616 564 3683 caritas,
582 3631 639 3686 qua
662 3613 766 3671 ellectu
787 3614 881 3670 claudi
906 3616 1055 3672 ambulant
1072 3617 1252 3683 :humilitas
1270 3634 1328 3690 qua

99 3687 212 3757 superbi
241 3686 343 3758 leprosi
368 3688 563 3744 mundantur:
580 3686 708 3753 verbum,
725 3700 780 3757 quo
810 3686 888 3742 surdi
908 3686 1028 3743 audiunt
1044 3704 1050 3742 :
1066 3686 1135 3758 vita,
1151 3705 1207 3761 qua
1223 3688 1328 3746 mortui

100 3762 263 3886 resurguxt,
277 3762 306 3813 et
321 3757 420 3830 virtus,
436 3774 492 3831 qua
514 3772 654 3831 pauperes
677 3757 922 3829 evangelizantur3
943 3765 975 3816 ut
993 3774 1093 3816 omues
1113 3760 1150 3817 ad
1166 3766 1195 3818 te
1214 3776 1330 3819 conver·

96 3834 205 3888 tantm.
243 3843 319 3885 men.
1055 3846 1060 3860 ·
