2880 4942
115 341 160 394 idi
477 333 587 388 Plllss
613 332 734 389 rubris
762 331 868 387 estur
895 332 977 390 txvt

117 447 248 506 Patribus
272 443 452 513 irreligione
471 440 634 498 Christiana
654 440 705 496 de·
758 439 907 497 tondentes
934 441 1038 513 dogma
1071 439 1258 510 catholicum,
1296 459 1345 516 per

120 522 300 594 generantes,
316 522 422 573 sortem
447 511 613 569 hereditatis
631 511 707 568 inter
756 512 911 569 catholicos
932 517 1071 585 martyres
1090 512 1285 583 custoditum,
1297 532 1342 573 ex.

121 592 198 649 tilios
210 589 259 648 Dei
274 604 330 644 non
350 590 513 653 merentur;
538 599 590 641 nec
603 582 706 639 merita
755 583 879 655 emplum
894 583 1015 656 posteris
1033 583 1150 653 damus,
1173 584 1342 645 aedificatio-

121 658 362 730 Sanctorum,qui
380 673 430 729 pro
445 658 502 712 Deo
525 654 601 727 passi
626 662 703 724 suot,
755 671 821 712 nem
848 654 1028 713 credentibus
1058 654 1223 726 tradimus;
1256 665 1344 717 artem

120 735 162 793 cis
186 733 388 802 suffragantur.
419 729 524 785 Contra
552 743 623 798 quos
645 726 705 800 pul·
755 726 822 783 belli
836 726 941 783 Christi
954 727 1089 784 militibus
1099 726 1343 789 demonstramus.

119 808 187 863 chre
201 810 229 861 et
248 816 371 873 congrue
395 798 425 855 in
447 799 569 870 quodam
584 798 703 880 prologo
755 799 872 855 Constat
894 815 944 856 eos
970 799 1085 871 quidem
1103 798 1182 856 nolle
1205 817 1344 874 pugnare,

119 873 262 949 passionis
284 874 375 930 beatae
391 871 614 940 Anastasiae,s1c
633 869 702 926 dici·
755 869 778 926 si
796 886 912 928 necesse
930 869 978 941 sit,
994 869 1040 942 qui
1056 870 1160 927 nolunt
1180 871 1282 945 legere
1296 892 1344 947 pu·

117 959 164 1005 tur
183 964 220 1002 :s
243 943 344 1002 Omnia
365 959 429 1015 quae
448 959 465 999 a
489 944 599 1000 Sanctis
622 946 704 1013 gesta
753 949 899 1068 fusiores.
917 943 1059 1014 imperent
1077 942 1225 1000 silentium
1242 945 1344 1004 infide·

117 1023 194 1083 sunt,
212 1018 255 1074 rel
275 1020 421 1090 geruntur,
442 1014 466 1071 si
491 1013 555 1087 quis
584 1013 704 1070 voluerit
764 1030 806 1081 es,
823 1018 952 1085 spectent
969 1013 1081 1096 pugiles
1106 1013 1283 1086 diabolicos,
1301 1016 1344 1090 qui

117 1090 245 1149 studiose
283 1087 440 1171 erquirere,
458 1091 486 1143 et
503 1085 555 1143 sibi
572 1085 702 1159 etpluri·
753 1084 875 1143 athletas
903 1086 1013 1143 Domini
1053 1093 1185 1167 spectare
1214 1097 1343 1147 contem·

115 1163 180 1233 mis,
201 1105 397 1219 reditiralrouis
424 1158 536 1215 exhibet
557 1158 700 1227 lructum;
754 1163 841 1223 uunt;
858 1174 911 1214 nos
930 1156 1039 1214 diuuas
1051 1162 1171 1215 virtutes
1188 1159 1215 1215 lo
1239 1161 1342 1232 nimus,

116 1241 144 1292 et
163 1237 244 1308 quasi
268 1235 355 1291 arbor
379 1230 527 1288 tructitera
554 1246 612 1286 non
639 1229 702 1286 sine
752 1228 914 1297 scribimus,
925 1234 952 1286 et
962 1228 1160 1301 praedicamus.
1169 1231 1225 1288 Pro
1250 1232 1343 1290 ibeant

114 1323 200 1364 causa
211 1307 348 1379 probatur
360 1307 465 1360 terram
478 1317 618 1374 occupare
633 1300 701 1357 dum
752 1299 859 1367 mmuli,
889 1299 1030 1373 imperent
1058 1299 1205 1360 silentium
1239 1304 1341 1374 timidi,

112 1378 191 1447 vivit,
204 1393 269 1433 curn
295 1379 354 1447 ipse
368 1373 427 1431 suis
447 1372 543 1500 pomis
567 1377 700 1454 ornatur3
752 1375 902 1429 verberent
916 1378 1141 1455 ⁸contemnentes,
1157 1374 1292 1448 legentes
1305 1376 1342 1433 in·

111 1456 140 1508 et
160 1450 261 1513 omnis,
278 1445 326 1519 qui
348 1461 382 1501 ex
397 1461 430 1500 eo
458 1452 554 1501 ructus
571 1444 700 1515 percipit,
751 1449 878 1516 crepent,
904 1443 1082 1516 libenterque
1105 1446 1168 1502 baeo
1192 1447 1339 1506 audientes

112 1520 269 1591 saginatur.
284 1514 698 1585 Scribimusautem,utinge-
751 1522 894 1573 accusent.
920 1515 1065 1573 Gloriosus
1092 1516 1203 1574 iaciunt
1238 1518 1339 1577 milites

112 1590 163 1648 stis
180 1588 352 1653 invenimus,
365 1586 433 1669 quid
444 1584 566 1658 egerint,
579 1585 646 1656 quid
661 1586 700 1642 lo-
750 1587 869 1644 vulnera
885 1603 937 1660 pro
963 1586 1144 1659 Imperatoris
1169 1588 1257 1648 laude
1280 1607 1338 1649 sus-

111 1663 181 1730 cuti,
193 1660 259 1731 quid
268 1657 344 1731 passi
355 1663 412 1714 sint
424 1656 528 1714 Sancti.
544 1655 700 1713 Ostenditis
751 1666 843 1731 cepta,
859 1676 911 1732 pro
926 1659 1007 1731 cujus
1018 1675 1116 1717 amore
1126 1661 1214 1718 etiarn
1230 1663 1340 1721 animas

111 1750 162 1789 vos
175 1748 237 1789 csse
255 1729 419 1797 catholicos,
455 1729 482 1786 ui
498 1727 602 1787 Cbristi
614 1728 700 1785 victo-
750 1745 858 1802 ponere
872 1730 1143 1814 libenteroptamus.
1152 1731 1339 1806 Triumphum

110 1805 170 1862 rias
184 1804 307 1862 libenter
328 1746 569 1874 legitisiibeuter
582 1800 697 1859 auditis.
749 1801 864 1869 Christi,
881 1818 914 1858 ac
933 1802 1079 1860 victoriam
1106 1802 1248 1861 laboriosi
1262 1822 1338 1865 erer-

111 1879 258 1949 Interrogo
268 1892 330 1945 vos,
341 1874 427 1948 igitur
439 1873 486 1946 qui
498 1873 552 1931 ista
564 1872 697 1945 gestain·
749 1873 833 1943 citus,
852 1874 888 1930 de
908 1873 1025 1931 occultis
1051 1876 1128 1931 toras
1154 1876 1337 1947 proterimus.

110 1954 154 2006 ter
172 1949 348 2023 apocryphas
372 1947 481 2004 litteras
507 1946 699 2003 exsufllandss
749 1945 859 2003 Scimus
873 1945 950 2002 enirn
965 1962 1018 2018 per
1029 1945 1087 2009 illa.
1143 1963 1169 2003 ae
1184 1946 1234 2004 isti
1248 1948 1340 2007 visibi-

110 2021 231 2080 censctis
241 2040 248 2090 ;
259 2037 311 2094 per
322 2036 393 2092 quos
402 2024 456 2076 stat
470 2034 561 2076 canon
576 2018 700 2091 Scriptu·
748 2016 813 2074 liter
825 2017 901 2090 passi
916 2024 991 2081 suut.
1005 2015 1117 2074 invisibr
1129 2018 1187 2076 iter
1198 2036 1255 2077 nos
1268 2021 1338 2079 exei-

109 2109 207 2151 rarum
222 2093 347 2151 ouruium
362 2091 540 2148 divinarum?
556 2089 698 2162 Numquid
748 2089 802 2146 tari
824 2089 967 2161 quotidie;
987 2089 1092 2146 scimus
1111 2095 1140 2146 et
1159 2091 1339 2165 negligenter

109 2182 167 2221 non
183 2182 234 2237 per
249 2181 308 2231 cos,
325 2165 428 2235 quipro
443 2163 504 2234 ipso
525 2177 632 2218 canone
650 2177 697 2218 oo·
748 2167 906 2233 pugnantes
928 2160 1022 2218 acrius
1038 2161 1194 2219 vulnerari.
1204 2165 1294 2238 Ergo,
1309 2169 1339 2222 ul

109 2235 165 2291 cidi
193 2235 282 2304 nragis
304 2239 483 2304 optaverunt,
503 2247 588 2302 quoru
607 2232 698 2289 vincit
747 2248 828 2289 arrna
848 2237 1016 2305 pertractes,
1036 2232 1153 2290 attende
1177 2234 1336 2305 bellantes3

108 2305 182 2372 Quid
190 2306 425 2361 enimtenuerunt
433 2303 589 2373 martyres?
599 2303 696 2358 Fidem
746 2303 923 2361 dementem
939 2304 1049 2375 studiis,
1065 2310 1095 2361 ut
1108 2305 1201 2363 hostis
1220 2307 1335 2381 incipiat

109 2382 226 2441 certam,
251 2391 315 2446 quar
339 2373 428 2430 sacris
446 2372 645 2443 voluminibus,
666 2373 695 2430 in
745 2380 773 2430 te
787 2374 888 2431 timere
900 2395 909 2431 :
923 2397 937 2430 n
953 2378 1014 2433 haec
1025 2375 1073 2434 ubi
1087 2393 1185 2449 supra.
1198 2378 1286 2437 Vides
1297 2395 1337 2437 er·

110 2455 187 2504 certo
210 2447 347 2503 librorum
373 2461 493 2503 numero
522 2445 693 2502 continetur.
745 2445 951 2529 go,impudeus
962 2451 1129 2505 Sanctorum
1140 2449 1299 2519 detractor,
1309 2456 1336 2508 st

109 2523 202 2592 Agunt
221 2518 277 2577 illis
293 2517 400 2591 gratias
421 2516 517 2589 apices
537 2517 695 2575 sacratissi·
746 2517 915 2575 Cbristranae
953 2518 1098 2649 retifiionis
1134 2519 1331 2594 impugnator,

108 2592 159 2662 nri,
176 2592 243 2665 quia
263 2608 314 2666 per
329 2608 427 2649 eorum
454 2590 693 2663 perseverantiam
745 2590 821 2662 quia,
838 2592 994 2649 secundum
1030 2607 1071 2649 aee
1084 2591 1171 2659 dicta,
1187 2600 1332 2667 tamquam

109 2670 354 2736 perseveran13et
376 2663 440 2720 ideo
463 2663 565 2719 volunt
594 2678 694 2719 eorum
744 2664 832 2720 arbor
860 2662 1037 2721 infructuosa
1074 2668 1183 2721 terram
1209 2681 1332 2739 occupas

108 2742 190 2807 gesta
205 2735 357 2801 conscribi,
373 2740 403 2790 ut
422 2734 452 2790 in
477 2740 628 2806 conspectu
642 2733 692 2791 Dei
744 2734 812 2791 durn
825 2735 905 2806 vivis,
921 2742 950 2792 et
967 2751 1024 2792 non
1036 2740 1064 2792 te
1080 2735 1265 2806 catholicum,
1283 2736 1331 2794 sed

108 2814 137 2863 ct
152 2806 298 2863 hominnm
309 2821 422 2876 semper
436 2805 693 2862 Sanctilsudentur
743 2804 890 2863 infidelem
923 2823 985 2864 esse
1026 2806 1180 2878 ostendis3
1212 2807 1332 2882 ideoque

108 2876 155 2948 qui
178 2880 206 2931 in
226 2882 378 2947 conspectu
402 2875 624 2943 incredulorum,
640 2892 692 2948 pro
744 2879 845 2935 timere
860 2880 949 2936 habes
964 2895 1000 2935 ne
1015 2877 1117 2935 merito
1132 2877 1286 2947 excidaris,
1300 2886 1328 2937 et

107 2962 205 3004 eorum
231 2948 407 3013 detonsione,
423 2953 564 3005 tormenta
587 2947 692 3003 imma·
744 2948 774 3004 in
803 2948 897 3021 ignem
929 2950 1061 3020 mittaris,
1076 2966 1110 3006 ae
1125 2956 1239 3022 partem
1266 2966 1328 3011 cum

106 3017 155 3075 nia
182 3020 368 3089 pertulerunt.
398 3016 471 3073 Nihil
492 3034 559 3091 ergo
587 3026 692 3090 praeter
743 3018 907 3079 infidelibus
922 3021 1115 3094 consequaris.
1132 3024 1174 3079 Da
1186 3039 1268 3108 ergo,
1278 3022 1328 3080 mi·

108 3089 266 3161 Scripturas
277 3088 429 3146 canonicas
440 3089 621 3162 recipientes,
639 3105 688 3146 eo·
743 3107 799 3160 ser,
815 3093 934 3163 gloriam
948 3093 1067 3163 Sanctis,
1082 3097 1112 3151 ut
1125 3110 1191 3151 cum
1204 3111 1249 3153 ers
1264 3110 1330 3167 par·

105 3177 167 3218 rum
182 3167 262 3234 gesta
276 3161 402 3219 studiose
420 3161 626 3220 conscribimus
640 3178 688 3219 os·
743 3166 802 3219 tem
813 3165 920 3223 habere
935 3164 1081 3223 merearis.

654 3362 783 3421 ORATIO

137 3533 158 3590 0
174 3533 257 3589 beate
271 3533 437 3590 Praecursor
450 3537 478 3589 et
492 3533 567 3590 alme
580 3533 717 3607 Baptista,
733 3539 762 3591 et
782 3549 883 3607 magne
901 3534 992 3593 amice
1011 3536 1114 3594 Christi
1134 3538 1274 3607 loannes,
1288 3537 1328 3597 lu

101 3618 186 3659 cerna
202 3603 300 3659 lucens
324 3610 352 3661 et
366 3605 480 3672 ardens,
498 3621 550 3661 ora
564 3621 616 3677 pro
631 3621 676 3662 me
698 3603 812 3676 misero,
833 3606 868 3662 ad
889 3608 977 3663 Deum
994 3612 1104 3680 patrem
1118 3607 1327 3668 misericordia·

101 3688 176 3740 rum,
193 3678 221 3727 ut
235 3688 285 3728 cor
299 3690 395 3730 meum
420 3676 602 3732 tenebrosum
617 3682 646 3733 et
663 3677 796 3748 trigidum
813 3676 954 3734 illuminet
969 3681 998 3735 et
1012 3679 1165 3751 accendat3
1182 3687 1211 3738 et
1230 3681 1281 3747 ita,
1297 3685 1327 3739 ut

100 3751 128 3801 te
144 3741 282 3798 imitando
295 3759 346 3813 pro
362 3745 484 3813 Christo,
497 3761 549 3818 pro
564 3746 631 3815 ilde,
652 3763 703 3818 pro
715 3748 845 3816 ueritate,
860 3764 912 3820 pro
929 3748 1040 3820 justitia
1056 3751 1197 3824 patienter
1206 3752 1327 3811 adversa

99 3812 266 3879 sustineam,
281 3819 310 3869 et
320 3814 439 3871 viriliter
453 3816 539 3872 etiam
560 3832 650 3888 usque
673 3818 710 3875 ad
724 3826 845 3876 mortem
858 3824 968 3878 certare
983 3838 1039 3880 non
1052 3823 1178 3893 timeam,
1202 3829 1234 3882 ut
1263 3828 1326 3899 post

98 3888 172 3945 hanc
186 3883 313 3958 fragilem
328 3884 425 3955 vitam,
441 3886 497 3943 tuis
512 3887 621 3944 meritis
635 3892 664 3945 et
676 3890 809 3961 precibus
826 3889 1078 3966 intercedentibus,
1093 3894 1213 3953 feliciter
1227 3912 1326 3969 perre-

98 3962 160 4017 nire
171 3957 292 4028 valeam,
309 3957 345 4014 ad
364 3973 395 4014 re
434 3956 475 4014 les
491 3958 605 4031 nuptias
624 3958 798 4019 immaculati
815 3962 900 4034 agni,
916 3979 1003 4036 quem
1028 3972 1059 4023 tu
1077 3966 1153 4024 almo
1167 3971 1217 4025 tuo
1235 3968 1325 4041 digito

97 4030 202 4105 populo
219 4028 379 4089 ostendisti.
419 4044 495 4088 meu.
