<?xml version="1.0" encoding="UTF-8"?>
<!DOCTYPE html PUBLIC "-//W3C//DTD XHTML 1.0 Transitional//EN"
    "http://www.w3.org/TR/xhtml1/DTD/xhtml1-transitional.dtd">
<html xmlns="http://www.w3.org/1999/xhtml" xml:lang="en" lang="en">
 <head>
  <title>
</title>
<meta http-equiv="Content-Type" content="text/html;charset=utf-8" />
  <meta name='ocr-system' content='tesseract 3.04.00' />
  <meta name='ocr-capabilities' content='ocr_page ocr_carea ocr_par ocr_line ocrx_word'/>
</head>
<body>
  <div class='ocr_page' id='page_1' title='image "./vitajesuchristi00ludogoog_0265.png"; bbox 0 0 2880 4942; ppageno 0'>
   <div class='ocr_carea' id='block_1_1' title="bbox 144 309 1026 369">
    <p class='ocr_par' dir='ltr' id='par_1_1' title="bbox 144 309 1026 369">
     <span class='ocr_line' id='line_1_1' title="bbox 144 309 1026 369; baseline 0.003 -5"><span class='ocrx_word' id='word_1_1' title='bbox 144 309 191 366; x_wconf 73' lang='lat' dir='ltr'><strong>25ss</strong></span> <span class='ocrx_word' id='word_1_2' title='bbox 498 312 609 369; x_wconf 78' lang='lat' dir='ltr'><strong>lulllm</strong></span> <span class='ocrx_word' id='word_1_3' title='bbox 637 313 756 368; x_wconf 84' lang='lat' dir='ltr'><strong>llltlls</strong></span> <span class='ocrx_word' id='word_1_4' title='bbox 784 314 888 367; x_wconf 71' lang='lat' dir='ltr'><strong>CAPUT</strong></span> <span class='ocrx_word' id='word_1_5' title='bbox 914 313 1026 367; x_wconf 74' lang='lat' dir='ltr'>LXXIX</span> 
     </span>
    </p>
   </div>
   <div class='ocr_carea' id='block_1_2' title="bbox 77 416 735 4352">
    <p class='ocr_par' dir='ltr' id='par_1_2' title="bbox 77 416 735 4352">
     <span class='ocr_line' id='line_1_2' title="bbox 146 416 735 481; baseline 0.003 -7"><span class='ocrx_word' id='word_1_6' title='bbox 146 416 239 475; x_wconf 91' lang='lat' dir='ltr'><strong>lacorc</strong></span> <span class='ocrx_word' id='word_1_7' title='bbox 256 420 349 476; x_wconf 79' lang='lat' dir='ltr'><strong>:Ecce</strong></span> <span class='ocrx_word' id='word_1_8' title='bbox 370 423 439 476; x_wconf 86' lang='lat' dir='ltr'><strong>unni</strong></span> <span class='ocrx_word' id='word_1_9' title='bbox 456 426 512 478; x_wconf 85' lang='lat' dir='ltr'><strong>tros</strong></span> <span class='ocrx_word' id='word_1_10' title='bbox 530 425 606 481; x_wconf 87' lang='lat' dir='ltr'><strong>sunt.</strong></span> <span class='ocrx_word' id='word_1_11' title='bbox 627 419 735 477; x_wconf 83' lang='lat' dir='ltr'><strong>scilicet</strong></span> 
     </span>
     <span class='ocr_line' id='line_1_3' title="bbox 144 491 733 572; baseline 0.003 -26"><span class='ocrx_word' id='word_1_12' title='bbox 144 493 256 572; x_wconf 87' lang='lat' dir='ltr'><strong>tompus</strong></span> <span class='ocrx_word' id='word_1_13' title='bbox 280 491 405 561; x_wconf 76' lang='lat' dir='ltr'><strong>Antonii,</strong></span> <span class='ocrx_word' id='word_1_14' title='bbox 421 491 569 564; x_wconf 77' lang='lat' dir='ltr'>Augustini</span> <span class='ocrx_word' id='word_1_15' title='bbox 592 496 621 548; x_wconf 90' lang='lat' dir='ltr'><strong>et</strong></span> <span class='ocrx_word' id='word_1_16' title='bbox 642 494 733 549; x_wconf 91' lang='lat' dir='ltr'><strong>Bono-</strong></span> 
     </span>
     <span class='ocr_line' id='line_1_4' title="bbox 146 560 732 634; baseline 0.003 -18"><span class='ocrx_word' id='word_1_17' title='bbox 146 560 224 630; x_wconf 89' lang='lat' dir='ltr'><strong>dictr,</strong></span> <span class='ocrx_word' id='word_1_18' title='bbox 240 578 275 618; x_wconf 77' lang='lat' dir='ltr'><strong>eu</strong></span> <span class='ocrx_word' id='word_1_19' title='bbox 294 579 347 633; x_wconf 84' lang='lat' dir='ltr'><strong>quo</strong></span> <span class='ocrx_word' id='word_1_20' title='bbox 362 567 439 619; x_wconf 83' lang='lat' dir='ltr'><strong>ucuto</strong></span> <span class='ocrx_word' id='word_1_21' title='bbox 459 579 582 634; x_wconf 69' lang='lat' dir='ltr'><strong>quaereus</strong></span> <span class='ocrx_word' id='word_1_22' title='bbox 597 566 732 630; x_wconf 79' lang='lat' dir='ltr'><strong>fructum,</strong></span> 
     </span>
     <span class='ocr_line' id='line_1_5' title="bbox 144 632 731 706; baseline 0.003 -18"><span class='ocrx_word' id='word_1_23' title='bbox 144 632 252 689; x_wconf 88' lang='lat' dir='ltr'><strong>scilicet</strong></span> <span class='ocrx_word' id='word_1_24' title='bbox 267 632 405 690; x_wconf 84' lang='lat' dir='ltr'><strong>virtutum</strong></span> <span class='ocrx_word' id='word_1_25' title='bbox 418 640 446 690; x_wconf 92' lang='lat' dir='ltr'><strong>et</strong></span> <span class='ocrx_word' id='word_1_26' title='bbox 460 650 590 706; x_wconf 83' lang='lat' dir='ltr'><strong>operum,</strong></span> <span class='ocrx_word' id='word_1_27' title='bbox 608 637 639 690; x_wconf 83' lang='lat' dir='ltr'><strong>iu</strong></span> <span class='ocrx_word' id='word_1_28' title='bbox 652 637 731 705; x_wconf 77' lang='lat' dir='ltr'><strong>ficul-</strong></span> 
     </span>
     <span class='ocr_line' id='line_1_6' title="bbox 145 706 732 775; baseline 0.005 -16"><span class='ocrx_word' id='word_1_29' title='bbox 145 721 198 760; x_wconf 83' lang='lat' dir='ltr'><strong>nea</strong></span> <span class='ocrx_word' id='word_1_30' title='bbox 217 706 277 773; x_wconf 81' lang='lat' dir='ltr'><strong>hoc,</strong></span> <span class='ocrx_word' id='word_1_31' title='bbox 293 711 320 761; x_wconf 87' lang='lat' dir='ltr'><strong>et</strong></span> <span class='ocrx_word' id='word_1_32' title='bbox 337 722 391 761; x_wconf 83' lang='lat' dir='ltr'><strong>nou</strong></span> <span class='ocrx_word' id='word_1_33' title='bbox 413 709 521 762; x_wconf 78' lang='lat' dir='ltr'><strong>inuento</strong></span> <span class='ocrx_word' id='word_1_34' title='bbox 538 706 629 775; x_wconf 88' lang='lat' dir='ltr'><strong>illum,</strong></span> <span class='ocrx_word' id='word_1_35' title='bbox 647 708 732 762; x_wconf 87' lang='lat' dir='ltr'><strong>nimis</strong></span> 
     </span>
     <span class='ocr_line' id='line_1_7' title="bbox 92 776 731 848; baseline 0.003 -17"><span class='ocrx_word' id='word_1_36' title='bbox 92 804 96 811; x_wconf 92' lang='lat'>·</span> <span class='ocrx_word' id='word_1_37' title='bbox 145 776 221 832; x_wconf 92' lang='lat' dir='ltr'><strong>enirn</strong></span> <span class='ocrx_word' id='word_1_38' title='bbox 239 792 328 848; x_wconf 86' lang='lat' dir='ltr'><strong>prope</strong></span> <span class='ocrx_word' id='word_1_39' title='bbox 343 776 417 834; x_wconf 88' lang='lat' dir='ltr'><strong>riam</strong></span> <span class='ocrx_word' id='word_1_40' title='bbox 428 782 455 834; x_wconf 88' lang='lat' dir='ltr'><strong>et</strong></span> <span class='ocrx_word' id='word_1_41' title='bbox 469 777 607 834; x_wconf 90' lang='lat' dir='ltr'><strong>mundum</strong></span> <span class='ocrx_word' id='word_1_42' title='bbox 621 784 693 846; x_wconf 88' lang='lat' dir='ltr'><strong>erat,</strong></span> <span class='ocrx_word' id='word_1_43' title='bbox 703 780 731 835; x_wconf 88' lang='lat' dir='ltr'><strong>el</strong></span> 
     </span>
     <span class='ocr_line' id='line_1_8' title="bbox 145 845 731 920; baseline 0.009 -19"><span class='ocrx_word' id='word_1_44' title='bbox 145 845 208 904; x_wconf 93' lang='lat' dir='ltr'><strong>ideo</strong></span> <span class='ocrx_word' id='word_1_45' title='bbox 220 847 328 904; x_wconf 82' lang='lat' dir='ltr'><strong>fructus</strong></span> <span class='ocrx_word' id='word_1_46' title='bbox 341 864 432 920; x_wconf 88' lang='lat' dir='ltr'><strong>usque</strong></span> <span class='ocrx_word' id='word_1_47' title='bbox 448 849 484 906; x_wconf 85' lang='lat' dir='ltr'><strong>od</strong></span> <span class='ocrx_word' id='word_1_48' title='bbox 498 848 690 905; x_wconf 79' lang='lat' dir='ltr'><strong>maturitatem</strong></span> <span class='ocrx_word' id='word_1_49' title='bbox 702 853 731 906; x_wconf 88' lang='lat' dir='ltr'><strong>et</strong></span> 
     </span>
     <span class='ocr_line' id='line_1_9' title="bbox 143 918 729 992; baseline 0.009 -19"><span class='ocrx_word' id='word_1_50' title='bbox 143 918 232 975; x_wconf 86' lang='lat' dir='ltr'><strong>finem</strong></span> <span class='ocrx_word' id='word_1_51' title='bbox 258 935 372 976; x_wconf 85' lang='lat' dir='ltr'><strong>serrare</strong></span> <span class='ocrx_word' id='word_1_52' title='bbox 392 936 449 976; x_wconf 93' lang='lat' dir='ltr'><strong>non</strong></span> <span class='ocrx_word' id='word_1_53' title='bbox 465 924 586 992; x_wconf 87' lang='lat' dir='ltr'><strong>poterat.</strong></span> <span class='ocrx_word' id='word_1_54' title='bbox 601 920 656 977; x_wconf 89' lang='lat' dir='ltr'><strong>Sed</strong></span> <span class='ocrx_word' id='word_1_55' title='bbox 684 936 729 978; x_wconf 88' lang='lat' dir='ltr'><strong>re-</strong></span> 
     </span>
     <span class='ocr_line' id='line_1_10' title="bbox 143 990 729 1063; baseline 0.012 -21"><span class='ocrx_word' id='word_1_56' title='bbox 143 1005 211 1047; x_wconf 84' lang='lat' dir='ltr'><strong>vera</strong></span> <span class='ocrx_word' id='word_1_57' title='bbox 225 990 302 1046; x_wconf 92' lang='lat' dir='ltr'><strong>omni</strong></span> <span class='ocrx_word' id='word_1_58' title='bbox 317 990 452 1063; x_wconf 80' lang='lat' dir='ltr'><strong>religioso</strong></span> <span class='ocrx_word' id='word_1_59' title='bbox 472 990 560 1048; x_wconf 91' lang='lat' dir='ltr'><strong>timor</strong></span> <span class='ocrx_word' id='word_1_60' title='bbox 581 991 729 1063; x_wconf 76' lang='lat' dir='ltr'><strong>incutitur,</strong></span> 
     </span>
     <span class='ocr_line' id='line_1_11' title="bbox 143 1060 728 1135; baseline 0.002 -18"><span class='ocrx_word' id='word_1_61' title='bbox 143 1077 206 1118; x_wconf 92' lang='lat' dir='ltr'><strong>cum</strong></span> <span class='ocrx_word' id='word_1_62' title='bbox 219 1060 266 1118; x_wconf 88' lang='lat' dir='ltr'><strong>hic</strong></span> <span class='ocrx_word' id='word_1_63' title='bbox 281 1060 385 1119; x_wconf 92' lang='lat' dir='ltr'><strong>dicitur</strong></span> <span class='ocrx_word' id='word_1_64' title='bbox 398 1082 407 1119; x_wconf 77' lang='grc' dir='ltr'><strong><em>ε</em></strong></span> <span class='ocrx_word' id='word_1_65' title='bbox 422 1064 539 1121; x_wconf 83' lang='lat' dir='ltr'><strong>suceide</strong></span> <span class='ocrx_word' id='word_1_66' title='bbox 556 1080 619 1133; x_wconf 73' lang='lat' dir='ltr'><strong>erqo</strong></span> <span class='ocrx_word' id='word_1_67' title='bbox 637 1066 728 1135; x_wconf 81' lang='lat' dir='ltr'><strong>illam,</strong></span> 
     </span>
     <span class='ocr_line' id='line_1_12' title="bbox 143 1131 731 1207; baseline 0.007 -19"><span class='ocrx_word' id='word_1_68' title='bbox 143 1131 171 1188; x_wconf 79' lang='lat' dir='ltr'><strong>irl</strong></span> <span class='ocrx_word' id='word_1_69' title='bbox 198 1139 241 1190; x_wconf 87' lang='lat' dir='ltr'><strong>est</strong></span> <span class='ocrx_word' id='word_1_70' title='bbox 267 1133 467 1191; x_wconf 90' lang='lat' dir='ltr'><strong>succidendam</strong></span> <span class='ocrx_word' id='word_1_71' title='bbox 492 1137 641 1204; x_wconf 90' lang='lat' dir='ltr'><strong>annuntia,</strong></span> <span class='ocrx_word' id='word_1_72' title='bbox 662 1137 731 1207; x_wconf 88' lang='lat' dir='ltr'><strong>quia</strong></span> 
     </span>
     <span class='ocr_line' id='line_1_13' title="bbox 143 1203 730 1275; baseline 0.005 -15"><span class='ocrx_word' id='word_1_73' title='bbox 143 1209 185 1261; x_wconf 90' lang='lat' dir='ltr'><strong>cst</strong></span> <span class='ocrx_word' id='word_1_74' title='bbox 197 1203 390 1275; x_wconf 89' lang='lat' dir='ltr'><strong>inlructuosa;</strong></span> <span class='ocrx_word' id='word_1_75' title='bbox 405 1213 436 1262; x_wconf 88' lang='lat' dir='ltr'><strong>ut</strong></span> <span class='ocrx_word' id='word_1_76' title='bbox 469 1207 519 1262; x_wconf 85' lang='lat' dir='ltr'><strong>uid</strong></span> <span class='ocrx_word' id='word_1_77' title='bbox 532 1210 616 1263; x_wconf 87' lang='lat' dir='ltr'><strong>etium</strong></span> <span class='ocrx_word' id='word_1_78' title='bbox 628 1213 730 1263; x_wconf 78' lang='lat' dir='ltr'><strong>terrum</strong></span> 
     </span>
     <span class='ocr_line' id='line_1_14' title="bbox 140 1223 730 1351; baseline 0.003 -18"><span class='ocrx_word' id='word_1_79' title='bbox 140 1282 265 1348; x_wconf 79' lang='lat' dir='ltr'><strong>occupat,</strong></span> <span class='ocrx_word' id='word_1_80' title='bbox 281 1284 309 1334; x_wconf 89' lang='lat' dir='ltr'><strong>et</strong></span> <span class='ocrx_word' id='word_1_81' title='bbox 328 1223 532 1350; x_wconf 43' lang='lat' dir='ltr'><strong>temporalibus</strong></span> <span class='ocrx_word' id='word_1_82' title='bbox 549 1277 646 1347; x_wconf 90' lang='lat' dir='ltr'><strong>ulitur,</strong></span> <span class='ocrx_word' id='word_1_83' title='bbox 663 1278 730 1351; x_wconf 87' lang='lat' dir='ltr'><strong>quia</strong></span> 
     </span>
     <span class='ocr_line' id='line_1_15' title="bbox 141 1347 728 1476; baseline 0.003 -73"><span class='ocrx_word' id='word_1_84' title='bbox 141 1347 233 1405; x_wconf 87' lang='lat' dir='ltr'><strong>locum</strong></span> <span class='ocrx_word' id='word_1_85' title='bbox 245 1364 330 1420; x_wconf 85' lang='lat' dir='ltr'><strong>quem</strong></span> <span class='ocrx_word' id='word_1_86' title='bbox 342 1356 430 1417; x_wconf 88' lang='lat' dir='ltr'><strong>tenet,</strong></span> <span class='ocrx_word' id='word_1_87' title='bbox 441 1349 728 1476; x_wconf 46' lang='lat' dir='ltr'><strong>osoribusbonisnon</strong></span> 
     </span>
     <span class='ocr_line' id='line_1_16' title="bbox 141 1421 727 1490; baseline 0.002 -15"><span class='ocrx_word' id='word_1_88' title='bbox 141 1421 275 1476; x_wconf 76' lang='lat' dir='ltr'><strong>exercet?</strong></span> <span class='ocrx_word' id='word_1_89' title='bbox 298 1422 333 1476; x_wconf 91' lang='lat' dir='ltr'><strong>Ut</strong></span> <span class='ocrx_word' id='word_1_90' title='bbox 355 1421 432 1478; x_wconf 91' lang='lat' dir='ltr'><strong>onim</strong></span> <span class='ocrx_word' id='word_1_91' title='bbox 474 1422 522 1477; x_wconf 88' lang='lat' dir='ltr'><strong>icit</strong></span> <span class='ocrx_word' id='word_1_92' title='bbox 539 1421 727 1490; x_wconf 67' lang='lat' dir='ltr'><strong>Aucusttmts,</strong></span> 
     </span>
     <span class='ocr_line' id='line_1_17' title="bbox 142 1491 728 1564; baseline 0 -16"><span class='ocrx_word' id='word_1_93' title='bbox 142 1496 274 1562; x_wconf 81' lang='lat' dir='ltr'><strong>peccator</strong></span> <span class='ocrx_word' id='word_1_94' title='bbox 292 1507 350 1547; x_wconf 93' lang='lat' dir='ltr'><strong>non</strong></span> <span class='ocrx_word' id='word_1_95' title='bbox 376 1499 419 1548; x_wconf 88' lang='lat' dir='ltr'><strong>est</strong></span> <span class='ocrx_word' id='word_1_96' title='bbox 437 1491 541 1563; x_wconf 75' lang='lat' dir='ltr'><strong>dignus</strong></span> <span class='ocrx_word' id='word_1_97' title='bbox 564 1507 649 1564; x_wconf 88' lang='lat' dir='ltr'><strong>pane,</strong></span> <span class='ocrx_word' id='word_1_98' title='bbox 672 1508 728 1564; x_wconf 81' lang='lat' dir='ltr'><strong>quo</strong></span> 
     </span>
     <span class='ocr_line' id='line_1_18' title="bbox 141 1561 727 1634; baseline 0.007 -18"><span class='ocrx_word' id='word_1_99' title='bbox 141 1561 271 1618; x_wconf 82' lang='lat' dir='ltr'><strong>rescitur.</strong></span> <span class='ocrx_word' id='word_1_100' title='bbox 292 1563 332 1618; x_wconf 83' lang='lat' dir='ltr'><strong>At</strong></span> <span class='ocrx_word' id='word_1_101' title='bbox 353 1563 519 1634; x_wconf 81' lang='lat' dir='ltr'><strong>respondeus</strong></span> <span class='ocrx_word' id='word_1_102' title='bbox 542 1564 600 1631; x_wconf 78' lang='lat' dir='ltr'><strong>itte,</strong></span> <span class='ocrx_word' id='word_1_103' title='bbox 620 1561 649 1619; x_wconf 91' lang='lat' dir='ltr'><strong>id</strong></span> <span class='ocrx_word' id='word_1_104' title='bbox 672 1568 727 1633; x_wconf 81' lang='lat' dir='ltr'><strong>est,</strong></span> 
     </span>
     <span class='ocr_line' id='line_1_19' title="bbox 142 1632 728 1706; baseline 0.003 -17"><span class='ocrx_word' id='word_1_105' title='bbox 142 1633 286 1704; x_wconf 77' lang='lat' dir='ltr'><strong>praelatus,</strong></span> <span class='ocrx_word' id='word_1_106' title='bbox 297 1632 364 1706; x_wconf 84' lang='lat' dir='ltr'><strong>quia</strong></span> <span class='ocrx_word' id='word_1_107' title='bbox 378 1633 488 1705; x_wconf 81' lang='lat' dir='ltr'><strong>nraelati</strong></span> <span class='ocrx_word' id='word_1_108' title='bbox 510 1634 615 1691; x_wconf 82' lang='lat' dir='ltr'><strong>debent</strong></span> <span class='ocrx_word' id='word_1_109' title='bbox 630 1650 660 1690; x_wconf 87' lang='lat' dir='ltr'><strong>se</strong></span> <span class='ocrx_word' id='word_1_110' title='bbox 675 1650 728 1706; x_wconf 87' lang='lat' dir='ltr'><strong>op·</strong></span> 
     </span>
     <span class='ocr_line' id='line_1_20' title="bbox 142 1705 728 1777; baseline 0.007 -18"><span class='ocrx_word' id='word_1_111' title='bbox 142 1720 249 1777; x_wconf 85' lang='lat' dir='ltr'><strong>ponere</strong></span> <span class='ocrx_word' id='word_1_112' title='bbox 263 1720 314 1776; x_wconf 87' lang='lat' dir='ltr'><strong>pro</strong></span> <span class='ocrx_word' id='word_1_113' title='bbox 329 1705 459 1774; x_wconf 88' lang='lat' dir='ltr'><strong>subditis,</strong></span> <span class='ocrx_word' id='word_1_114' title='bbox 469 1707 516 1761; x_wconf 77' lang='lat' dir='ltr'><strong>itti</strong></span> <span class='ocrx_word' id='word_1_115' title='bbox 527 1706 605 1767; x_wconf 81' lang='lat' dir='ltr'><strong>dicit.</strong></span> <span class='ocrx_word' id='word_1_116' title='bbox 620 1705 728 1763; x_wconf 90' lang='lat' dir='ltr'><strong>scilicet</strong></span> 
     </span>
     <span class='ocr_line' id='line_1_21' title="bbox 143 1776 728 1847; baseline 0.003 -16"><span class='ocrx_word' id='word_1_117' title='bbox 143 1777 251 1833; x_wconf 89' lang='lat' dir='ltr'><strong>orando</strong></span> <span class='ocrx_word' id='word_1_118' title='bbox 266 1776 378 1847; x_wconf 79' lang='lat' dir='ltr'><strong>procis:</strong></span> <span class='ocrx_word' id='word_1_119' title='bbox 389 1779 511 1846; x_wconf 82' lang='lat' dir='ltr'><strong>Domine,</strong></span> <span class='ocrx_word' id='word_1_120' title='bbox 525 1777 634 1833; x_wconf 79' lang='lat' dir='ltr'><strong>dimitte</strong></span> <span class='ocrx_word' id='word_1_121' title='bbox 648 1778 728 1833; x_wconf 84' lang='lat' dir='ltr'><strong>illum</strong></span> 
     </span>
     <span class='ocr_line' id='line_1_22' title="bbox 131 1847 729 1932; baseline 0.005 -29"><span class='ocrx_word' id='word_1_122' title='bbox 131 1853 168 1903; x_wconf 73' lang='lat' dir='ltr'><strong>et</strong></span> <span class='ocrx_word' id='word_1_123' title='bbox 187 1849 237 1904; x_wconf 81' lang='lat' dir='ltr'><strong>lroe</strong></span> <span class='ocrx_word' id='word_1_124' title='bbox 261 1864 343 1915; x_wconf 85' lang='lat' dir='ltr'><strong>anuo,</strong></span> <span class='ocrx_word' id='word_1_125' title='bbox 359 1847 467 1905; x_wconf 87' lang='lat' dir='ltr'><strong>scilicet</strong></span> <span class='ocrx_word' id='word_1_126' title='bbox 489 1853 519 1906; x_wconf 94' lang='lat' dir='ltr'><strong>ul</strong></span> <span class='ocrx_word' id='word_1_127' title='bbox 537 1848 677 1932; x_wconf 82' lang='lat' dir='ltr'><strong>poenitcat</strong></span> <span class='ocrx_word' id='word_1_128' title='bbox 700 1854 729 1906; x_wconf 88' lang='lat' dir='ltr'><strong>et</strong></span> 
     </span>
     <span class='ocr_line' id='line_1_23' title="bbox 142 1918 727 1991; baseline 0.003 -17"><span class='ocrx_word' id='word_1_129' title='bbox 142 1918 303 1977; x_wconf 89' lang='lat' dir='ltr'><strong>lructillcet.</strong></span> <span class='ocrx_word' id='word_1_130' title='bbox 321 1919 387 1989; x_wconf 80' lang='lat' dir='ltr'><strong>Sed,</strong></span> <span class='ocrx_word' id='word_1_131' title='bbox 406 1920 479 1978; x_wconf 79' lang='lat' dir='ltr'><strong>haul</strong></span> <span class='ocrx_word' id='word_1_132' title='bbox 498 1934 575 1991; x_wconf 81' lang='lat' dir='ltr'><strong>nura,</strong></span> <span class='ocrx_word' id='word_1_133' title='bbox 591 1936 727 1977; x_wconf 89' lang='lat' dir='ltr'><strong>concesso</strong></span> 
     </span>
     <span class='ocr_line' id='line_1_24' title="bbox 142 1989 728 2064; baseline 0.003 -17"><span class='ocrx_word' id='word_1_134' title='bbox 142 1989 234 2064; x_wconf 87' lang='lat' dir='ltr'><strong>spatio</strong></span> <span class='ocrx_word' id='word_1_135' title='bbox 256 1990 449 2063; x_wconf 78' lang='lat' dir='ltr'><strong>poenitentiae,</strong></span> <span class='ocrx_word' id='word_1_136' title='bbox 463 1991 546 2050; x_wconf 92' lang='lat' dir='ltr'><strong>multi</strong></span> <span class='ocrx_word' id='word_1_137' title='bbox 569 1992 728 2050; x_wconf 86' lang='lat' dir='ltr'><strong>abutuntur</strong></span> 
     </span>
     <span class='ocr_line' id='line_1_25' title="bbox 141 2061 727 2135; baseline 0 -16"><span class='ocrx_word' id='word_1_138' title='bbox 141 2061 172 2119; x_wconf 92' lang='lat' dir='ltr'><strong>in</strong></span> <span class='ocrx_word' id='word_1_139' title='bbox 185 2064 328 2135; x_wconf 87' lang='lat' dir='ltr'><strong>superbia,</strong></span> <span class='ocrx_word' id='word_1_140' title='bbox 347 2080 377 2121; x_wconf 90' lang='lat' dir='ltr'><strong>se</strong></span> <span class='ocrx_word' id='word_1_141' title='bbox 396 2080 453 2121; x_wconf 91' lang='lat' dir='ltr'><strong>non</strong></span> <span class='ocrx_word' id='word_1_142' title='bbox 472 2063 659 2121; x_wconf 90' lang='lat' dir='ltr'><strong>emendando.</strong></span> <span class='ocrx_word' id='word_1_143' title='bbox 676 2067 727 2120; x_wconf 84' lang='lat' dir='ltr'><strong>nt-</strong></span> 
     </span>
     <span class='ocr_line' id='line_1_26' title="bbox 141 2137 726 2218; baseline 0.002 -28"><span class='ocrx_word' id='word_1_144' title='bbox 141 2138 219 2191; x_wconf 84' lang='lat' dir='ltr'><strong>mttte</strong></span> <span class='ocrx_word' id='word_1_145' title='bbox 235 2151 303 2218; x_wconf 72' lang='lat' dir='ltr'><strong>crgo</strong></span> <span class='ocrx_word' id='word_1_146' title='bbox 316 2137 468 2206; x_wconf 79' lang='lat' dir='ltr'><strong>usquedum</strong></span> <span class='ocrx_word' id='word_1_147' title='bbox 480 2137 589 2204; x_wconf 74' lang='lat' dir='ltr'><strong>sodium</strong></span> <span class='ocrx_word' id='word_1_148' title='bbox 601 2138 675 2191; x_wconf 85' lang='lat' dir='ltr'><strong>circu</strong></span> <span class='ocrx_word' id='word_1_149' title='bbox 688 2137 726 2191; x_wconf 87' lang='lat' dir='ltr'><strong>u-</strong></span> 
     </span>
     <span class='ocr_line' id='line_1_27' title="bbox 143 2206 726 2278; baseline 0 -16"><span class='ocrx_word' id='word_1_150' title='bbox 143 2206 726 2278; x_wconf 83' lang='lat' dir='ltr'><strong>lom,scilicetpcrincrepationemhumi·</strong></span> 
     </span>
     <span class='ocr_line' id='line_1_28' title="bbox 141 2276 727 2335; baseline 0.003 -2"><span class='ocrx_word' id='word_1_151' title='bbox 141 2276 238 2334; x_wconf 88' lang='lat' dir='ltr'><strong>liondo</strong></span> <span class='ocrx_word' id='word_1_152' title='bbox 255 2282 283 2334; x_wconf 92' lang='lat' dir='ltr'><strong>ct</strong></span> <span class='ocrx_word' id='word_1_153' title='bbox 293 2278 329 2334; x_wconf 89' lang='lat' dir='ltr'><strong>ab</strong></span> <span class='ocrx_word' id='word_1_154' title='bbox 342 2293 441 2335; x_wconf 91' lang='lat' dir='ltr'><strong>amore</strong></span> <span class='ocrx_word' id='word_1_155' title='bbox 453 2286 632 2335; x_wconf 87' lang='lat' dir='ltr'><strong>terrenorum</strong></span> <span class='ocrx_word' id='word_1_156' title='bbox 648 2295 727 2335; x_wconf 85' lang='lat' dir='ltr'><strong>revo-</strong></span> 
     </span>
     <span class='ocr_line' id='line_1_29' title="bbox 141 2347 725 2421; baseline 0 -15"><span class='ocrx_word' id='word_1_157' title='bbox 141 2349 250 2414; x_wconf 70' lang='lat' dir='ltr'><strong>cando:</strong></span> <span class='ocrx_word' id='word_1_158' title='bbox 265 2350 312 2420; x_wconf 84' lang='lat' dir='ltr'><strong>qui</strong></span> <span class='ocrx_word' id='word_1_159' title='bbox 327 2351 402 2405; x_wconf 90' lang='lat' dir='ltr'><strong>onim</strong></span> <span class='ocrx_word' id='word_1_160' title='bbox 419 2347 501 2421; x_wconf 86' lang='lat' dir='ltr'><strong>iodit,</strong></span> <span class='ocrx_word' id='word_1_161' title='bbox 513 2354 620 2406; x_wconf 80' lang='lat' dir='ltr'><strong>terram</strong></span> <span class='ocrx_word' id='word_1_162' title='bbox 633 2357 725 2406; x_wconf 84' lang='lat' dir='ltr'><strong>cntra-</strong></span> 
     </span>
     <span class='ocr_line' id='line_1_30' title="bbox 142 2418 725 2490; baseline -0.002 -12"><span class='ocrx_word' id='word_1_163' title='bbox 142 2418 195 2489; x_wconf 86' lang='lat' dir='ltr'><strong>lrit,</strong></span> <span class='ocrx_word' id='word_1_164' title='bbox 210 2420 365 2490; x_wconf 88' lang='lat' dir='ltr'><strong>etlossam,</strong></span> <span class='ocrx_word' id='word_1_165' title='bbox 376 2419 457 2478; x_wconf 92' lang='lat' dir='ltr'><strong>idest</strong></span> <span class='ocrx_word' id='word_1_166' title='bbox 468 2420 669 2489; x_wconf 84' lang='lat' dir='ltr'><strong>humilitatem,</strong></span> <span class='ocrx_word' id='word_1_167' title='bbox 682 2421 725 2478; x_wconf 89' lang='lat' dir='ltr'><strong>la-</strong></span> 
     </span>
     <span class='ocr_line' id='line_1_31' title="bbox 141 2491 726 2561; baseline 0.002 -13"><span class='ocrx_word' id='word_1_168' title='bbox 141 2491 197 2561; x_wconf 90' lang='lat' dir='ltr'><strong>cit;</strong></span> <span class='ocrx_word' id='word_1_169' title='bbox 213 2497 238 2549; x_wconf 84' lang='lat' dir='ltr'><strong>et</strong></span> <span class='ocrx_word' id='word_1_170' title='bbox 254 2495 363 2549; x_wconf 85' lang='lat' dir='ltr'><strong>mittum</strong></span> <span class='ocrx_word' id='word_1_171' title='bbox 376 2498 505 2557; x_wconf 76' lang='lat' dir='ltr'><strong>stercora,</strong></span> <span class='ocrx_word' id='word_1_172' title='bbox 517 2491 624 2550; x_wconf 86' lang='lat' dir='ltr'><strong>scilicet</strong></span> <span class='ocrx_word' id='word_1_173' title='bbox 635 2493 726 2550; x_wconf 91' lang='lat' dir='ltr'><strong>malo·</strong></span> 
     </span>
     <span class='ocr_line' id='line_1_32' title="bbox 141 2563 725 2637; baseline -0.002 -16"><span class='ocrx_word' id='word_1_174' title='bbox 141 2579 216 2634; x_wconf 92' lang='lat' dir='ltr'><strong>rum,</strong></span> <span class='ocrx_word' id='word_1_175' title='bbox 229 2580 292 2637; x_wconf 83' lang='lat' dir='ltr'><strong>quae</strong></span> <span class='ocrx_word' id='word_1_176' title='bbox 306 2563 623 2622; x_wconf 82' lang='lat' dir='ltr'><strong>lecitabominationem</strong></span> <span class='ocrx_word' id='word_1_177' title='bbox 634 2565 725 2621; x_wconf 87' lang='lat' dir='ltr'><strong>etloe·</strong></span> 
     </span>
     <span class='ocr_line' id='line_1_33' title="bbox 142 2635 726 2706; baseline 0 -13"><span class='ocrx_word' id='word_1_178' title='bbox 142 2635 270 2706; x_wconf 85' lang='lat' dir='ltr'><strong>ditatern,</strong></span> <span class='ocrx_word' id='word_1_179' title='bbox 282 2635 454 2693; x_wconf 79' lang='lat' dir='ltr'><strong>ettilitatem</strong></span> <span class='ocrx_word' id='word_1_180' title='bbox 464 2635 501 2694; x_wconf 87' lang='lat' dir='ltr'><strong>ad</strong></span> <span class='ocrx_word' id='word_1_181' title='bbox 510 2636 676 2693; x_wconf 89' lang='lat' dir='ltr'><strong>memoriam</strong></span> <span class='ocrx_word' id='word_1_182' title='bbox 684 2652 726 2693; x_wconf 89' lang='lat' dir='ltr'><strong>rc·</strong></span> 
     </span>
     <span class='ocr_line' id='line_1_34' title="bbox 141 2706 725 2781; baseline 0 -17"><span class='ocrx_word' id='word_1_183' title='bbox 141 2706 725 2781; x_wconf 83' lang='lat' dir='ltr'><strong>ducendo.Sunttamenmulti,quineesic</strong></span> 
     </span>
     <span class='ocr_line' id='line_1_35' title="bbox 141 2778 725 2850; baseline 0 -15"><span class='ocrx_word' id='word_1_184' title='bbox 141 2778 280 2850; x_wconf 91' lang='lat' dir='ltr'><strong>poenitere</strong></span> <span class='ocrx_word' id='word_1_185' title='bbox 289 2779 398 2849; x_wconf 79' lang='lat' dir='ltr'><strong>solunt,</strong></span> <span class='ocrx_word' id='word_1_186' title='bbox 407 2778 458 2835; x_wconf 88' lang='lat' dir='ltr'><strong>sed</strong></span> <span class='ocrx_word' id='word_1_187' title='bbox 468 2786 647 2835; x_wconf 88' lang='lat' dir='ltr'><strong>murmurant</strong></span> <span class='ocrx_word' id='word_1_188' title='bbox 656 2795 725 2835; x_wconf 90' lang='lat' dir='ltr'><strong>eon·</strong></span> 
     </span>
     <span class='ocr_line' id='line_1_36' title="bbox 140 2848 725 2922; baseline 0.002 -17"><span class='ocrx_word' id='word_1_189' title='bbox 140 2857 185 2906; x_wconf 88' lang='lat' dir='ltr'><strong>tra</strong></span> <span class='ocrx_word' id='word_1_190' title='bbox 201 2848 266 2905; x_wconf 90' lang='lat' dir='ltr'><strong>illos</strong></span> <span class='ocrx_word' id='word_1_191' title='bbox 283 2848 331 2921; x_wconf 89' lang='lat' dir='ltr'><strong>qui</strong></span> <span class='ocrx_word' id='word_1_192' title='bbox 350 2848 391 2905; x_wconf 91' lang='lat' dir='ltr'><strong>eis</strong></span> <span class='ocrx_word' id='word_1_193' title='bbox 409 2855 590 2922; x_wconf 85' lang='lat' dir='ltr'><strong>peccatorum</strong></span> <span class='ocrx_word' id='word_1_194' title='bbox 607 2865 725 2907; x_wconf 89' lang='lat' dir='ltr'><strong>suorum</strong></span> 
     </span>
     <span class='ocr_line' id='line_1_37' title="bbox 139 2919 725 2978; baseline -0.002 -1"><span class='ocrx_word' id='word_1_195' title='bbox 139 2919 381 2977; x_wconf 82' lang='lat' dir='ltr'><strong>abominationem</strong></span> <span class='ocrx_word' id='word_1_196' title='bbox 400 2920 620 2978; x_wconf 83' lang='lat' dir='ltr'><strong>admemoriam</strong></span> <span class='ocrx_word' id='word_1_197' title='bbox 638 2922 725 2977; x_wconf 87' lang='lat' dir='ltr'><strong>redu-</strong></span> 
     </span>
     <span class='ocr_line' id='line_1_38' title="bbox 139 2990 723 3063; baseline 0 -15"><span class='ocrx_word' id='word_1_198' title='bbox 139 2997 217 3061; x_wconf 88' lang='lat' dir='ltr'><strong>cunt,</strong></span> <span class='ocrx_word' id='word_1_199' title='bbox 231 2991 330 3048; x_wconf 88' lang='lat' dir='ltr'><strong>sivein</strong></span> <span class='ocrx_word' id='word_1_200' title='bbox 342 2990 556 3063; x_wconf 76' lang='lat' dir='ltr'><strong>praedicatione,</strong></span> <span class='ocrx_word' id='word_1_201' title='bbox 569 2990 628 3048; x_wconf 89' lang='lat' dir='ltr'><strong>sive</strong></span> <span class='ocrx_word' id='word_1_202' title='bbox 641 2991 671 3048; x_wconf 89' lang='lat' dir='ltr'><strong>in</strong></span> <span class='ocrx_word' id='word_1_203' title='bbox 683 2991 723 3048; x_wconf 87' lang='lat' dir='ltr'><strong>le·</strong></span> 
     </span>
     <span class='ocr_line' id='line_1_39' title="bbox 139 3061 723 3136; baseline 0 -17"><span class='ocrx_word' id='word_1_204' title='bbox 139 3064 243 3133; x_wconf 86' lang='lat' dir='ltr'><strong>ctione,</strong></span> <span class='ocrx_word' id='word_1_205' title='bbox 254 3061 314 3120; x_wconf 82' lang='lat' dir='ltr'><strong>sive</strong></span> <span class='ocrx_word' id='word_1_206' title='bbox 325 3062 354 3119; x_wconf 95' lang='lat' dir='ltr'><strong>in</strong></span> <span class='ocrx_word' id='word_1_207' title='bbox 365 3064 555 3136; x_wconf 88' lang='lat' dir='ltr'><strong>correptione,</strong></span> <span class='ocrx_word' id='word_1_208' title='bbox 568 3061 626 3119; x_wconf 84' lang='lat' dir='ltr'><strong>sive</strong></span> <span class='ocrx_word' id='word_1_209' title='bbox 636 3061 666 3119; x_wconf 90' lang='lat' dir='ltr'><strong>iu</strong></span> <span class='ocrx_word' id='word_1_210' title='bbox 676 3079 723 3120; x_wconf 87' lang='lat' dir='ltr'><strong>ac·</strong></span> 
     </span>
     <span class='ocr_line' id='line_1_40' title="bbox 77 3133 724 3205; baseline -0.002 -12"><span class='ocrx_word' id='word_1_211' title='bbox 77 3136 82 3148; x_wconf 92' lang='lat'>&#39;</span> <span class='ocrx_word' id='word_1_212' title='bbox 138 3133 724 3205; x_wconf 87' lang='lat' dir='ltr'><strong>cusatione;etideotimendumesteisno</strong></span> 
     </span>
     <span class='ocr_line' id='line_1_41' title="bbox 136 3205 725 3280; baseline -0.003 -15"><span class='ocrx_word' id='word_1_213' title='bbox 136 3207 330 3277; x_wconf 87' lang='lat' dir='ltr'><strong>succidantur,</strong></span> <span class='ocrx_word' id='word_1_214' title='bbox 348 3205 414 3280; x_wconf 89' lang='lat' dir='ltr'><strong>quia</strong></span> <span class='ocrx_word' id='word_1_215' title='bbox 441 3209 528 3263; x_wconf 84' lang='lat' dir='ltr'><strong>omnis</strong></span> <span class='ocrx_word' id='word_1_216' title='bbox 555 3206 638 3263; x_wconf 84' lang='lat' dir='ltr'><strong>orbor</strong></span> <span class='ocrx_word' id='word_1_217' title='bbox 664 3223 725 3279; x_wconf 81' lang='lat' dir='ltr'><strong>quar</strong></span> 
     </span>
     <span class='ocr_line' id='line_1_42' title="bbox 135 3279 722 3350; baseline -0.005 -13"><span class='ocrx_word' id='word_1_218' title='bbox 135 3294 191 3337; x_wconf 84' lang='lat' dir='ltr'><strong>ttou</strong></span> <span class='ocrx_word' id='word_1_219' title='bbox 205 3282 279 3350; x_wconf 70' lang='lat' dir='ltr'><strong>lucit</strong></span> <span class='ocrx_word' id='word_1_220' title='bbox 302 3281 426 3348; x_wconf 74' lang='lat' dir='ltr'><strong>fructum</strong></span> <span class='ocrx_word' id='word_1_221' title='bbox 444 3279 543 3336; x_wconf 85' lang='lat' dir='ltr'><strong>bouum</strong></span> <span class='ocrx_word' id='word_1_222' title='bbox 570 3279 722 3343; x_wconf 79' lang='lat' dir='ltr'><strong>occidetur,</strong></span> 
     </span>
     <span class='ocr_line' id='line_1_43' title="bbox 135 3348 724 3423; baseline -0.007 -14"><span class='ocrx_word' id='word_1_223' title='bbox 135 3355 162 3409; x_wconf 76' lang='lat' dir='ltr'><strong>ot</strong></span> <span class='ocrx_word' id='word_1_224' title='bbox 172 3355 204 3409; x_wconf 85' lang='lat' dir='ltr'><strong>tu</strong></span> <span class='ocrx_word' id='word_1_225' title='bbox 217 3354 309 3423; x_wconf 75' lang='lat' dir='ltr'><strong>iuucm</strong></span> <span class='ocrx_word' id='word_1_226' title='bbox 322 3354 458 3409; x_wconf 79' lang='lat' dir='ltr'><strong>mittetur.</strong></span> <span class='ocrx_word' id='word_1_227' title='bbox 474 3352 542 3407; x_wconf 89' lang='lat' dir='ltr'><strong>Tres</strong></span> <span class='ocrx_word' id='word_1_228' title='bbox 555 3353 641 3407; x_wconf 87' lang='lat' dir='ltr'><strong>otiam</strong></span> <span class='ocrx_word' id='word_1_229' title='bbox 655 3348 724 3406; x_wconf 86' lang='lat' dir='ltr'><strong>anni</strong></span> 
     </span>
     <span class='ocr_line' id='line_1_44' title="bbox 133 3421 722 3496; baseline -0.008 -15"><span class='ocrx_word' id='word_1_230' title='bbox 133 3429 254 3496; x_wconf 81' lang='lat' dir='ltr'><strong>possunt</strong></span> <span class='ocrx_word' id='word_1_231' title='bbox 269 3423 433 3496; x_wconf 81' lang='lat' dir='ltr'><strong>significare</strong></span> <span class='ocrx_word' id='word_1_232' title='bbox 446 3421 503 3479; x_wconf 92' lang='lat' dir='ltr'><strong>tria</strong></span> <span class='ocrx_word' id='word_1_233' title='bbox 515 3427 582 3480; x_wconf 79' lang='lat' dir='ltr'><strong>sota</strong></span> <span class='ocrx_word' id='word_1_234' title='bbox 596 3437 722 3479; x_wconf 89' lang='lat' dir='ltr'><strong>commu-</strong></span> 
     </span>
     <span class='ocr_line' id='line_1_45' title="bbox 132 3493 722 3623; baseline -0.005 -70"><span class='ocrx_word' id='word_1_235' title='bbox 132 3494 274 3570; x_wconf 81' lang='lat' dir='ltr'><strong>niaomni</strong></span> <span class='ocrx_word' id='word_1_236' title='bbox 291 3493 435 3623; x_wconf 48' lang='lat' dir='ltr'><strong>reliffiioni,</strong></span> <span class='ocrx_word' id='word_1_237' title='bbox 446 3511 531 3568; x_wconf 85' lang='lat' dir='ltr'><strong>super</strong></span> <span class='ocrx_word' id='word_1_238' title='bbox 549 3493 652 3577; x_wconf 85' lang='lat' dir='ltr'><strong>quibus</strong></span> <span class='ocrx_word' id='word_1_239' title='bbox 667 3495 722 3550; x_wconf 88' lang='lat' dir='ltr'><strong>Do·</strong></span> 
     </span>
     <span class='ocr_line' id='line_1_46' title="bbox 133 3565 722 3638; baseline -0.003 -15"><span class='ocrx_word' id='word_1_240' title='bbox 133 3565 229 3623; x_wconf 87' lang='lat' dir='ltr'><strong>miuus</strong></span> <span class='ocrx_word' id='word_1_241' title='bbox 246 3566 351 3638; x_wconf 86' lang='lat' dir='ltr'><strong>quemli</strong></span> <span class='ocrx_word' id='word_1_242' title='bbox 373 3569 402 3623; x_wconf 92' lang='lat' dir='ltr'><strong>ot</strong></span> <span class='ocrx_word' id='word_1_243' title='bbox 417 3572 546 3623; x_wconf 90' lang='lat' dir='ltr'><strong>nostrum</strong></span> <span class='ocrx_word' id='word_1_244' title='bbox 562 3571 722 3637; x_wconf 77' lang='lat' dir='ltr'><strong>interroga·</strong></span> 
     </span>
     <span class='ocr_line' id='line_1_47' title="bbox 132 3636 721 3709; baseline -0.003 -15"><span class='ocrx_word' id='word_1_245' title='bbox 132 3636 185 3706; x_wconf 87' lang='lat' dir='ltr'><strong>hit,</strong></span> <span class='ocrx_word' id='word_1_246' title='bbox 203 3654 267 3695; x_wconf 92' lang='lat' dir='ltr'><strong>cum</strong></span> <span class='ocrx_word' id='word_1_247' title='bbox 286 3639 432 3694; x_wconf 80' lang='lat' dir='ltr'><strong>exactione</strong></span> <span class='ocrx_word' id='word_1_248' title='bbox 448 3653 561 3709; x_wconf 78' lang='lat' dir='ltr'><strong>magna,</strong></span> <span class='ocrx_word' id='word_1_249' title='bbox 579 3636 721 3709; x_wconf 89' lang='lat' dir='ltr'><strong>quomodo</strong></span> 
     </span>
     <span class='ocr_line' id='line_1_48' title="bbox 133 3707 721 3777; baseline 0 -13"><span class='ocrx_word' id='word_1_250' title='bbox 133 3708 239 3766; x_wconf 90' lang='lat' dir='ltr'><strong>luerint</strong></span> <span class='ocrx_word' id='word_1_251' title='bbox 254 3710 404 3765; x_wconf 80' lang='lat' dir='ltr'><strong>observata</strong></span> <span class='ocrx_word' id='word_1_252' title='bbox 416 3726 425 3777; x_wconf 83' lang='lat'>3</span> <span class='ocrx_word' id='word_1_253' title='bbox 439 3710 489 3765; x_wconf 87' lang='lat' dir='ltr'><strong>sed</strong></span> <span class='ocrx_word' id='word_1_254' title='bbox 504 3707 662 3764; x_wconf 84' lang='lat' dir='ltr'><strong>timendum</strong></span> <span class='ocrx_word' id='word_1_255' title='bbox 677 3713 721 3764; x_wconf 89' lang='lat' dir='ltr'><strong>est</strong></span> 
     </span>
     <span class='ocr_line' id='line_1_49' title="bbox 132 3779 720 3847; baseline -0.003 -10"><span class='ocrx_word' id='word_1_256' title='bbox 132 3779 240 3847; x_wconf 88' lang='lat' dir='ltr'><strong>multis,</strong></span> <span class='ocrx_word' id='word_1_257' title='bbox 262 3795 298 3835; x_wconf 91' lang='lat' dir='ltr'><strong>no</strong></span> <span class='ocrx_word' id='word_1_258' title='bbox 320 3781 376 3836; x_wconf 88' lang='lat' dir='ltr'><strong>ista</strong></span> <span class='ocrx_word' id='word_1_259' title='bbox 396 3784 462 3835; x_wconf 84' lang='lat' dir='ltr'><strong>vola</strong></span> <span class='ocrx_word' id='word_1_260' title='bbox 481 3779 607 3835; x_wconf 85' lang='lat' dir='ltr'><strong>inveniat</strong></span> <span class='ocrx_word' id='word_1_261' title='bbox 632 3779 720 3835; x_wconf 84' lang='lat' dir='ltr'><strong>tracta</strong></span> 
     </span>
     <span class='ocr_line' id='line_1_50' title="bbox 132 3848 721 3909; baseline 0 -3"><span class='ocrx_word' id='word_1_262' title='bbox 132 3853 176 3909; x_wconf 88' lang='lat' dir='ltr'><strong>vel</strong></span> <span class='ocrx_word' id='word_1_263' title='bbox 192 3852 266 3907; x_wconf 88' lang='lat' dir='ltr'><strong>male</strong></span> <span class='ocrx_word' id='word_1_264' title='bbox 280 3850 441 3907; x_wconf 85' lang='lat' dir='ltr'><strong>observata.</strong></span> <span class='ocrx_word' id='word_1_265' title='bbox 458 3851 558 3906; x_wconf 89' lang='lat' dir='ltr'><strong>Cultor</strong></span> <span class='ocrx_word' id='word_1_266' title='bbox 570 3848 655 3906; x_wconf 88' lang='lat' dir='ltr'><strong>etiam</strong></span> <span class='ocrx_word' id='word_1_267' title='bbox 670 3850 721 3906; x_wconf 89' lang='lat' dir='ltr'><strong>hu·</strong></span> 
     </span>
     <span class='ocr_line' id='line_1_51' title="bbox 127 3922 719 3996; baseline -0.008 -14"><span class='ocrx_word' id='word_1_268' title='bbox 127 3925 176 3996; x_wconf 76' lang='lat' dir='ltr'><strong>ius</strong></span> <span class='ocrx_word' id='word_1_269' title='bbox 192 3925 280 3979; x_wconf 81' lang='lat' dir='ltr'><strong>vinem</strong></span> <span class='ocrx_word' id='word_1_270' title='bbox 295 3926 387 3994; x_wconf 85' lang='lat' dir='ltr'><strong>potest</strong></span> <span class='ocrx_word' id='word_1_271' title='bbox 401 3922 462 3992; x_wconf 83' lang='lat' dir='ltr'><strong>ipsa</strong></span> <span class='ocrx_word' id='word_1_272' title='bbox 482 3922 553 3977; x_wconf 90' lang='lat' dir='ltr'><strong>ratio</strong></span> <span class='ocrx_word' id='word_1_273' title='bbox 572 3936 644 3989; x_wconf 87' lang='lat' dir='ltr'><strong>osso,</strong></span> <span class='ocrx_word' id='word_1_274' title='bbox 655 3936 719 3992; x_wconf 80' lang='lat' dir='ltr'><strong>qum</strong></span> 
     </span>
     <span class='ocr_line' id='line_1_52' title="bbox 130 3990 718 4061; baseline -0.01 -8"><span class='ocrx_word' id='word_1_275' title='bbox 130 3990 718 4061; x_wconf 78' lang='lat' dir='ltr'><strong>‹lobotlotlcreuircaconscicntiamsumn,</strong></span> 
     </span>
     <span class='ocr_line' id='line_1_53' title="bbox 131 4063 718 4125; baseline -0.01 0"><span class='ocrx_word' id='word_1_276' title='bbox 131 4067 159 4125; x_wconf 89' lang='lat' dir='ltr'><strong>in</strong></span> <span class='ocrx_word' id='word_1_277' title='bbox 175 4084 209 4125; x_wconf 89' lang='lat' dir='ltr'><strong>ca</strong></span> <span class='ocrx_word' id='word_1_278' title='bbox 225 4065 355 4124; x_wconf 84' lang='lat' dir='ltr'><strong>furiendo</strong></span> <span class='ocrx_word' id='word_1_279' title='bbox 375 4065 486 4121; x_wconf 81' lang='lat' dir='ltr'><strong>foveam</strong></span> <span class='ocrx_word' id='word_1_280' title='bbox 507 4063 674 4120; x_wconf 83' lang='lat' dir='ltr'><strong>humilitatis</strong></span> <span class='ocrx_word' id='word_1_281' title='bbox 689 4072 718 4120; x_wconf 89' lang='lat' dir='ltr'><strong>ot</strong></span> 
     </span>
     <span class='ocr_line' id='line_1_54' title="bbox 130 4134 718 4211; baseline -0.009 -16"><span class='ocrx_word' id='word_1_282' title='bbox 130 4141 221 4211; x_wconf 83' lang='lat' dir='ltr'><strong>ipsam</strong></span> <span class='ocrx_word' id='word_1_283' title='bbox 243 4138 408 4196; x_wconf 85' lang='lat' dir='ltr'><strong>evacuando</strong></span> <span class='ocrx_word' id='word_1_284' title='bbox 431 4135 466 4192; x_wconf 89' lang='lat' dir='ltr'><strong>ab</strong></span> <span class='ocrx_word' id='word_1_285' title='bbox 490 4134 568 4191; x_wconf 91' lang='lat' dir='ltr'><strong>omni</strong></span> <span class='ocrx_word' id='word_1_286' title='bbox 591 4135 718 4207; x_wconf 83' lang='lat' dir='ltr'><strong>appetitu</strong></span> 
     </span>
     <span class='ocr_line' id='line_1_55' title="bbox 130 4205 719 4284; baseline -0.007 -17"><span class='ocrx_word' id='word_1_287' title='bbox 130 4210 230 4268; x_wconf 85' lang='lat' dir='ltr'><strong>mundi</strong></span> <span class='ocrx_word' id='word_1_288' title='bbox 244 4212 348 4284; x_wconf 89' lang='lat' dir='ltr'><strong>hujus:</strong></span> <span class='ocrx_word' id='word_1_289' title='bbox 366 4213 395 4266; x_wconf 91' lang='lat' dir='ltr'><strong>ct</strong></span> <span class='ocrx_word' id='word_1_290' title='bbox 409 4208 495 4266; x_wconf 88' lang='lat' dir='ltr'><strong>debet</strong></span> <span class='ocrx_word' id='word_1_291' title='bbox 513 4205 626 4264; x_wconf 91' lang='lat' dir='ltr'><strong>mittore</strong></span> <span class='ocrx_word' id='word_1_292' title='bbox 643 4209 719 4264; x_wconf 85' lang='lat' dir='ltr'><strong>circa</strong></span> 
     </span>
     <span class='ocr_line' id='line_1_56' title="bbox 129 4278 718 4352; baseline -0.007 -12"><span class='ocrx_word' id='word_1_293' title='bbox 129 4281 208 4340; x_wconf 89' lang='lat' dir='ltr'><strong>illam</strong></span> <span class='ocrx_word' id='word_1_294' title='bbox 236 4285 374 4352; x_wconf 86' lang='lat' dir='ltr'><strong>stercora,</strong></span> <span class='ocrx_word' id='word_1_295' title='bbox 399 4278 606 4339; x_wconf 89' lang='lat' dir='ltr'><strong>considerando</strong></span> <span class='ocrx_word' id='word_1_296' title='bbox 632 4279 718 4352; x_wconf 90' lang='lat' dir='ltr'><strong>hujus</strong></span> 
     </span>
    </p>
   </div>
   <div class='ocr_carea' id='block_1_3' title="bbox 774 418 1423 4357">
    <p class='ocr_par' dir='ltr' id='par_1_3' title="bbox 781 418 1379 2192">
     <span class='ocr_line' id='line_1_57' title="bbox 790 418 1379 492; baseline 0.002 -16"><span class='ocrx_word' id='word_1_297' title='bbox 790 418 888 476; x_wconf 89' lang='lat' dir='ltr'><strong>mundi</strong></span> <span class='ocrx_word' id='word_1_298' title='bbox 915 418 1071 489; x_wconf 89' lang='lat' dir='ltr'><strong>miseriam,</strong></span> <span class='ocrx_word' id='word_1_299' title='bbox 1088 419 1156 492; x_wconf 86' lang='lat' dir='ltr'><strong>quia</strong></span> <span class='ocrx_word' id='word_1_300' title='bbox 1171 420 1270 477; x_wconf 91' lang='lat' dir='ltr'><strong>omnia</strong></span> <span class='ocrx_word' id='word_1_301' title='bbox 1294 436 1379 478; x_wconf 91' lang='lat' dir='ltr'><strong>mun-</strong></span> 
     </span>
     <span class='ocr_line' id='line_1_58' title="bbox 788 491 1378 562; baseline 0.005 -15"><span class='ocrx_word' id='word_1_302' title='bbox 788 491 873 560; x_wconf 86' lang='lat' dir='ltr'><strong>dana,</strong></span> <span class='ocrx_word' id='word_1_303' title='bbox 907 492 1061 547; x_wconf 87' lang='lat' dir='ltr'><strong>secundum</strong></span> <span class='ocrx_word' id='word_1_304' title='bbox 1101 493 1285 562; x_wconf 77' lang='lat' dir='ltr'><strong>Apostolum,</strong></span> <span class='ocrx_word' id='word_1_305' title='bbox 1320 509 1378 550; x_wconf 92' lang='lat' dir='ltr'><strong>non</strong></span> 
     </span>
     <span class='ocr_line' id='line_1_59' title="bbox 788 561 1379 630; baseline 0.003 -11"><span class='ocrx_word' id='word_1_306' title='bbox 788 570 854 619; x_wconf 90' lang='lat' dir='ltr'><strong>sunt</strong></span> <span class='ocrx_word' id='word_1_307' title='bbox 869 561 921 619; x_wconf 91' lang='lat' dir='ltr'><strong>nisi</strong></span> <span class='ocrx_word' id='word_1_308' title='bbox 941 570 1081 630; x_wconf 84' lang='lat' dir='ltr'><strong>stercora;</strong></span> <span class='ocrx_word' id='word_1_309' title='bbox 1096 569 1125 620; x_wconf 88' lang='lat' dir='ltr'><strong>ct</strong></span> <span class='ocrx_word' id='word_1_310' title='bbox 1146 565 1264 620; x_wconf 81' lang='lat' dir='ltr'><strong>istorum</strong></span> <span class='ocrx_word' id='word_1_311' title='bbox 1280 566 1379 621; x_wconf 89' lang='lat' dir='ltr'><strong>consi-</strong></span> 
     </span>
     <span class='ocr_line' id='line_1_60' title="bbox 787 633 1377 706; baseline 0.003 -16"><span class='ocrx_word' id='word_1_312' title='bbox 787 633 897 691; x_wconf 86' lang='lat' dir='ltr'><strong>deratio</strong></span> <span class='ocrx_word' id='word_1_313' title='bbox 913 639 939 690; x_wconf 89' lang='lat' dir='ltr'><strong>el</strong></span> <span class='ocrx_word' id='word_1_314' title='bbox 955 634 1041 690; x_wconf 88' lang='lat' dir='ltr'><strong>lossio</strong></span> <span class='ocrx_word' id='word_1_315' title='bbox 1068 634 1204 706; x_wconf 69' lang='lat' dir='ltr'><strong>praedicta</strong></span> <span class='ocrx_word' id='word_1_316' title='bbox 1218 636 1327 692; x_wconf 85' lang='lat' dir='ltr'><strong>iaciunt</strong></span> <span class='ocrx_word' id='word_1_317' title='bbox 1342 640 1377 692; x_wconf 91' lang='lat' dir='ltr'><strong>li-</strong></span> 
     </span>
     <span class='ocr_line' id='line_1_61' title="bbox 786 705 1374 779; baseline 0.005 -17"><span class='ocrx_word' id='word_1_318' title='bbox 786 722 849 762; x_wconf 91' lang='lat' dir='ltr'><strong>cum</strong></span> <span class='ocrx_word' id='word_1_319' title='bbox 865 705 1178 779; x_wconf 81' lang='lat' dir='ltr'><strong>conscientiaercligiosi</strong></span> <span class='ocrx_word' id='word_1_320' title='bbox 1189 706 1374 765; x_wconf 82' lang='lat' dir='ltr'><strong>tructmraro.</strong></span> 
     </span>
     <span class='ocr_line' id='line_1_62' title="bbox 785 778 1376 849; baseline 0.005 -17"><span class='ocrx_word' id='word_1_321' title='bbox 785 778 819 832; x_wconf 85' lang='lat' dir='ltr'><strong>Et</strong></span> <span class='ocrx_word' id='word_1_322' title='bbox 832 779 905 835; x_wconf 89' lang='lat' dir='ltr'><strong>bone</strong></span> <span class='ocrx_word' id='word_1_323' title='bbox 921 794 970 849; x_wconf 86' lang='lat' dir='ltr'><strong>per</strong></span> <span class='ocrx_word' id='word_1_324' title='bbox 983 778 1116 835; x_wconf 82' lang='lat' dir='ltr'><strong>arborem</strong></span> <span class='ocrx_word' id='word_1_325' title='bbox 1142 778 1188 834; x_wconf 82' lang='lat' dir='ltr'><strong>fici</strong></span> <span class='ocrx_word' id='word_1_326' title='bbox 1204 778 1376 849; x_wconf 74' lang='lat' dir='ltr'><strong>intelligitur</strong></span> 
     </span>
     <span class='ocr_line' id='line_1_63' title="bbox 785 848 1376 922; baseline 0.005 -18"><span class='ocrx_word' id='word_1_327' title='bbox 785 848 897 922; x_wconf 83' lang='lat' dir='ltr'><strong>religio.</strong></span> <span class='ocrx_word' id='word_1_328' title='bbox 922 879 957 891; x_wconf 89' lang='lat'>—</span> <span class='ocrx_word' id='word_1_329' title='bbox 984 848 1091 918; x_wconf 88' lang='lat' dir='ltr'><strong>Primo,</strong></span> <span class='ocrx_word' id='word_1_330' title='bbox 1114 851 1180 921; x_wconf 86' lang='lat' dir='ltr'><strong>quia</strong></span> <span class='ocrx_word' id='word_1_331' title='bbox 1203 851 1278 906; x_wconf 88' lang='lat' dir='ltr'><strong>sicut</strong></span> <span class='ocrx_word' id='word_1_332' title='bbox 1303 851 1376 908; x_wconf 88' lang='lat' dir='ltr'><strong>licus</strong></span> 
     </span>
     <span class='ocr_line' id='line_1_64' title="bbox 784 919 1376 992; baseline 0.005 -16"><span class='ocrx_word' id='word_1_333' title='bbox 784 921 836 977; x_wconf 89' lang='lat' dir='ltr'><strong>sub</strong></span> <span class='ocrx_word' id='word_1_334' title='bbox 849 937 904 977; x_wconf 94' lang='lat' dir='ltr'><strong>uno</strong></span> <span class='ocrx_word' id='word_1_335' title='bbox 920 919 1025 976; x_wconf 86' lang='lat' dir='ltr'><strong>cortice</strong></span> <span class='ocrx_word' id='word_1_336' title='bbox 1040 922 1127 977; x_wconf 86' lang='lat' dir='ltr'><strong>multa</strong></span> <span class='ocrx_word' id='word_1_337' title='bbox 1140 936 1230 992; x_wconf 76' lang='lat' dir='ltr'><strong>grana</strong></span> <span class='ocrx_word' id='word_1_338' title='bbox 1245 925 1376 979; x_wconf 89' lang='lat' dir='ltr'><strong>continet</strong></span> 
     </span>
     <span class='ocr_line' id='line_1_65' title="bbox 786 991 1376 1065; baseline 0.007 -18"><span class='ocrx_word' id='word_1_339' title='bbox 786 991 816 1048; x_wconf 95' lang='lat' dir='ltr'><strong>in</strong></span> <span class='ocrx_word' id='word_1_340' title='bbox 833 992 955 1063; x_wconf 87' lang='lat' dir='ltr'><strong>quadam</strong></span> <span class='ocrx_word' id='word_1_341' title='bbox 973 991 1143 1061; x_wconf 73' lang='lat' dir='ltr'><strong>dulcedine,</strong></span> <span class='ocrx_word' id='word_1_342' title='bbox 1156 994 1195 1049; x_wconf 92' lang='lat' dir='ltr'><strong>ita</strong></span> <span class='ocrx_word' id='word_1_343' title='bbox 1210 993 1311 1065; x_wconf 68' lang='lat' dir='ltr'><strong>religio</strong></span> <span class='ocrx_word' id='word_1_344' title='bbox 1322 995 1376 1051; x_wconf 93' lang='lat' dir='ltr'><strong>sub</strong></span> 
     </span>
     <span class='ocr_line' id='line_1_66' title="bbox 786 1062 1375 1136; baseline 0.01 -19"><span class='ocrx_word' id='word_1_345' title='bbox 786 1079 841 1120; x_wconf 92' lang='lat' dir='ltr'><strong>uno</strong></span> <span class='ocrx_word' id='word_1_346' title='bbox 857 1065 941 1119; x_wconf 89' lang='lat' dir='ltr'><strong>modo</strong></span> <span class='ocrx_word' id='word_1_347' title='bbox 956 1062 1079 1133; x_wconf 82' lang='lat' dir='ltr'><strong>rivcrrdi,</strong></span> <span class='ocrx_word' id='word_1_348' title='bbox 1092 1068 1120 1119; x_wconf 92' lang='lat' dir='ltr'><strong>et</strong></span> <span class='ocrx_word' id='word_1_349' title='bbox 1130 1065 1182 1122; x_wconf 89' lang='lat' dir='ltr'><strong>sub</strong></span> <span class='ocrx_word' id='word_1_350' title='bbox 1196 1080 1251 1120; x_wconf 91' lang='lat' dir='ltr'><strong>una</strong></span> <span class='ocrx_word' id='word_1_351' title='bbox 1263 1066 1375 1136; x_wconf 78' lang='lat' dir='ltr'><strong>regula,</strong></span> 
     </span>
     <span class='ocr_line' id='line_1_67' title="bbox 784 1135 1377 1194; baseline 0.005 -3"><span class='ocrx_word' id='word_1_352' title='bbox 784 1135 888 1191; x_wconf 92' lang='lat' dir='ltr'><strong>multos</strong></span> <span class='ocrx_word' id='word_1_353' title='bbox 920 1135 1008 1191; x_wconf 83' lang='lat' dir='ltr'><strong>habet</strong></span> <span class='ocrx_word' id='word_1_354' title='bbox 1034 1135 1165 1191; x_wconf 90' lang='lat' dir='ltr'><strong>homiues</strong></span> <span class='ocrx_word' id='word_1_355' title='bbox 1193 1138 1377 1194; x_wconf 86' lang='lat' dir='ltr'><strong>concorditer</strong></span> 
     </span>
     <span class='ocr_line' id='line_1_68' title="bbox 783 1207 1377 1278; baseline 0.01 -19"><span class='ocrx_word' id='word_1_356' title='bbox 783 1207 920 1263; x_wconf 84' lang='lat' dir='ltr'><strong>viventes.</strong></span> <span class='ocrx_word' id='word_1_357' title='bbox 937 1236 971 1248; x_wconf 96' lang='lat'>-</span> <span class='ocrx_word' id='word_1_358' title='bbox 984 1207 1126 1274; x_wconf 89' lang='lat' dir='ltr'><strong>Secundo,</strong></span> <span class='ocrx_word' id='word_1_359' title='bbox 1138 1207 1205 1278; x_wconf 86' lang='lat' dir='ltr'><strong>quia</strong></span> <span class='ocrx_word' id='word_1_360' title='bbox 1219 1207 1288 1264; x_wconf 90' lang='lat' dir='ltr'><strong>lolia</strong></span> <span class='ocrx_word' id='word_1_361' title='bbox 1302 1208 1377 1266; x_wconf 86' lang='lat' dir='ltr'><strong>licus</strong></span> 
     </span>
     <span class='ocr_line' id='line_1_69' title="bbox 785 1276 1377 1350; baseline 0.005 -16"><span class='ocrx_word' id='word_1_362' title='bbox 785 1277 891 1334; x_wconf 87' lang='lat' dir='ltr'><strong>habent</strong></span> <span class='ocrx_word' id='word_1_363' title='bbox 920 1276 1001 1350; x_wconf 85' lang='lat' dir='ltr'><strong>quasi</strong></span> <span class='ocrx_word' id='word_1_364' title='bbox 1027 1277 1243 1334; x_wconf 88' lang='lat' dir='ltr'><strong>similitudinem</strong></span> <span class='ocrx_word' id='word_1_365' title='bbox 1272 1295 1377 1337; x_wconf 87' lang='lat' dir='ltr'><strong>manus</strong></span> 
     </span>
     <span class='ocr_line' id='line_1_70' title="bbox 784 1348 1377 1422; baseline 0.005 -17"><span class='ocrx_word' id='word_1_366' title='bbox 784 1349 936 1421; x_wconf 78' lang='lat' dir='ltr'><strong>humanae3</strong></span> <span class='ocrx_word' id='word_1_367' title='bbox 966 1351 1006 1405; x_wconf 91' lang='lat' dir='ltr'><strong>sic</strong></span> <span class='ocrx_word' id='word_1_368' title='bbox 1031 1350 1118 1406; x_wconf 84' lang='lat' dir='ltr'><strong>verba</strong></span> <span class='ocrx_word' id='word_1_369' title='bbox 1149 1348 1377 1422; x_wconf 82' lang='lat' dir='ltr'><strong>religiosorum,</strong></span> 
     </span>
     <span class='ocr_line' id='line_1_71' title="bbox 784 1420 1377 1492; baseline 0.003 -15"><span class='ocrx_word' id='word_1_370' title='bbox 784 1436 849 1492; x_wconf 75' lang='lat' dir='ltr'><strong>quar</strong></span> <span class='ocrx_word' id='word_1_371' title='bbox 874 1437 924 1491; x_wconf 80' lang='lat' dir='ltr'><strong>ner</strong></span> <span class='ocrx_word' id='word_1_372' title='bbox 948 1420 1017 1476; x_wconf 91' lang='lat' dir='ltr'><strong>lolia</strong></span> <span class='ocrx_word' id='word_1_373' title='bbox 1045 1420 1253 1491; x_wconf 76' lang='lat' dir='ltr'><strong>significantur,</strong></span> <span class='ocrx_word' id='word_1_374' title='bbox 1269 1422 1377 1481; x_wconf 86' lang='lat' dir='ltr'><strong>debent</strong></span> 
     </span>
     <span class='ocr_line' id='line_1_72' title="bbox 784 1491 1376 1575; baseline 0.005 -27"><span class='ocrx_word' id='word_1_375' title='bbox 784 1491 917 1563; x_wconf 83' lang='lat' dir='ltr'><strong>operibus</strong></span> <span class='ocrx_word' id='word_1_376' title='bbox 945 1493 1100 1563; x_wconf 81' lang='lat' dir='ltr'><strong>mloequari,</strong></span> <span class='ocrx_word' id='word_1_377' title='bbox 1114 1498 1145 1548; x_wconf 91' lang='grc' dir='ltr'><strong>ιιι</strong></span> <span class='ocrx_word' id='word_1_378' title='bbox 1171 1492 1310 1575; x_wconf 85' lang='lat' dir='ltr'><strong>quidquid</strong></span> <span class='ocrx_word' id='word_1_379' title='bbox 1333 1495 1376 1551; x_wconf 91' lang='lat' dir='ltr'><strong>di-</strong></span> 
     </span>
     <span class='ocr_line' id='line_1_73' title="bbox 784 1564 1376 1638; baseline 0.007 -19"><span class='ocrx_word' id='word_1_380' title='bbox 784 1566 863 1629; x_wconf 86' lang='lat' dir='ltr'><strong>cuut,</strong></span> <span class='ocrx_word' id='word_1_381' title='bbox 883 1564 951 1620; x_wconf 89' lang='lat' dir='ltr'><strong>illud</strong></span> <span class='ocrx_word' id='word_1_382' title='bbox 966 1569 994 1620; x_wconf 91' lang='lat' dir='ltr'><strong>et</strong></span> <span class='ocrx_word' id='word_1_383' title='bbox 1008 1565 1122 1620; x_wconf 84' lang='lat' dir='ltr'><strong>saciant.</strong></span> <span class='ocrx_word' id='word_1_384' title='bbox 1138 1593 1173 1605; x_wconf 95' lang='lat'>-</span> <span class='ocrx_word' id='word_1_385' title='bbox 1185 1566 1291 1634; x_wconf 81' lang='lat' dir='ltr'><strong>Tertio,</strong></span> <span class='ocrx_word' id='word_1_386' title='bbox 1307 1566 1376 1638; x_wconf 89' lang='lat' dir='ltr'><strong>quia</strong></span> 
     </span>
     <span class='ocr_line' id='line_1_74' title="bbox 784 1633 1374 1695; baseline 0.008 -5"><span class='ocrx_word' id='word_1_387' title='bbox 784 1633 859 1691; x_wconf 90' lang='lat' dir='ltr'><strong>tauri</strong></span> <span class='ocrx_word' id='word_1_388' title='bbox 880 1634 1047 1691; x_wconf 85' lang='lat' dir='ltr'><strong>ferocissimi</strong></span> <span class='ocrx_word' id='word_1_389' title='bbox 1071 1635 1206 1691; x_wconf 90' lang='lat' dir='ltr'><strong>dicuntur</strong></span> <span class='ocrx_word' id='word_1_390' title='bbox 1233 1652 1374 1695; x_wconf 77' lang='lat' dir='ltr'><strong>mansee-</strong></span> 
     </span>
     <span class='ocr_line' id='line_1_75' title="bbox 783 1706 1374 1782; baseline 0.005 -20"><span class='ocrx_word' id='word_1_391' title='bbox 783 1722 874 1777; x_wconf 86' lang='lat' dir='ltr'><strong>scere,</strong></span> <span class='ocrx_word' id='word_1_392' title='bbox 886 1706 1000 1778; x_wconf 88' lang='lat' dir='ltr'><strong>quando</strong></span> <span class='ocrx_word' id='word_1_393' title='bbox 1009 1707 1075 1763; x_wconf 84' lang='lat' dir='ltr'><strong>licui</strong></span> <span class='ocrx_word' id='word_1_394' title='bbox 1090 1706 1262 1779; x_wconf 76' lang='lat' dir='ltr'><strong>alligantur3</strong></span> <span class='ocrx_word' id='word_1_395' title='bbox 1278 1708 1320 1765; x_wconf 87' lang='lat' dir='ltr'><strong>sic</strong></span> <span class='ocrx_word' id='word_1_396' title='bbox 1330 1711 1374 1782; x_wconf 88' lang='lat' dir='ltr'><strong>ju-</strong></span> 
     </span>
     <span class='ocr_line' id='line_1_76' title="bbox 781 1776 1374 1849; baseline 0.007 -16"><span class='ocrx_word' id='word_1_397' title='bbox 781 1793 869 1834; x_wconf 77' lang='lat' dir='ltr'><strong>venes</strong></span> <span class='ocrx_word' id='word_1_398' title='bbox 885 1777 1040 1835; x_wconf 81' lang='lat' dir='ltr'><strong>insolentes</strong></span> <span class='ocrx_word' id='word_1_399' title='bbox 1055 1783 1140 1849; x_wconf 84' lang='lat' dir='ltr'><strong>atque</strong></span> <span class='ocrx_word' id='word_1_400' title='bbox 1149 1776 1280 1836; x_wconf 87' lang='lat' dir='ltr'><strong>dissoluti</strong></span> <span class='ocrx_word' id='word_1_401' title='bbox 1294 1797 1374 1837; x_wconf 89' lang='lat' dir='ltr'><strong>man·</strong></span> 
     </span>
     <span class='ocr_line' id='line_1_77' title="bbox 781 1848 1372 1976; baseline 0.007 -71"><span class='ocrx_word' id='word_1_402' title='bbox 781 1855 926 1918; x_wconf 90' lang='lat' dir='ltr'><strong>suescunt,</strong></span> <span class='ocrx_word' id='word_1_403' title='bbox 953 1856 982 1906; x_wconf 90' lang='lat' dir='ltr'><strong>ot</strong></span> <span class='ocrx_word' id='word_1_404' title='bbox 1005 1848 1109 1906; x_wconf 84' lang='lat' dir='ltr'><strong>Christi</strong></span> <span class='ocrx_word' id='word_1_405' title='bbox 1134 1850 1203 1976; x_wconf 57' lang='grc' dir='ltr'>ιὐῗο</span> <span class='ocrx_word' id='word_1_406' title='bbox 1224 1850 1372 1909; x_wconf 87' lang='lat' dir='ltr'><strong>humiliter</strong></span> 
     </span>
     <span class='ocr_line' id='line_1_78' title="bbox 783 1919 1371 2050; baseline 0.007 -73"><span class='ocrx_word' id='word_1_407' title='bbox 783 1920 981 1993; x_wconf 86' lang='lat' dir='ltr'><strong>subjiciuntur,</strong></span> <span class='ocrx_word' id='word_1_408' title='bbox 996 1920 1110 1992; x_wconf 91' lang='lat' dir='ltr'><strong>quando</strong></span> <span class='ocrx_word' id='word_1_409' title='bbox 1138 1937 1168 1976; x_wconf 87' lang='lat' dir='ltr'><strong>rc</strong></span> <span class='ocrx_word' id='word_1_410' title='bbox 1182 1919 1307 2050; x_wconf 62' lang='lat' dir='ltr'><strong>igionem</strong></span> <span class='ocrx_word' id='word_1_411' title='bbox 1328 1927 1371 1981; x_wconf 91' lang='lat' dir='ltr'><strong>in·</strong></span> 
     </span>
     <span class='ocr_line' id='line_1_79' title="bbox 782 1991 1373 2064; baseline 0.008 -17"><span class='ocrx_word' id='word_1_412' title='bbox 782 1991 996 2064; x_wconf 85' lang='lat' dir='ltr'><strong>grediuntur,et</strong></span> <span class='ocrx_word' id='word_1_413' title='bbox 1008 1991 1176 2048; x_wconf 88' lang='lat' dir='ltr'><strong>ceremoniis</strong></span> <span class='ocrx_word' id='word_1_414' title='bbox 1211 1994 1373 2052; x_wconf 86' lang='lat' dir='ltr'><strong>rdinisalli·</strong></span> 
     </span>
     <span class='ocr_line' id='line_1_80' title="bbox 782 2063 1373 2192; baseline 0.007 -72"><span class='ocrx_word' id='word_1_415' title='bbox 782 2069 897 2192; x_wconf 52' lang='lat' dir='ltr'><strong>{anton</strong></span> <span class='ocrx_word' id='word_1_416' title='bbox 912 2066 966 2120; x_wconf 87' lang='lat' dir='ltr'><strong>Sed</strong></span> <span class='ocrx_word' id='word_1_417' title='bbox 991 2071 1069 2134; x_wconf 89' lang='lat' dir='ltr'><strong>nota,</strong></span> <span class='ocrx_word' id='word_1_418' title='bbox 1093 2063 1170 2190; x_wconf 50' lang='lat' dir='ltr'><strong>guod</strong></span> <span class='ocrx_word' id='word_1_419' title='bbox 1195 2063 1223 2120; x_wconf 92' lang='lat' dir='ltr'><strong>in</strong></span> <span class='ocrx_word' id='word_1_420' title='bbox 1247 2067 1373 2124; x_wconf 83' lang='lat' dir='ltr'><strong>teremia</strong></span> 
     </span>
    </p>

    <p class='ocr_par' dir='ltr' id='par_1_4' title="bbox 777 2134 1370 2923">
     <span class='ocr_line' id='line_1_81' title="bbox 803 2134 1370 2204; baseline 0.005 -12"><span class='ocrx_word' id='word_1_421' title='bbox 803 2134 886 2192; x_wconf 93' lang='lat' dir='ltr'><strong>icitur</strong></span> <span class='ocrx_word' id='word_1_422' title='bbox 902 2152 909 2191; x_wconf 92' lang='lat'>:</span> <span class='ocrx_word' id='word_1_423' title='bbox 930 2136 1003 2203; x_wconf 83' lang='lat' dir='ltr'><strong>Quid</strong></span> <span class='ocrx_word' id='word_1_424' title='bbox 1021 2140 1050 2191; x_wconf 89' lang='lat' dir='ltr'><strong>tu</strong></span> <span class='ocrx_word' id='word_1_425' title='bbox 1065 2138 1095 2190; x_wconf 84' lang='lat' dir='ltr'><strong>ut</strong></span> <span class='ocrx_word' id='word_1_426' title='bbox 1116 2151 1154 2204; x_wconf 87' lang='lat' dir='ltr'><strong>es,</strong></span> <span class='ocrx_word' id='word_1_427' title='bbox 1167 2138 1287 2193; x_wconf 78' lang='lat' dir='ltr'><strong>terentia</strong></span> <span class='ocrx_word' id='word_1_428' title='bbox 1297 2139 1312 2194; x_wconf 74' lang='lat' dir='ltr'><strong>l</strong></span> <span class='ocrx_word' id='word_1_429' title='bbox 1324 2142 1370 2195; x_wconf 76' lang='lat' dir='ltr'><strong>nt-</strong></span> 
     </span>
     <span class='ocr_line' id='line_1_82' title="bbox 781 2207 1370 2275; baseline 0.005 -12"><span class='ocrx_word' id='word_1_430' title='bbox 781 2222 830 2264; x_wconf 83' lang='lat' dir='ltr'><strong>cus</strong></span> <span class='ocrx_word' id='word_1_431' title='bbox 847 2208 940 2273; x_wconf 81' lang='lat' dir='ltr'><strong>tonus,</strong></span> <span class='ocrx_word' id='word_1_432' title='bbox 959 2208 1043 2263; x_wconf 83' lang='lat' dir='ltr'><strong>bouus</strong></span> <span class='ocrx_word' id='word_1_433' title='bbox 1058 2207 1156 2275; x_wconf 87' lang='lat' dir='ltr'><strong>oulde,·</strong></span> <span class='ocrx_word' id='word_1_434' title='bbox 1171 2212 1197 2263; x_wconf 92' lang='lat' dir='ltr'><strong>et</strong></span> <span class='ocrx_word' id='word_1_435' title='bbox 1218 2208 1290 2265; x_wconf 86' lang='lat' dir='ltr'><strong>ficus</strong></span> <span class='ocrx_word' id='word_1_436' title='bbox 1309 2228 1370 2266; x_wconf 86' lang='lat' dir='ltr'><strong>mu-</strong></span> 
     </span>
     <span class='ocr_line' id='line_1_83' title="bbox 783 2279 1369 2350; baseline 0.005 -15"><span class='ocrx_word' id='word_1_437' title='bbox 783 2280 836 2348; x_wconf 84' lang='lat' dir='ltr'><strong>tos,</strong></span> <span class='ocrx_word' id='word_1_438' title='bbox 851 2281 941 2335; x_wconf 83' lang='lat' dir='ltr'><strong>mulus</strong></span> <span class='ocrx_word' id='word_1_439' title='bbox 960 2279 1056 2348; x_wconf 85' lang='lat' dir='ltr'><strong>ualde,</strong></span> <span class='ocrx_word' id='word_1_440' title='bbox 1075 2280 1143 2350; x_wconf 90' lang='lat' dir='ltr'><strong>quia</strong></span> <span class='ocrx_word' id='word_1_441' title='bbox 1163 2279 1277 2349; x_wconf 91' lang='lat' dir='ltr'><strong>quando</strong></span> <span class='ocrx_word' id='word_1_442' title='bbox 1303 2282 1369 2339; x_wconf 85' lang='lat' dir='ltr'><strong>reli·</strong></span> 
     </span>
     <span class='ocr_line' id='line_1_84' title="bbox 782 2350 1366 2423; baseline 0.009 -18"><span class='ocrx_word' id='word_1_443' title='bbox 782 2351 879 2422; x_wconf 83' lang='lat' dir='ltr'><strong>giosus</strong></span> <span class='ocrx_word' id='word_1_444' title='bbox 894 2355 935 2406; x_wconf 87' lang='lat' dir='ltr'><strong>ost</strong></span> <span class='ocrx_word' id='word_1_445' title='bbox 948 2350 1048 2418; x_wconf 88' lang='lat' dir='ltr'><strong>bonus,</strong></span> <span class='ocrx_word' id='word_1_446' title='bbox 1060 2366 1118 2406; x_wconf 93' lang='lat' dir='ltr'><strong>non</strong></span> <span class='ocrx_word' id='word_1_447' title='bbox 1133 2354 1176 2406; x_wconf 90' lang='lat' dir='ltr'><strong>cst</strong></span> <span class='ocrx_word' id='word_1_448' title='bbox 1192 2351 1295 2409; x_wconf 86' lang='lat' dir='ltr'><strong>melior</strong></span> <span class='ocrx_word' id='word_1_449' title='bbox 1310 2369 1366 2423; x_wconf 88' lang='lat' dir='ltr'><strong>co;</strong></span> 
     </span>
     <span class='ocr_line' id='line_1_85' title="bbox 782 2420 1370 2495; baseline 0.005 -17"><span class='ocrx_word' id='word_1_450' title='bbox 782 2429 811 2478; x_wconf 90' lang='lat' dir='ltr'><strong>et</strong></span> <span class='ocrx_word' id='word_1_451' title='bbox 831 2420 946 2494; x_wconf 83' lang='lat' dir='ltr'><strong>quando</strong></span> <span class='ocrx_word' id='word_1_452' title='bbox 966 2428 1010 2478; x_wconf 89' lang='lat' dir='ltr'><strong>est</strong></span> <span class='ocrx_word' id='word_1_453' title='bbox 1029 2422 1130 2490; x_wconf 89' lang='lat' dir='ltr'><strong>malus,</strong></span> <span class='ocrx_word' id='word_1_454' title='bbox 1146 2437 1203 2478; x_wconf 92' lang='lat' dir='ltr'><strong>non</strong></span> <span class='ocrx_word' id='word_1_455' title='bbox 1225 2428 1266 2480; x_wconf 82' lang='lat' dir='ltr'><strong>est</strong></span> <span class='ocrx_word' id='word_1_456' title='bbox 1289 2426 1370 2495; x_wconf 86' lang='lat' dir='ltr'><strong>ncjor</strong></span> 
     </span>
     <span class='ocr_line' id='line_1_86' title="bbox 781 2493 1370 2565; baseline 0.003 -14"><span class='ocrx_word' id='word_1_457' title='bbox 781 2508 826 2551; x_wconf 86' lang='lat' dir='ltr'><strong>eo.</strong></span> <span class='ocrx_word' id='word_1_458' title='bbox 850 2494 927 2551; x_wconf 91' lang='lat' dir='ltr'><strong>Unde</strong></span> <span class='ocrx_word' id='word_1_459' title='bbox 952 2494 1127 2562; x_wconf 62' lang='lat' dir='ltr'><strong>Augustinus</strong></span> <span class='ocrx_word' id='word_1_460' title='bbox 1142 2512 1151 2548; x_wconf 75' lang='grc' dir='ltr'><strong><em>ε</em></strong></span> <span class='ocrx_word' id='word_1_461' title='bbox 1168 2493 1370 2565; x_wconf 79' lang='lat' dir='ltr'><strong>«Simpliciter</strong></span> 
     </span>
     <span class='ocr_line' id='line_1_87' title="bbox 781 2564 1368 2639; baseline 0.005 -18"><span class='ocrx_word' id='word_1_462' title='bbox 781 2564 874 2622; x_wconf 87' lang='lat' dir='ltr'><strong>lateor</strong></span> <span class='ocrx_word' id='word_1_463' title='bbox 888 2582 922 2622; x_wconf 87' lang='lat' dir='ltr'><strong>ex</strong></span> <span class='ocrx_word' id='word_1_464' title='bbox 936 2582 992 2637; x_wconf 87' lang='lat' dir='ltr'><strong>quo</strong></span> <span class='ocrx_word' id='word_1_465' title='bbox 1007 2567 1063 2623; x_wconf 85' lang='lat' dir='ltr'><strong>Deo</strong></span> <span class='ocrx_word' id='word_1_466' title='bbox 1080 2565 1187 2622; x_wconf 85' lang='lat' dir='ltr'><strong>servire</strong></span> <span class='ocrx_word' id='word_1_467' title='bbox 1201 2565 1283 2638; x_wconf 80' lang='lat' dir='ltr'><strong>coepi,</strong></span> <span class='ocrx_word' id='word_1_468' title='bbox 1299 2583 1368 2639; x_wconf 87' lang='lat' dir='ltr'><strong>quo·</strong></span> 
     </span>
     <span class='ocr_line' id='line_1_88' title="bbox 781 2635 1368 2708; baseline 0.005 -15"><span class='ocrx_word' id='word_1_469' title='bbox 781 2638 859 2693; x_wconf 89' lang='lat' dir='ltr'><strong>niam</strong></span> <span class='ocrx_word' id='word_1_470' title='bbox 869 2637 940 2693; x_wconf 90' lang='lat' dir='ltr'><strong>sicut</strong></span> <span class='ocrx_word' id='word_1_471' title='bbox 953 2635 1068 2693; x_wconf 91' lang='lat' dir='ltr'><strong>dillicilo</strong></span> <span class='ocrx_word' id='word_1_472' title='bbox 1082 2643 1213 2708; x_wconf 83' lang='lat' dir='ltr'><strong>expertus</strong></span> <span class='ocrx_word' id='word_1_473' title='bbox 1228 2653 1291 2695; x_wconf 87' lang='lat' dir='ltr'><strong>sum</strong></span> <span class='ocrx_word' id='word_1_474' title='bbox 1308 2655 1368 2696; x_wconf 90' lang='lat' dir='ltr'><strong>me·</strong></span> 
     </span>
     <span class='ocr_line' id='line_1_89' title="bbox 780 2706 1368 2782; baseline 0.005 -18"><span class='ocrx_word' id='word_1_475' title='bbox 780 2707 874 2778; x_wconf 86' lang='lat' dir='ltr'><strong>liores,</strong></span> <span class='ocrx_word' id='word_1_476' title='bbox 891 2724 976 2780; x_wconf 87' lang='lat' dir='ltr'><strong>quam</strong></span> <span class='ocrx_word' id='word_1_477' title='bbox 997 2707 1045 2779; x_wconf 90' lang='lat' dir='ltr'><strong>qui</strong></span> <span class='ocrx_word' id='word_1_478' title='bbox 1062 2706 1093 2764; x_wconf 93' lang='lat' dir='ltr'><strong>in</strong></span> <span class='ocrx_word' id='word_1_479' title='bbox 1107 2708 1287 2765; x_wconf 90' lang='lat' dir='ltr'><strong>monasteriis</strong></span> <span class='ocrx_word' id='word_1_480' title='bbox 1302 2726 1368 2782; x_wconf 85' lang='lat' dir='ltr'><strong>pro-</strong></span> 
     </span>
     <span class='ocr_line' id='line_1_90' title="bbox 781 2779 1368 2856; baseline 0.005 -20"><span class='ocrx_word' id='word_1_481' title='bbox 781 2779 925 2850; x_wconf 85' lang='lat' dir='ltr'><strong>iecerunt3</strong></span> <span class='ocrx_word' id='word_1_482' title='bbox 950 2779 990 2836; x_wconf 87' lang='lat' dir='ltr'><strong>sic</strong></span> <span class='ocrx_word' id='word_1_483' title='bbox 1004 2796 1061 2836; x_wconf 95' lang='lat' dir='ltr'><strong>non</strong></span> <span class='ocrx_word' id='word_1_484' title='bbox 1076 2794 1137 2836; x_wconf 90' lang='lat' dir='ltr'><strong>sum</strong></span> <span class='ocrx_word' id='word_1_485' title='bbox 1155 2786 1289 2852; x_wconf 79' lang='lat' dir='ltr'><strong>expertus</strong></span> <span class='ocrx_word' id='word_1_486' title='bbox 1311 2798 1368 2856; x_wconf 88' lang='lat' dir='ltr'><strong>pe-</strong></span> 
     </span>
     <span class='ocr_line' id='line_1_91' title="bbox 777 2851 1365 2923; baseline -0.005 -16"><span class='ocrx_word' id='word_1_487' title='bbox 777 2851 865 2923; x_wconf 90' lang='lat' dir='ltr'><strong>jores,</strong></span> <span class='ocrx_word' id='word_1_488' title='bbox 884 2867 970 2923; x_wconf 90' lang='lat' dir='ltr'><strong>quam</strong></span> <span class='ocrx_word' id='word_1_489' title='bbox 989 2852 1037 2922; x_wconf 90' lang='lat' dir='ltr'><strong>qui</strong></span> <span class='ocrx_word' id='word_1_490' title='bbox 1057 2852 1086 2906; x_wconf 92' lang='lat' dir='ltr'><strong>in</strong></span> <span class='ocrx_word' id='word_1_491' title='bbox 1102 2852 1141 2907; x_wconf 91' lang='lat' dir='ltr'><strong>eis</strong></span> <span class='ocrx_word' id='word_1_492' title='bbox 1154 2851 1331 2910; x_wconf 84' lang='lat' dir='ltr'><strong>deiecerunt.</strong></span> <span class='ocrx_word' id='word_1_493' title='bbox 1354 2873 1365 2904; x_wconf 78' lang='grc' dir='ltr'>ι</span> 
     </span>
    </p>

    <p class='ocr_par' dir='ltr' id='par_1_5' title="bbox 774 2923 1423 4357">
     <span class='ocr_line' id='line_1_92' title="bbox 816 2923 1369 2989; baseline 0.009 -12"><span class='ocrx_word' id='word_1_494' title='bbox 816 2927 831 2977; x_wconf 87' lang='lat'>5</span> <span class='ocrx_word' id='word_1_495' title='bbox 847 2923 916 2989; x_wconf 82' lang='lat' dir='ltr'><strong>Quin</strong></span> <span class='ocrx_word' id='word_1_496' title='bbox 935 2941 976 2979; x_wconf 85' lang='lat' dir='ltr'><strong>sn</strong></span> <span class='ocrx_word' id='word_1_497' title='bbox 990 2940 1095 2979; x_wconf 80' lang='lat' dir='ltr'><strong>rnnnmr</strong></span> <span class='ocrx_word' id='word_1_498' title='bbox 1118 2940 1270 2980; x_wconf 81' lang='lat' dir='ltr'><strong>murnum</strong></span> <span class='ocrx_word' id='word_1_499' title='bbox 1288 2942 1369 2982; x_wconf 87' lang='lat' dir='ltr'><strong>occu·</strong></span> 
     </span>
     <span class='ocr_line' id='line_1_93' title="bbox 781 2994 1370 3067; baseline 0.007 -18"><span class='ocrx_word' id='word_1_500' title='bbox 781 2994 868 3050; x_wconf 75' lang='lat' dir='ltr'><strong>rans?</strong></span> <span class='ocrx_word' id='word_1_501' title='bbox 882 3026 917 3036; x_wconf 98' lang='lat'><strong>—</strong></span> <span class='ocrx_word' id='word_1_502' title='bbox 930 2996 1071 3051; x_wconf 86' lang='lat' dir='ltr'><strong>Docemor</strong></span> <span class='ocrx_word' id='word_1_503' title='bbox 1086 3009 1154 3067; x_wconf 76' lang='lat' dir='ltr'><strong>ergo</strong></span> <span class='ocrx_word' id='word_1_504' title='bbox 1169 2994 1215 3051; x_wconf 89' lang='lat' dir='ltr'><strong>hio</strong></span> <span class='ocrx_word' id='word_1_505' title='bbox 1228 3000 1258 3052; x_wconf 90' lang='lat' dir='ltr'><strong>et</strong></span> <span class='ocrx_word' id='word_1_506' title='bbox 1271 3012 1370 3054; x_wconf 90' lang='lat' dir='ltr'><strong>mone·</strong></span> 
     </span>
     <span class='ocr_line' id='line_1_94' title="bbox 780 3067 1371 3136; baseline 0.005 -15"><span class='ocrx_word' id='word_1_507' title='bbox 780 3080 855 3135; x_wconf 90' lang='lat' dir='ltr'><strong>nrur,</strong></span> <span class='ocrx_word' id='word_1_508' title='bbox 882 3071 912 3121; x_wconf 92' lang='lat' dir='ltr'><strong>ut</strong></span> <span class='ocrx_word' id='word_1_509' title='bbox 940 3082 997 3122; x_wconf 95' lang='lat' dir='ltr'><strong>non</strong></span> <span class='ocrx_word' id='word_1_510' title='bbox 1025 3067 1113 3122; x_wconf 91' lang='lat' dir='ltr'><strong>simus</strong></span> <span class='ocrx_word' id='word_1_511' title='bbox 1143 3067 1265 3136; x_wconf 90' lang='lat' dir='ltr'><strong>steriles,</strong></span> <span class='ocrx_word' id='word_1_512' title='bbox 1297 3067 1371 3125; x_wconf 85' lang='lat' dir='ltr'><strong>sicut</strong></span> 
     </span>
     <span class='ocr_line' id='line_1_95' title="bbox 780 3135 1423 3207; baseline 0.009 -15"><span class='ocrx_word' id='word_1_513' title='bbox 780 3138 867 3193; x_wconf 89' lang='lat' dir='ltr'><strong>arhor</strong></span> <span class='ocrx_word' id='word_1_514' title='bbox 881 3135 1066 3207; x_wconf 81' lang='lat' dir='ltr'><strong>infructuosa,</strong></span> <span class='ocrx_word' id='word_1_515' title='bbox 1075 3146 1103 3194; x_wconf 91' lang='lat' dir='ltr'><strong>ct</strong></span> <span class='ocrx_word' id='word_1_516' title='bbox 1113 3143 1218 3194; x_wconf 86' lang='lat' dir='ltr'><strong>terram</strong></span> <span class='ocrx_word' id='word_1_517' title='bbox 1229 3137 1370 3197; x_wconf 89' lang='lat' dir='ltr'><strong>inutiliter</strong></span> <span class='ocrx_word' id='word_1_518' title='bbox 1415 3154 1423 3173; x_wconf 90' lang='grc'><em>·</em></span> 
     </span>
     <span class='ocr_line' id='line_1_96' title="bbox 780 3208 1369 3280; baseline 0.007 -16"><span class='ocrx_word' id='word_1_519' title='bbox 780 3224 837 3264; x_wconf 92' lang='lat' dir='ltr'><strong>non</strong></span> <span class='ocrx_word' id='word_1_520' title='bbox 860 3225 1045 3280; x_wconf 81' lang='lat' dir='ltr'><strong>occupemus3</strong></span> <span class='ocrx_word' id='word_1_521' title='bbox 1061 3225 1097 3265; x_wconf 90' lang='lat' dir='ltr'><strong>ne</strong></span> <span class='ocrx_word' id='word_1_522' title='bbox 1120 3210 1182 3265; x_wconf 91' lang='lat' dir='ltr'><strong>sinc</strong></span> <span class='ocrx_word' id='word_1_523' title='bbox 1201 3208 1297 3268; x_wconf 87' lang='lat' dir='ltr'><strong>lructu</strong></span> <span class='ocrx_word' id='word_1_524' title='bbox 1319 3213 1369 3268; x_wconf 92' lang='lat' dir='ltr'><strong>bo·</strong></span> 
     </span>
     <span class='ocr_line' id='line_1_97' title="bbox 780 3281 1368 3353; baseline 0.005 -18"><span class='ocrx_word' id='word_1_525' title='bbox 780 3295 881 3337; x_wconf 91' lang='lat' dir='ltr'><strong>norum</strong></span> <span class='ocrx_word' id='word_1_526' title='bbox 899 3296 1017 3353; x_wconf 85' lang='lat' dir='ltr'><strong>operum</strong></span> <span class='ocrx_word' id='word_1_527' title='bbox 1042 3281 1159 3351; x_wconf 87' lang='lat' dir='ltr'><strong>inventi,</strong></span> <span class='ocrx_word' id='word_1_528' title='bbox 1177 3281 1368 3351; x_wconf 90' lang='lat' dir='ltr'><strong>succidamur,</strong></span> 
     </span>
     <span class='ocr_line' id='line_1_98' title="bbox 779 3351 1369 3479; baseline 0.005 -71"><span class='ocrx_word' id='word_1_529' title='bbox 779 3359 808 3408; x_wconf 90' lang='lat' dir='ltr'><strong>ct</strong></span> <span class='ocrx_word' id='word_1_530' title='bbox 827 3351 856 3407; x_wconf 91' lang='lat' dir='ltr'><strong>in</strong></span> <span class='ocrx_word' id='word_1_531' title='bbox 878 3351 974 3479; x_wconf 54' lang='lat' dir='ltr'><strong>ignem</strong></span> <span class='ocrx_word' id='word_1_532' title='bbox 997 3351 1155 3409; x_wconf 89' lang='lat' dir='ltr'><strong>mittamur.</strong></span> <span class='ocrx_word' id='word_1_533' title='bbox 1176 3353 1257 3423; x_wconf 88' lang='lat' dir='ltr'><strong>Quia,</strong></span> <span class='ocrx_word' id='word_1_534' title='bbox 1273 3362 1306 3411; x_wconf 90' lang='lat' dir='ltr'><strong>ut</strong></span> <span class='ocrx_word' id='word_1_535' title='bbox 1328 3356 1369 3410; x_wconf 86' lang='lat' dir='ltr'><strong>ait</strong></span> 
     </span>
     <span class='ocr_line' id='line_1_99' title="bbox 778 3424 1364 3494; baseline 0.002 -13"><span class='ocrx_word' id='word_1_536' title='bbox 778 3426 883 3481; x_wconf 82' lang='lat' dir='ltr'><strong>Beruor</strong></span> <span class='ocrx_word' id='word_1_537' title='bbox 903 3440 944 3494; x_wconf 82' lang='lat' dir='ltr'><strong>us,</strong></span> <span class='ocrx_word' id='word_1_538' title='bbox 976 3424 1072 3480; x_wconf 88' lang='lat' dir='ltr'><strong>arbori</strong></span> <span class='ocrx_word' id='word_1_539' title='bbox 1100 3425 1282 3481; x_wconf 78' lang='lat' dir='ltr'><strong>infructuosae</strong></span> <span class='ocrx_word' id='word_1_540' title='bbox 1310 3424 1364 3482; x_wconf 87' lang='lat' dir='ltr'><strong>duo</strong></span> 
     </span>
     <span class='ocr_line' id='line_1_100' title="bbox 778 3494 1364 3567; baseline 0.007 -17"><span class='ocrx_word' id='word_1_541' title='bbox 778 3495 928 3565; x_wconf 86' lang='lat' dir='ltr'><strong>debentur,</strong></span> <span class='ocrx_word' id='word_1_542' title='bbox 944 3496 1052 3552; x_wconf 91' lang='lat' dir='ltr'><strong>securis</strong></span> <span class='ocrx_word' id='word_1_543' title='bbox 1064 3499 1093 3551; x_wconf 91' lang='lat' dir='ltr'><strong>ct</strong></span> <span class='ocrx_word' id='word_1_544' title='bbox 1105 3494 1189 3567; x_wconf 86' lang='lat' dir='ltr'><strong>ignis.</strong></span> <span class='ocrx_word' id='word_1_545' title='bbox 1206 3495 1306 3553; x_wconf 88' lang='lat' dir='ltr'><strong>Potest</strong></span> <span class='ocrx_word' id='word_1_546' title='bbox 1319 3513 1364 3554; x_wconf 87' lang='lat' dir='ltr'><strong>au·</strong></span> 
     </span>
     <span class='ocr_line' id='line_1_101' title="bbox 777 3566 1363 3639; baseline 0.007 -18"><span class='ocrx_word' id='word_1_547' title='bbox 777 3570 836 3622; x_wconf 89' lang='lat' dir='ltr'><strong>tem</strong></span> <span class='ocrx_word' id='word_1_548' title='bbox 864 3583 915 3638; x_wconf 83' lang='lat' dir='ltr'><strong>ner</strong></span> <span class='ocrx_word' id='word_1_549' title='bbox 932 3572 1038 3624; x_wconf 86' lang='lat' dir='ltr'><strong>terram</strong></span> <span class='ocrx_word' id='word_1_550' title='bbox 1059 3568 1147 3623; x_wconf 88' lang='lat' dir='ltr'><strong>sterili</strong></span> <span class='ocrx_word' id='word_1_551' title='bbox 1171 3566 1228 3622; x_wconf 88' lang='lat' dir='ltr'><strong>ficu</strong></span> <span class='ocrx_word' id='word_1_552' title='bbox 1244 3584 1363 3639; x_wconf 81' lang='lat' dir='ltr'><strong>occupa·</strong></span> 
     </span>
     <span class='ocr_line' id='line_1_102' title="bbox 776 3637 1365 3710; baseline 0.005 -17"><span class='ocrx_word' id='word_1_553' title='bbox 776 3641 835 3694; x_wconf 85' lang='lat' dir='ltr'><strong>tarn</strong></span> <span class='ocrx_word' id='word_1_554' title='bbox 857 3637 984 3695; x_wconf 86' lang='lat' dir='ltr'><strong>Ecclesia</strong></span> <span class='ocrx_word' id='word_1_555' title='bbox 1001 3637 1167 3710; x_wconf 82' lang='lat' dir='ltr'><strong>significari,</strong></span> <span class='ocrx_word' id='word_1_556' title='bbox 1192 3653 1256 3710; x_wconf 82' lang='lat' dir='ltr'><strong>quae</strong></span> <span class='ocrx_word' id='word_1_557' title='bbox 1283 3641 1365 3697; x_wconf 81' lang='lat' dir='ltr'><strong>noxia</strong></span> 
     </span>
     <span class='ocr_line' id='line_1_103' title="bbox 777 3708 1365 3781; baseline 0.009 -18"><span class='ocrx_word' id='word_1_558' title='bbox 777 3708 959 3779; x_wconf 80' lang='lat' dir='ltr'><strong>nrmlatorum</strong></span> <span class='ocrx_word' id='word_1_559' title='bbox 982 3718 1011 3767; x_wconf 90' lang='lat' dir='ltr'><strong>ot</strong></span> <span class='ocrx_word' id='word_1_560' title='bbox 1027 3710 1244 3781; x_wconf 80' lang='lat' dir='ltr'><strong>praepositorum</strong></span> <span class='ocrx_word' id='word_1_561' title='bbox 1263 3712 1365 3767; x_wconf 86' lang='lat' dir='ltr'><strong>umbra</strong></span> 
     </span>
     <span class='ocr_line' id='line_1_104' title="bbox 776 3780 1362 3852; baseline 0 -17"><span class='ocrx_word' id='word_1_562' title='bbox 776 3782 924 3852; x_wconf 85' lang='lat' dir='ltr'><strong>premitur,</strong></span> <span class='ocrx_word' id='word_1_563' title='bbox 943 3797 979 3837; x_wconf 96' lang='lat' dir='ltr'><strong>ne</strong></span> <span class='ocrx_word' id='word_1_564' title='bbox 997 3782 1094 3838; x_wconf 87' lang='lat' dir='ltr'><strong>lurnon</strong></span> <span class='ocrx_word' id='word_1_565' title='bbox 1110 3780 1238 3837; x_wconf 81' lang='lat' dir='ltr'><strong>veritalis</strong></span> <span class='ocrx_word' id='word_1_566' title='bbox 1258 3780 1362 3850; x_wconf 82' lang='lat' dir='ltr'><strong>rideat,</strong></span> 
     </span>
     <span class='ocr_line' id='line_1_105' title="bbox 776 3851 1364 3924; baseline 0.007 -18"><span class='ocrx_word' id='word_1_567' title='bbox 776 3852 950 3923; x_wconf 83' lang='lat' dir='ltr'><strong>etoxomplis</strong></span> <span class='ocrx_word' id='word_1_568' title='bbox 966 3869 1064 3908; x_wconf 85' lang='lat' dir='ltr'><strong>eorum</strong></span> <span class='ocrx_word' id='word_1_569' title='bbox 1075 3851 1239 3924; x_wconf 82' lang='lat' dir='ltr'><strong>impeditur,</strong></span> <span class='ocrx_word' id='word_1_570' title='bbox 1256 3869 1292 3910; x_wconf 90' lang='lat' dir='ltr'><strong>no</strong></span> <span class='ocrx_word' id='word_1_571' title='bbox 1305 3854 1364 3910; x_wconf 87' lang='lat' dir='ltr'><strong>sole</strong></span> 
     </span>
     <span class='ocr_line' id='line_1_106' title="bbox 775 3920 1365 3994; baseline 0.003 -16"><span class='ocrx_word' id='word_1_572' title='bbox 775 3920 935 3978; x_wconf 85' lang='lat' dir='ltr'><strong>dilectionis</strong></span> <span class='ocrx_word' id='word_1_573' title='bbox 946 3924 996 3979; x_wconf 80' lang='lat' dir='ltr'><strong>liei</strong></span> <span class='ocrx_word' id='word_1_574' title='bbox 1006 3924 1144 3992; x_wconf 80' lang='lat' dir='ltr'><strong>calescat3</strong></span> <span class='ocrx_word' id='word_1_575' title='bbox 1157 3923 1192 3979; x_wconf 88' lang='lat' dir='ltr'><strong>do</strong></span> <span class='ocrx_word' id='word_1_576' title='bbox 1204 3925 1307 3994; x_wconf 82' lang='lat' dir='ltr'><strong>quibus</strong></span> <span class='ocrx_word' id='word_1_577' title='bbox 1319 3926 1365 3980; x_wconf 72' lang='lat' dir='ltr'><strong>lto·</strong></span> 
     </span>
     <span class='ocr_line' id='line_1_107' title="bbox 775 3993 1364 4065; baseline 0.007 -16"><span class='ocrx_word' id='word_1_578' title='bbox 775 4009 810 4051; x_wconf 90' lang='lat' dir='ltr'><strong>ne</strong></span> <span class='ocrx_word' id='word_1_579' title='bbox 821 3993 875 4050; x_wconf 87' lang='lat' dir='ltr'><strong>dici</strong></span> <span class='ocrx_word' id='word_1_580' title='bbox 888 3998 982 4065; x_wconf 76' lang='lat' dir='ltr'><strong>potest</strong></span> <span class='ocrx_word' id='word_1_581' title='bbox 995 3994 1063 4050; x_wconf 89' lang='lat' dir='ltr'><strong>illud</strong></span> <span class='ocrx_word' id='word_1_582' title='bbox 1079 4012 1085 4050; x_wconf 92' lang='lat'>:</span> <span class='ocrx_word' id='word_1_583' title='bbox 1104 3999 1151 4053; x_wconf 77' lang='lat' dir='ltr'><strong>Va</strong></span> <span class='ocrx_word' id='word_1_584' title='bbox 1161 3996 1249 4059; x_wconf 84' lang='lat' dir='ltr'><strong>oolts.</strong></span> <span class='ocrx_word' id='word_1_585' title='bbox 1262 3997 1364 4053; x_wconf 68' lang='lat' dir='ltr'><strong>susm</strong></span> 
     </span>
     <span class='ocr_line' id='line_1_108' title="bbox 774 4068 1362 4136; baseline 0.007 -16"><span class='ocrx_word' id='word_1_586' title='bbox 774 4070 800 4121; x_wconf 88' lang='lat' dir='ltr'><strong>ct</strong></span> <span class='ocrx_word' id='word_1_587' title='bbox 813 4068 958 4133; x_wconf 80' lang='lat' dir='ltr'><strong>Plturtsmi,</strong></span> <span class='ocrx_word' id='word_1_588' title='bbox 974 4069 1024 4136; x_wconf 83' lang='lat' dir='ltr'><strong>qui</strong></span> <span class='ocrx_word' id='word_1_589' title='bbox 1038 4068 1170 4122; x_wconf 83' lang='lat' dir='ltr'><strong>clauditis</strong></span> <span class='ocrx_word' id='word_1_590' title='bbox 1184 4083 1298 4136; x_wconf 66' lang='lat' dir='ltr'><strong>somnum</strong></span> <span class='ocrx_word' id='word_1_591' title='bbox 1313 4086 1362 4124; x_wconf 84' lang='lat' dir='ltr'><strong>cm·</strong></span> 
     </span>
     <span class='ocr_line' id='line_1_109' title="bbox 775 4138 1361 4198; baseline 0.01 -6"><span class='ocrx_word' id='word_1_592' title='bbox 775 4138 862 4193; x_wconf 84' lang='lat' dir='ltr'><strong>lorum</strong></span> <span class='ocrx_word' id='word_1_593' title='bbox 873 4144 937 4192; x_wconf 81' lang='lat' dir='ltr'><strong>autc</strong></span> <span class='ocrx_word' id='word_1_594' title='bbox 946 4140 1076 4193; x_wconf 78' lang='lat' dir='ltr'><strong>hominos.</strong></span> <span class='ocrx_word' id='word_1_595' title='bbox 1092 4139 1170 4194; x_wconf 91' lang='lat' dir='ltr'><strong>Undo</strong></span> <span class='ocrx_word' id='word_1_596' title='bbox 1181 4138 1361 4198; x_wconf 80' lang='lat' dir='ltr'><strong>Ambrosius:</strong></span> 
     </span>
     <span class='ocr_line' id='line_1_110' title="bbox 775 4207 1362 4283; baseline 0.014 -22"><span class='ocrx_word' id='word_1_597' title='bbox 775 4227 790 4260; x_wconf 80' lang='lat' dir='ltr'><strong>u</strong></span> <span class='ocrx_word' id='word_1_598' title='bbox 803 4207 942 4265; x_wconf 87' lang='lat' dir='ltr'><strong>inutiliter</strong></span> <span class='ocrx_word' id='word_1_599' title='bbox 953 4215 1059 4266; x_wconf 87' lang='lat' dir='ltr'><strong>terram</strong></span> <span class='ocrx_word' id='word_1_600' title='bbox 1072 4215 1190 4282; x_wconf 84' lang='lat' dir='ltr'><strong>occupat</strong></span> <span class='ocrx_word' id='word_1_601' title='bbox 1205 4212 1252 4283; x_wconf 89' lang='lat' dir='ltr'><strong>qui</strong></span> <span class='ocrx_word' id='word_1_602' title='bbox 1267 4212 1362 4269; x_wconf 90' lang='lat' dir='ltr'><strong>locum</strong></span> 
     </span>
     <span class='ocr_line' id='line_1_111' title="bbox 775 4281 1363 4357; baseline 0.009 -21"><span class='ocrx_word' id='word_1_603' title='bbox 775 4294 860 4355; x_wconf 83' lang='lat' dir='ltr'><strong>quem</strong></span> <span class='ocrx_word' id='word_1_604' title='bbox 880 4285 969 4352; x_wconf 86' lang='lat' dir='ltr'><strong>tenet,</strong></span> <span class='ocrx_word' id='word_1_605' title='bbox 988 4282 1071 4339; x_wconf 89' lang='lat' dir='ltr'><strong>bonis</strong></span> <span class='ocrx_word' id='word_1_606' title='bbox 1086 4281 1219 4357; x_wconf 87' lang='lat' dir='ltr'><strong>operibus</strong></span> <span class='ocrx_word' id='word_1_607' title='bbox 1238 4298 1297 4341; x_wconf 91' lang='lat' dir='ltr'><strong>non</strong></span> <span class='ocrx_word' id='word_1_608' title='bbox 1312 4300 1363 4341; x_wconf 80' lang='lat' dir='ltr'><strong>cx·</strong></span> 
     </span>
    </p>
   </div>
   <div class='ocr_carea' id='block_1_4' title="bbox 0 0 1444 4942">
    <p class='ocr_par' dir='ltr' id='par_1_6' title="bbox 0 0 1444 4942">
     <span class='ocr_line' id='line_1_112' title="bbox 0 0 1444 4942; baseline 0 4"><span class='ocrx_word' id='word_1_609' title='bbox 0 0 1444 4942; x_wconf 95' lang='lat' dir='ltr'><strong> </strong></span> 
     </span>
    </p>
   </div>
  </div>
 </body>
</html>
