2880 4942
96 342 147 399 160

101 450 153 513 dit,
171 454 199 503 et
214 444 356 517 patienter
373 444 444 498 ictus
464 441 593 507 sustinet,
614 456 686 512 quo·

99 536 188 589 usque
217 524 303 589 caput
330 514 459 571 totaliter
487 512 686 569 abscindatur.

102 594 220 650 Sanetus
239 605 306 658 crgo
325 587 436 642 Domini
452 587 625 651 Praecursor,
640 583 688 654 qui

101 669 166 721 aute
183 659 283 716 laciem
301 659 363 728 ejus
379 658 552 728 baptismum
568 655 596 711 in
611 671 688 726 aqua

101 734 323 807 preparaverat,
344 729 532 798 baptizaodo;
549 734 577 783 et
592 728 686 797 bapti·

100 820 192 862 smum
220 802 249 857 in
276 799 408 871 lacrymis
436 798 686 870 compunctionis,

100 872 304 950 praedicand03
327 872 412 928 modu
428 875 571 944 preparat
592 870 687 953 bapti·

101 963 193 1005 smum
207 943 387 1015 insanguine
402 942 551 1014 passionis,
563 958 688 998 morten-

102 1021 147 1076 do.
176 1020 246 1074 Ecce
273 1016 415 1086 quomodo
438 1014 517 1071 vadit
549 1017 685 1083 loannes,

102 1092 212 1148 amicus
231 1087 347 1144 intimus
360 1086 472 1143 Domini
487 1088 564 1156 lesu,
577 1093 605 1142 et
620 1101 688 1142 con·

101 1160 286 1231 sanguineus,
300 1176 333 1216 ae
346 1158 395 1215 Dei
411 1160 550 1215 maximus
566 1164 688 1214 secreta·

103 1235 178 1302 rius;
203 1241 232 1290 et
247 1230 368 1303 qualiter
386 1231 451 1287 talis
477 1236 505 1286 et
522 1237 616 1287 tantus
633 1228 687 1296 vir,

101 1306 260 1379 imperante
276 1302 413 1375 nequitia,
427 1319 459 1359 ae
475 1302 499 1357 si
515 1311 587 1358 esset
609 1301 687 1382 vilis·

103 1379 192 1437 simus
207 1375 382 1442 malefactor,
402 1373 543 1430 occubuit.
566 1373 588 1429 0
605 1374 689 1440 impr-

102 1450 179 1507 etasl
197 1449 219 1504 0
234 1446 400 1503 erudelitas!
416 1447 509 1500 Justus
524 1445 689 1511 decollatur,

103 1522 135 1576 fit
148 1524 231 1589 caput
250 1518 311 1588 ejus
334 1515 456 1588 pretium
471 1515 644 1584 saltationis,
658 1514 688 1570 in

101 1592 177 1647 disco
190 1589 317 1656 affertur,
332 1585 551 1643 convivantibus
564 1588 687 1657 apponi·

101 1668 163 1731 tur;
180 1674 315 1732 magnum
336 1658 452 1730 quidem
470 1659 622 1726 ferculum,
638 1659 687 1714 sed

101 1731 237 1790 horribile
261 1731 297 1787 ad
313 1728 484 1785 videnduml
502 1729 582 1785 Unde
603 1731 688 1799 Gbrp-

101 1811 234 1863 sostomus
254 1820 261 1858 :
278 1800 395 1858 «Hodie
418 1816 482 1857 cum
500 1800 616 1857 loannis
631 1802 689 1857 vir·

101 1883 156 1946 tus,
167 1882 194 1933 et
208 1873 327 1932 Herodis
339 1874 448 1941 ieritas,
458 1872 540 1930 nobis
554 1874 688 1942 retertur,

103 1965 239 2007 concussa
254 1951 320 2005 suut
331 1945 454 2015 viscera;
471 1946 556 2002 corda
570 1950 691 2001 tremue-

99 2029 189 2090 'runt3
207 2019 340 2093 caligavit
353 2017 445 2088 visus;
464 2018 563 2075 hebuit
575 2016 691 2073 intelle-

103 2100 163 2151 ctus
176 2112 182 2163 ;
202 2091 312 2165 autugit
325 2090 440 2148 auditus
452 2108 460 2160 ;
475 2097 524 2146 aut
536 2088 603 2162 quid
620 2105 691 2146 con-

104 2171 158 2222 stat
189 2167 217 2220 in
247 2163 379 2220 sensibus
415 2161 556 2227 humanis,
577 2162 690 2231 quando

104 2240 241 2292 virtutum
257 2234 480 2306 magnitudinem
495 2231 586 2303 operit
599 2231 692 2287 crimi-

105 2323 173 2364 uum
190 2304 364 2376 magnitudo.
380 2306 502 2360 loannes
514 2303 586 2359 stola
600 2304 690 2357 virtu-

105 2386 176 2446 tum,
206 2375 400 2447 magisterium
432 2376 513 2443 vitae,
533 2373 690 2430 sanctitatis

104 2451 207 2517 forma,
239 2463 339 2504 norma
363 2445 494 2518 justitiae,
516 2445 690 2517 virginitatis

103 2522 258 2594 speculum,
276 2517 417 2591 pudicitiae
431 2518 540 2589 titulus,
552 2516 690 2574 castitatis

103 2596 273 2667 escroplum,
293 2590 470 2680 poeoitentiae
485 2593 541 2661 via,
558 2596 688 2663 peceato·

99 2683 164 2723 rum
179 2669 273 2734 venia,
291 2665 357 2722 tvdei
379 2663 543 2737 disciplina:
563 2666 689 2719 loannes

102 2741 194 2808 major
220 2738 346 2806 bomine,
376 2752 428 2803 par
453 2735 579 2807 Angelis,
606 2734 688 2806 Legis

101 2824 223 2875 summa,
240 2807 383 2877 Evangelii
403 2808 523 2872 sanctio,
537 2811 688 2875 Apostolo-

102 2896 162 2934 rum
177 2895 239 2946 vox,
254 2876 398 2933 silentium
414 2878 632 2949 Prophetarum,
646 2877 690 2932 lu-

103 2965 189 3006 cerna
201 2949 308 3016 numdi,
317 2947 595 3017 praecursorludicis,
606 2948 689 3004 Cbri·

102 3023 137 3077 sti
153 3019 300 3088 mediator,
316 3020 394 3075 testis
409 3019 531 3088 Domini,
545 3018 688 3092 totiusque

105 3092 215 3149 medius
228 3089 392 3148 Trinitatisl
408 3092 443 3146 Et
456 3089 502 3146 bie
522 3095 617 3147 tantus
639 3094 688 3147 da·

104 3170 151 3221 tur
167 3162 295 3233 incestui,
310 3161 431 3220 traditur
444 3161 594 3233 adulturae,
611 3163 690 3220 addi-

104 3236 176 3293 citur
190 3235 343 3292 saltatrieil
357 3233 456 3291 Merito
471 3251 539 3308 ergo
554 3251 690 3292 concussa

104 3315 170 3367 suot
185 3307 302 3378 viscera,
319 3309 405 3364 corda
420 3312 608 3366 tremuerunt.
627 3329 637 3357 ι
655 3309 688 3364 Et

105 3383 230 3438 iterum:
256 3401 270 3433 o
296 3383 369 3437 Deus
382 3385 478 3437 antem
494 3378 638 3448 sustinuit,
660 3385 690 3435 et

100 3455 208 3526 justum
224 3451 345 3524 amplius
360 3468 511 3521 coronans,
531 3457 559 3506 et
582 3451 625 3506 his
641 3451 688 3523 qui

105 3531 201 3595 po=tea
216 3526 318 3596 injuste
332 3526 492 3594 patiuntur,
509 3523 627 3579 multam
643 3527 690 3580 de·

101 3596 266 3666 relinquens
285 3595 504 3667 mitigationem.
533 3593 689 3650 Audiamus

102 3665 198 3737 igitur.
210 3665 379 3738 quicumque
392 3665 421 3721 in
432 3666 536 3721 virtute
553 3665 688 3734 viventes,

101 3734 688 3808 medapatimuraperniciosishominibus.

101 3808 176 3863 Deus
192 3806 267 3862 euim
285 3813 352 3863 tune
368 3806 501 3864 sustinuit
517 3822 581 3862 eum
596 3809 644 3877 qui
661 3824 689 3863 m

100 3894 208 3947 cremo,
219 3894 283 3934 eum
297 3877 344 3950 qui
358 3877 388 3934 in
399 3894 470 3934 zona
485 3878 610 3948 pellicea.
623 3894 688 3934 etim

101 3950 149 4023 qui
171 3949 200 4007 iu
220 3948 331 4006 cilicino
354 3948 530 4017 vestimento,
552 3964 616 4004 eum
641 3950 688 4020 qui

102 4025 244 4095 l'ropbeta
255 4027 284 4079 et
296 4021 381 4079 etiam
395 4020 552 4093 plusquam
566 4022 689 4093 Propbe-

103 4104 129 4152 ta
142 4100 212 4159 erat,
225 4111 291 4152 eum
305 4096 353 4166 qui
368 4092 476 4150 nullum
489 4094 626 4165 ntajorcm
641 4098 689 4149 ba·

104 4168 199 4237 bcbat,
213 4166 303 4224 occidi
320 4165 440 4238 apuella
452 4164 650 4222 incontinente
660 4172 688 4221 et

103 4247 235 4310 corrupta
250 4236 412 4307 meretrice;
429 4246 457 4293 et
471 4237 525 4293 boe
542 4237 619 4309 leges
634 4240 686 4294 de·

103 4309 265 4367 tendentem
280 4309 398 4370 divinas.
416 4310 482 4368 llaec
495 4308 593 4383 itaque
608 4308 686 4382 cogi·

472 336 582 390 tutus
609 334 728 389 caulis
757 332 861 386 otrus
888 333 969 386 thl

744 436 1334 513 lantesieramusnniversaviriliterqua·

745 527 865 582 cumque
876 511 1010 582 patimur.
1029 510 1097 579 Quis
1112 511 1195 567 enim
1207 528 1267 568 non
1283 512 1334 569 uti·

745 599 799 655 que
817 583 1006 651 horresceret,
1022 598 1138 638 sacrum
1164 582 1239 640 illud
1256 592 1334 657 caput

744 656 884 726 sanguine
902 653 1021 719 stillans,
1039 653 1061 710 si
1080 655 1194 711 videret
1214 654 1244 712 in
1262 672 1336 713 coena

745 725 950 797 propositum?
964 724 992 782 Si
1019 724 1095 782 enim
1117 741 1173 781 nos
1187 727 1344 802 audientes

744 799 804 855 baec
818 799 1019 867 horrescimus,
1040 796 1107 869 quid
1128 797 1256 869 dignum
1279 805 1334 855 crat

744 873 836 927 visum
851 869 932 926 illum
945 875 1010 926 tunc
1023 868 1138 941 operari
1152 869 1167 926 l
1185 870 1263 937 Quid
1280 869 1332 954 pati

744 942 867 1013 eosqui
884 940 969 997 simul
987 941 1210 1005 recumbebant,
1228 948 1335 1001 novibr

744 1014 829 1070 occisi
857 1012 957 1083 capitis
985 1012 1158 1084 sanguinem
1181 1013 1332 1071 stillantem

743 1086 872 1143 videntes
887 1084 917 1140 in
930 1084 1024 1141 medio
1038 1083 1192 1142 convivii‘l
1209 1088 1267 1143 Sed
1282 1102 1331 1143 non

745 1157 861 1230 iniquus
877 1156 1014 1225 Herodes,
1034 1172 1129 1228 neque
1157 1156 1332 1215 abominabi-

745 1230 799 1285 lior
813 1247 846 1285 eo
864 1227 977 1296 mulier,
998 1244 1091 1300 neque
1113 1228 1271 1311 sanguinis
1288 1246 1331 1287 vo·

745 1301 833 1357 ratrix
848 1299 906 1366 illa,
922 1315 1005 1372 passa
1020 1305 1064 1356 est
1087 1299 1203 1371 aliquid
1222 1302 1259 1358 ob
1273 1317 1329 1374 spe·

745 1372 887 1430 ctaculum
900 1370 992 1427 istud:
1011 1395 1023 1422 ι
1040 1373 1101 1429 baee
1113 1373 1329 1443 chrysostomus.

746 1445 826 1501 Unde
838 1451 867 1500 ct
881 1445 1050 1512 Gregorius:
1068 1465 1079 1494 ι
1095 1445 1158 1500 Non
1173 1446 1240 1503 sine
1251 1444 1330 1501 admi·

746 1517 1028 1585 rationegravissima
1041 1516 1190 1598 perpendo
1205 1515 1330 1589 quoditie

747 1587 905 1660 Prophetiae
927 1585 1030 1659 spiritu
1048 1592 1125 1643 intra
1152 1589 1258 1645 matris
1278 1594 1329 1645 ute

745 1676 809 1716 rum
837 1660 971 1732 repletus,
996 1674 1052 1728 quo
1071 1659 1149 1716 inter
1166 1666 1255 1717 natos
1272 1676 1329 1717 mu·

746 1732 849 1788 lierum
868 1747 952 1787 nemo
968 1731 1063 1802 major
1076 1731 1214 1802 surrexit,
1230 1734 1267 1790 ab
1282 1732 1328 1789 ini-

746 1803 810 1875 quis
842 1803 870 1859 in
895 1817 1039 1859 carcerem
1067 1800 1203 1874 mittitur,
1231 1809 1260 1860 et
1283 1820 1329 1878 pro

747 1874 846 1946 puellae
862 1875 936 1931 saltu
954 1872 1046 1957 capite
1062 1877 1231 1945 truncatur,
1252 1884 1281 1933 et
1292 1879 1329 1933 vir

745 1951 832 2003 tantae
853 1945 1009 2004 sanctitatis
1037 1962 1087 2018 pro
1117 1945 1180 2003 risu
1210 1950 1328 2021 turpium

746 2019 875 2075 moritur.
893 2017 1103 2090 Numquidnam
1121 2019 1269 2077 credimus
1283 2019 1329 2077 ali·

746 2090 815 2218 flmd
831 2089 916 2147 luisse
928 2088 958 2146 in
975 2091 1037 2161 eius
1051 2089 1119 2155 vita,
1137 2092 1217 2161 quod
1233 2092 1281 2150 illa
1294 2091 1329 2150 sie

766 2168 879 2233 especta
896 2178 972 2218 mors
986 2161 1134 2235 tergeret?
1147 2163 1206 2220 Sed
1222 2164 1330 2236 quando

746 2234 793 2290 ille
806 2234 849 2291 vel
864 2233 894 2290 in
910 2233 973 2290 cibo
991 2235 1129 2305 peccavit,
1143 2233 1195 2305 qui
1211 2235 1330 2294 locustas

745 2306 922 2362 solummodo
952 2312 981 2361 et
1007 2308 1062 2362 mel
1090 2305 1224 2365 silvestre
1249 2308 1330 2365 editi

747 2377 866 2444 Quando
887 2377 1102 2434 conversatione
1116 2395 1168 2435 sua
1188 2378 1330 2437 offendere

746 2451 847 2519 potuit,
869 2449 915 2520 qui
941 2451 976 2506 de
997 2465 1092 2506 eremo
1116 2466 1176 2506 nou
1195 2450 1330 2513 recessit?

746 2521 817 2588 Quid
837 2521 975 2593 estquod
1000 2518 1183 2594 omnipotens
1205 2524 1279 2581 [leus
1292 2525 1330 2582 sie

744 2594 928 2650 vehementer
951 2591 981 2648 in
1005 2594 1060 2649 boe
1085 2592 1182 2650 seculo
1200 2595 1330 2669 despicit,

745 2663 1330 2742 quossicsublimiteranteseeulaelegit?

744 2735 799 2792 nisi
815 2736 891 2809 quod
905 2733 1004 2808 pietati
1018 2735 1146 2793 fidelium
1155 2745 1247 2809 patet,
1262 2755 1329 2811 quo·

743 2808 820 2865 niam
836 2807 941 2864 idcirco
957 2808 998 2864 sie
1028 2823 1077 2864 eos
1092 2809 1243 2880 promitio
1267 2811 1329 2869 inti·

744 2883 806 2950 mis,
823 2879 890 2952 quia
908 2877 985 2935 videt
1002 2880 1144 2951 quomodo
1167 2886 1331 2941 remuneret

740 2953 773 3007 in
789 2949 926 3019 summis;
944 2957 971 3007 et
986 2950 1062 3008 toras
1077 2968 1166 3024 usque
1183 2956 1220 3010 ad
1233 2957 1329 3027 despe-

744 3030 820 3079 ctum
835 3023 944 3094 dejicit,
954 3021 1021 3094 quia
1034 3022 1111 3082 intus
1122 3024 1159 3081 ad
1170 3026 1329 3099 incompre-

745 3093 893 3151 hensibilia
911 3096 1049 3164 perducit.
1065 3098 1136 3153 Hine
1154 3111 1225 3168 ergo
1240 3114 1329 3155 unus·

744 3167 863 3238 quisque
872 3166 988 3237 colligat
1000 3166 1068 3250 quid
1082 3167 1139 3224 illic
1152 3168 1266 3239 passuri
1276 3171 1330 3228 sint

745 3254 816 3309 quos
830 3240 974 3309 reprobat,
991 3254 1015 3295 st
1029 3239 1069 3295 sie
1084 3242 1192 3298 cruciat
1205 3241 1330 3315 hicquos

744 3315 820 3366 amat
839 3327 846 3364 :
866 3330 880 3361 s
901 3311 962 3366 baec
976 3311 1132 3381 Gregorius.

781 3382 941 3448 5Qcouono
968 3401 1074 3440 uanam
1095 3384 1208 3441 Cnnrsrr
1224 3404 1328 3444 stream.

745 3485 780 3494 -
795 3456 922 3510 llortuus
944 3461 987 3510 est
1007 3454 1094 3527 igitur
1123 3457 1252 3515 loannes
1279 3473 1328 3531 pro

745 3525 868 3595 Christo,
877 3525 944 3598 quia
955 3541 1007 3598 pro
1021 3525 1151 3583 veritate.
1161 3529 1243 3586 Unde
1257 3530 1328 3587 idem

745 3597 891 3665 Grepore'us
917 3614 955 3652 :a
984 3599 1080 3669 Neque
1098 3598 1176 3654 enim
1204 3600 1329 3683 Baptista

744 3669 867 3724 loannes
888 3668 924 3725 da
943 3668 1122 3726 consessione
1148 3670 1266 3741 Cbristr,
1282 3670 1329 3729 sed

744 3739 790 3819 de¹
798 3738 917 3810 J'ustitiae
934 3740 1054 3798 veritate
1075 3740 1231 3813 requisitus
1245 3758 1328 3801 occu·

743 3810 814 3866 burt.
832 3811 896 3882 Sed,
917 3810 983 3882 quia
1002 3811 1131 3870 Christus
1150 3819 1196 3870 est
1211 3817 1327 3881 veritas,

743 3879 849 3938 idcirco
865 3899 953 3954 usque
963 3884 999 3941 ad
1009 3890 1129 3941 mortem
1143 3900 1197 3957 pro
1204 3886 1326 3953 cbristo.

744 3952 811 4024 quia
832 3953 940 4011 scilicet
957 3970 1008 4027 pro
1032 3955 1163 4027 veritate,
1185 3957 1325 4085 pervenit.

744 4026 781 4080 Ex
795 4041 850 4096 quo
872 4030 948 4098 patet
977 4026 1053 4098 quod
1071 4043 1128 4083 nou
1155 4044 1186 4085 so
1201 4045 1250 4086 um
1276 4044 1325 4102 pro

743 4096 811 4166 ilde,
825 4096 974 4154 sedetiam
1009 4114 1041 4154 ro
1062 4098 1182 4156 veritate
1208 4100 1325 4173 justitia·

744 4171 852 4238 martyr
876 4167 939 4239 quis
967 4184 982 4224 e
1017 4168 1099 4228 citur.
1115 4191 1130 4220 »
1159 4172 1241 4228 Unde
1260 4170 1325 4229 dicit

742 4240 928 4307 Aapustiras,
943 4239 1108 4312 quodcum
1124 4257 1204 4300 mors
1218 4258 1272 4315 pro
1280 4258 1324 4299 ve·

743 4308 827 4367 ritate
852 4309 972 4384 justitie
997 4311 1160 4387 suscipitur,
1186 4319 1324 4388 martvres
