2880 4942
343 380 382 432 DE
411 379 598 432 ritualiter
626 377 758 431 Piscina
785 380 823 431 ni
851 376 1077 432 biiitbliico.
1144 379 1164 459 4
1278 381 1324 434 titi

98 488 269 557 Grepoiisiiii,
297 503 396 559 ripere
420 486 605 551 convincitur,
634 485 683 558 qni
733 484 830 542 biliter
850 487 1055 553 laborantibus,
1081 490 1148 560 quid
1173 491 1326 547 conserunt

99 558 173 615 ultra
189 558 242 615 sibi
263 559 424 615 necessaria
444 559 566 627 retinere
579 560 683 631 proba·
735 561 776 614 tel
791 558 953 628 imitatoria,
967 559 1009 615 rel
1023 567 1140 616 extensa
1154 560 1180 616 in
1197 561 1325 632 perticis

98 636 155 687 tur.
175 631 253 687 Unde
276 630 345 687 dicit
367 630 413 687 liic
428 633 551 687 Basilius
576 648 583 687 ι
612 634 683 687 idn
733 629 777 685 vel
794 629 896 701 plicata
911 629 940 687 in
958 630 1110 687 manticis?
1129 635 1265 689 Nostrum
1281 638 1325 690 est

99 700 219 772 injustus
235 708 277 759 est
290 705 366 759 Deus
383 702 617 774 inaequaliterres
632 719 684 758 no·
735 702 810 772 qnod
830 702 987 771 aliunditis,
1009 702 1148 775 uobisque
1169 703 1327 761 crudeliter

98 771 144 830 bis
158 773 350 832 distribuens?
364 775 420 831 Cur
435 779 465 831 tu
482 775 623 843 abundas,
638 773 685 830 ille
735 774 921 842 subtrabitur,
931 775 1006 846 quod
1021 773 1143 831 inaniter
1153 775 1324 848 expenditis.

99 860 166 902 vero
181 845 345 903 mendicat?
361 845 414 902 nisi
434 851 463 902 ut
484 851 513 903 tii
529 847 612 903 boum
627 845 685 902 dis·
735 846 769 901 Et
783 862 836 902 nos
863 849 939 902 enim
956 845 1006 903 Dei
1030 846 1194 919 plasmatio,
1220 846 1325 904 Christi

99 917 275 990 pausationis
290 917 393 974 merita
417 917 613 989 consequaris,
639 917 686 973 ille
737 933 790 972 nos
805 917 944 988 sanguine
968 918 1107 990 redempti
1133 935 1243 976 sumus.
1270 922 1326 975 Nus

99 1004 167 1047 vero
186 989 333 1062 patientiae
347 988 454 1045 braviis
465 988 637 1046 decoretur?
652 991 688 1044 At
737 987 824 1045 iritnr
844 990 948 1046 iratres
963 990 1064 1062 vestri3
1084 988 1179 1047 videte
1195 989 1278 1062 quale
1291 989 1327 1046 sit

100 1064 132 1118 tu
151 1077 249 1117 nenne
273 1062 411 1133 spoliator
429 1076 470 1126 es,
488 1076 553 1132 quie
573 1060 687 1132 dispen·
738 1032 773 1117 d⁰e
785 1061 911 1117 fraterna
931 1060 1059 1132 portione
1089 1078 1206 1133 pascere
1226 1062 1326 1118 oculos

102 1132 193 1189 sanda
207 1131 366 1203 suscepisti,
380 1131 496 1215 propria
510 1132 689 1204 reputando?
739 1136 860 1200 vestros,
875 1132 931 1188 vita
945 1137 1044 1188 nostra
1058 1132 1133 1188 cedit
1147 1131 1268 1194 vobisin
1284 1149 1328 1189 sii·

101 1202 248 1284 Estpanis
273 1203 394 1260 famelici
424 1219 509 1286 quem
535 1207 565 1260 tu
594 1210 687 1272 tenes;
740 1203 1329 1276 perduascopias.N0strisnecessitatibus

101 1275 170 1331 nudi
193 1274 300 1343 tunica,
316 1292 401 1347 qnam
431 1292 460 1331 in
483 1275 609 1332 conclavi
625 1292 689 1332 con·
740 1275 911 1343 detrahitur,
932 1275 1070 1347 quidquid
1089 1276 1198 1332 accedit
1217 1275 1328 1332 vanita-

100 1362 214 1414 servas;
228 1347 389 1405 discalceati
405 1347 526 1417 calceus,
543 1348 590 1420 qui
601 1363 689 1420 penes
740 1346 1262 1429 tibiisvcstris.Duodeuiquemalade
1273 1363 1330 1404 uua

100 1422 129 1474 te
155 1419 320 1487 marcescit;
349 1419 503 1503 indigentis
527 1424 688 1502 argentum,
740 1419 881 1491 prodeunt
896 1419 992 1475 radice
1007 1418 1171 1490 cupiditatis
1192 1419 1284 1474 :dum
1302 1423 1331 1475 et

100 1490 178 1562 quod
187 1491 315 1561 possides
325 1509 331 1546 :
342 1507 475 1563 quocirca
483 1491 689 1562 totiuJuriaiis,
741 1506 791 1546 vos
800 1489 1070 1563 vanitandoperitis,
1082 1497 1170 1547 etnos
1179 1490 1329 1562 spoliando

102 1562 253 1633 quotdare
275 1563 425 1620 valeres.»
451 1562 530 1619 Unde
547 1569 575 1619 et
589 1566 690 1619 Bana·
741 1561 890 1634 perimitis.
913 1581 926 1614 u
948 1562 1028 1618 Unde
1047 1567 1075 1619 et
1094 1565 1300 1629 chrysostomus
1320 1579 1327 1617 :

100 1633 169 1689 rdiia
185 1651 192 1689 :
209 1655 222 1688 ii
239 1635 368 1692 Clamant
382 1633 460 1702 nudi,
474 1633 598 1691 clamant
609 1638 637 1691 et
647 1634 689 1690 la·
744 1657 757 1685 ι
770 1633 872 1690 Omnia
884 1649 947 1706 quie
960 1633 1042 1691 nobis
1055 1636 1131 1691 Deus
1141 1634 1200 1702 dat,
1214 1650 1265 1705 per
1278 1650 1330 1690 nos

101 1705 211 1786 melici;
225 1712 448 1778 conqueruntur,
466 1709 494 1762 et
506 1706 603 1763 dicunt
617 1705 688 1763 divi·
741 1704 805 1763 aliis
824 1706 883 1774 dat,
902 1710 934 1762 ut
952 1706 988 1762 de
1006 1723 1040 1763 eo
1060 1708 1136 1779 quod
1156 1704 1329 1778 accepimus,

102 1778 180 1835 tibus
196 1795 202 1835 :
219 1777 306 1836 Nobis
321 1780 395 1837 lame
409 1784 438 1836 et
454 1777 560 1851 frigore
574 1777 691 1837 misera·
742 1783 854 1850 partem
868 1777 1073 1851 impotentibus
1088 1779 1234 1836 iaciamus.
1252 1799 1266 1829 i)
1383 1781 1387 1795 ·

648 2019 777 2078 dunno

139 2188 178 2245 Ne
194 2201 310 2243 revoces
324 2200 380 2252 me,
395 2180 564 2252 Dominam
577 2181 694 2240 dimidio
712 2184 834 2253 dierum,
849 2199 885 2241 ne
902 2188 993 2242 morte
1007 2181 1162 2258 improvisa
1180 2200 1226 2244 me
1237 2182 1332 2261 parire

103 2257 268 2337 permittas3
293 2256 343 2314 sed
359 2257 480 2329 spatium
502 2271 577 2312 verre
599 2260 628 2311 et
646 2255 799 2313 fructuosa
823 2260 850 2312 et
868 2256 919 2313 tilii
959 2263 1027 2315 rata
1060 2257 1233 2330 poenitentiae
1261 2258 1331 2317 mibi

102 2331 250 2399 conceda«,
264 2333 294 2386 ut
308 2329 348 2386 sic
365 2329 475 2387 valeam
489 2326 652 2384 transitoria
672 2332 865 2397 contemnere,
886 2333 913 2385 et
949 2330 1217 2403 ignasatislactioue
1233 2330 1263 2388 in
1278 2334 1331 2389 liac

102 2403 161 2461 vita
177 2407 296 2476 peccata
307 2402 414 2471 delere,
432 2406 571 2474 quatenus
582 2405 646 2471 post
660 2399 733 2456 hanc
747 2399 832 2457 vitain
848 2416 960 2458 merear
984 2401 1046 2459 sine
1073 2401 1275 2475 impedimento
1304 2407 1331 2460 te

103 2473 213 2545 uidere,
229 2481 257 2532 ct
271 2475 307 2532 ad
321 2479 350 2531 te
365 2474 447 2532 latus
461 2491 494 2532 ac
510 2488 625 2529 securus
647 2471 804 2544 peruenire.
818 2474 857 2528 Tu
873 2489 904 2528 cs
921 2473 1008 2541 enim,
1034 2474 1164 2544 Domine,
1187 2480 1331 2547 exspecta-

101 2546 142 2611 tio
161 2563 236 2617 mea,
252 2550 280 2603 et
298 2545 378 2619 apud⁴
389 2551 416 2604 te
440 2551 483 2604 est
495 2559 558 2600 mea
577 2544 756 2601 substantia:
774 2547 814 2600 Tit
828 2561 856 2600 es
872 2561 941 2617 pius
957 2547 1118 2601 liercdi'tutis
1136 2562 1210 2614 mea,
1226 2549 1276 2618 qiii'
1289 2563 1332 2602 re-

103 2621 204 2683 alitam
215 2619 394 2676 hereditatem
412 2635 500 2675 meam
513 2617 593 2684 mibi,
608 2614 656 2672 ubi
671 2631 736 2673 cum
750 2615 886 2673 iratribus
905 2615 976 2673 meis
989 2616 1087 2674 electis
1106 2615 1161 2676 tuis
1177 2616 1331 2690 quiescam,

104 2691 214 2767 epuler,
230 2697 258 2750 et
272 2691 413 2766 jucunder
432 2690 462 2748 in
477 2692 629 2763 conspectu
647 2692 707 2761 tuo,
727 2687 758 2746 in
770 2692 919 2747 aternum.
940 2690 1039 2747 Amen.

554 3015 694 3089 CAPUT
719 3015 882 3091 iiixviii

388 3239 426 3284 titt
458 3238 622 3285 Pnoenuicit
650 3239 777 3297 ulsdlttn,
795 3240 833 3284 ΕΤ
860 3236 1051 3283 conditrice.

594 3389 712 3449 loannis
732 3406 794 3464 cap.
815 3390 848 3447 l'.

144 3596 153 3630 i
189 3574 275 3629 Fusus
298 3575 457 3629 Junnonuu.
485 3599 519 3611 -
544 3571 609 3626 Post
638 3571 693 3626 liae
748 3568 838 3626 uitato
865 3565 1124 3634 llebdoiiiadarum,
1151 3569 1179 3621 el
1202 3565 1335 3623 solemni³

104 3649 166 3701 erut
186 3644 245 3701 dies
271 3645 360 3713 festus
392 3644 559 3706 Judaeum,
587 3639 693 3698 scilicet
749 3645 808 3698 tate
823 3636 1093 3720 tabernaculorum.
1110 3636 1206 3696 Prima
1231 3637 1337 3696 solent·

106 3717 298 3781 Pentecostes,
314 3721 343 3774 et
355 3718 408 3773 boc
421 3721 483 3772 erat
497 3715 599 3771 testum
610 3729 694 3770 noro
750 3711 835 3780 nitas,
853 3709 959 3767 scilicet
973 3711 1011 3767 ΑΖ
1031 3726 1153 3781 morum,
1168 3727 1231 3783 quie
1252 3726 1336 3767 voca·

105 3804 182 3856 runi,
199 3787 267 3871 quia
280 3787 309 3845 in
323 3789 376 3846 hac
392 3786 573 3844 solemnitate
587 3784 694 3843 mensis
748 3785 834 3864 batur
861 3727 1029 3864 illoesa-rel
1042 3784 1161 3854 Pascha,
1183 3784 1268 3840 tiebat
1284 3799 1336 3865 an·

105 3859 326 3932 primitivorum,
348 3861 542 3917 efferebantur
550 3857 694 3985 ‘primitia
750 3860 870 3937 unatim,
886 3870 916 3911 in
934 3870 1026 3927 primo
1045 3871 1154 3926 meuse,
1170 3856 1224 3912 boe
1242 3860 1286 3912 est
1307 3870 1337 3909 in

105 3930 237 3989 omnium
264 3931 395 4005 liugnm3
420 3937 445 3987 et
469 3948 548 3987 ascen
570 3933 593 3986 i't
617 3932 695 3986 lesus
751 3929 863 3997 blartio,
884 3925 921 3983 ad
949 3928 1228 3985 commemorandum
1250 3927 1337 3983 bene·

105 4006 314 4074 lerosolymam.
345 4003 395 4059 llic
423 4003 591 4065 notandum,
620 4001 696 4074 quod
752 3998 847 4056 licium
869 3998 1046 4056 liberationis
1066 4000 1101 4055 de
1129 3996 1339 4078 Aigypto‚·quia

106 4076 183 4146 apud
194 4076 309 4133 Judaos
323 4079 406 4131 erant
421 4074 565 4146 precipue
579 4074 634 4129 tria
650 4075 662 4128 l
681 4103 694 4114 ·
753 4072 845 4128 l'base
863 4069 1066 4143 interpretatur
1083 4074 1217 4127 transitus
1231 4088 1239 4134 3
1265 4067 1339 4123 istud

107 4153 163 4215 sta,
184 4146 215 4204 in
239 4147 341 4219 quibus
365 4147 488 4203 debebat
513 4145 632 4219 quilibet
650 4160 695 4201 as·
753 4151 850 4199 autem
874 4143 976 4199 testum
1003 4141 1188 4221 spiritualiter
1215 4138 1340 4220 celebra-

107 4219 231 4277 ceuders
259 4219 295 4276 ad
326 4219 420 4275 locum
441 4223 576 4274 statutum
596 4233 612 4272 a
628 4218 696 4286 ileo,
757 4230 831 4295 uitis,
847 4215 972 4284 quando,
986 4215 1046 4286 J'am
1064 4213 1188 4269 dimissis
1203 4216 1287 4278 ritus,
1305 4209 1342 4267 ad

107 4292 183 4350 sicul
213 4295 277 4350 erat
296 4296 368 4348 tunc
390 4291 539 4362 templum,
566 4287 697 4345 scilicet:
757 4290 877 4342 uirtutes
895 4286 1058 4343 transimus.
1074 4314 1107 4326 -
1124 4282 1282 4340 Secundum
1300 4283 1342 4339 le·

109 4363 142 4422 in
156 4361 339 4425 solemnitate
354 4363 535 4436 ammarum,
551 4361 580 4418 in
594 4361 697 4419 solein-
759 4363 846 4429 stum,
865 4357 973 4417 seilicet
1001 4355 1262 4422 Hebdomadarum,
1289 4354 1343 4412 hoe
