2880 4942
274 340 313 393 liii
342 339 553 393 alludamus
580 340 736 402 QUATUOR
764 339 909 395 utillud
936 338 1097 393 nollllud.
1275 340 1322 393 ³35

90 434 270 511 septenarius
284 434 449 508 acquiritur.
466 436 605 506 sedeam
615 435 678 496 istis
730 435 1318 511 nisiquiseisveliteouiormari,etsecun·

88 511 211 582 panibus
226 513 309 566 crant
325 507 450 577 pisciculi
466 509 559 582 pauci,
575 510 676 567 saltam
729 511 797 568 dum
812 526 847 568 ea
859 510 944 566 vitam
956 525 1037 567 suram
1048 509 1194 581 dirigere?
1206 541 1239 553 -
1252 513 1317 567 Ter-

88 584 156 652 duo,
167 581 383 653 qurisignillcant
394 587 537 650 timorem,
550 589 578 637 et
591 597 677 639 amo·
728 581 927 655 tiuspanisest
935 580 1093 650 meditatio,
1102 592 1130 639 et
1139 580 1184 639 hic
1192 582 1265 639 bene
1274 597 1319 638 co-

87 670 149 711 rem
160 653 209 725 qui
223 669 288 709 cum
298 652 361 709 istis
372 652 492 724 panibus
503 653 607 710 debent
619 653 675 710 edi.
730 654 846 711 mitatur
859 654 930 711 duos
943 654 1152 726 pr·aecedentes;
1167 659 1319 725 postquam

88 726 201 782 Primus
215 725 302 797 piscis
322 730 365 781 est
375 725 462 781 timor
475 741 622 797 poenarum
635 725 676 782 in·
730 724 836 784 etenim
858 726 945 783 verba
965 724 1015 783 Dei
1033 725 1233 782 commendata
1252 729 1320 782 sunt

87 798 171 867 lerni,
186 804 214 853 et
227 798 280 854 iste
294 795 405 868 capitur
420 797 449 852 in
463 797 546 868 aquis
556 796 675 867 inlerni;
730 797 819 868 cordi,
831 802 860 854 et
870 800 911 854 eis
921 799 1006 854 bomo
1018 795 1117 854 statuit
1128 797 1256 865 obedire,
1268 813 1318 854 ne-

87 869 230 927 seeundus
237 869 321 942 piscis
329 873 460 925 estamor
468 875 496 925 et
504 867 677 927 desiderium
730 885 810 926 cesse
822 876 864 926 est
878 868 1023 927 homiuem
1037 867 1171 927 continue
1185 864 1318 927 meditari

86 947 271 1009 aeternorum,
292 945 320 997 et
338 939 391 996 iste
413 942 524 1012 capitur
545 940 573 997 in
590 940 677 997 llurio
731 939 1200 1014 qualitervitamsuamsecundum
1212 941 1262 999 Dei
1274 942 1321 999 ba·

86 1013 238 1087 paradisi:
262 1015 292 1068 et
314 1011 449 1068 dicuntur
465 1011 602 1084 pisciculi,
617 1027 677 1069 non
731 1010 1320 1085 neplaciiumdisponat-Quartuspanis

85 1084 187 1157 pisces,
214 1082 283 1155 quia
301 1083 389 1138 timor
412 1086 455 1139 est
476 1083 622 1155 parvulus,
641 1099 676 1141 eo
731 1088 775 1140 est
784 1083 928 1141 orantium
940 1084 1084 1157 lacrymae,
1094 1083 1142 1155 qui
1152 1084 1235 1157 panis
1246 1086 1320 1143 bene

89 1156 166 1227 quod
179 1154 324 1211 bominem
338 1154 488 1226 parvulum
498 1161 527 1211 et
540 1156 677 1213 humilem
731 1155 896 1229 adjungitur
934 1155 1119 1228 praecedenti3
1150 1171 1215 1213 cum
1243 1154 1321 1213 enim

85 1227 199 1296 reddat,
224 1232 252 1284 et
266 1242 349 1283 amor
365 1226 476 1283 ratione
492 1235 593 1297 status,
609 1227 677 1299 quia

85 1313 192 1372 parvus
222 1304 265 1356 est
294 1303 426 1370 respectu
452 1299 558 1356 amoris
588 1299 675 1356 futuri

84 1371 182 1428 seculi.
201 1374 321 1444 insuper
336 1371 494 1439 sciendum,
517 1371 593 1443 quod
608 1377 675 1428 sunt

84 1448 194 1515 septem
212 1458 302 1515 panes
317 1441 427 1513 mystici
448 1443 601 1515 cujuslibet
620 1447 675 1500 sta·

84 1521 140 1583 tus,
157 1515 285 1571 scilicet:
302 1513 510 1584 incipientium,
527 1515 676 1587 prolicien·

84 1586 155 1643 tium
170 1593 199 1643 et
216 1587 424 1659 perlectomm;
443 1587 477 1643 de
499 1587 673 1714 iuib⁰³·n⁰'

83 1657 177 1715 minus
192 1658 281 1730 pascit
297 1657 397 1714 lideles
409 1673 496 1715 secun
520 1674 567 1715 um
582 1658 674 1715 direr-

84 1730 197 1788 sitatem
217 1735 341 1787 statuum
357 1729 534 1787 eorumdem.

123 1825 154 1859 ιο
178 1805 284 1859 Sarrsu
307 1818 391 1858 ranas
420 1818 615 1860 raeiriauriuu.
639 1830 672 1844 -

84 1873 195 1931 Primos
205 1879 315 1946 septem
329 1889 417 1943 panas
432 1873 534 1930 beatus
550 1877 672 1931 Bernar-

83 1946 136 2002 dus
148 1945 280 2018 proponit
290 1943 500 2015 claustralibus,
514 1944 672 2018 uulgarum

83 2018 205 2075 lormam
234 2016 441 2088 incipientium,
471 2026 611 2088 quantum
638 2018 675 2074 ad

84 2088 198 2147 initium
212 2104 271 2146 suae
287 2087 490 2145 conversionis.
508 2088 621 2147 Primus
633 2093 674 2145 est

82 2162 164 2233 panis
178 2161 270 2232 verbi,
287 2159 316 2216 in
330 2175 386 2232 quo
403 2157 462 2216 vita
478 2159 605 2217 hominis
618 2165 672 2232 est,

84 2233 150 2304 quia
171 2237 254 2292 :Non
275 2234 306 2287 in
325 2234 381 2288 solo
399 2246 473 2304 puae
491 2235 562 2288 visit
583 2234 671 2299 tomo,

82 2306 130 2360 sed
142 2308 171 2360 in
186 2306 260 2360 omni
269 2304 359 2367 verbo,
370 2304 443 2374 quod
448 2305 574 2375 procedit
582 2306 616 2361 de
628 2320 673 2361 oro

81 2380 141 2434 Dei.
158 2378 192 2432 m
204 2381 236 2432 ut
256 2379 403 2432 taceamus
419 2375 455 2432 de
466 2378 554 2433 verbo
570 2375 671 2447 vocali,

82 2463 141 2520 quo
162 2450 239 2504 lleus
264 2446 419 2518 aliquando
443 2447 554 2504 locutus
582 2447 672 2505 luisse

83 2520 185 2591 legitur
199 2521 298 2591 lloysi,
322 2519 456 2588 Abrahae,
475 2524 504 2575 et
522 2518 596 2588 aliis,
613 2521 672 2576 sive

81 2607 134 2665 per
151 2591 286 2664 Angelos,
311 2589 371 2646 sire
391 2605 444 2662 per
467 2606 509 2659 se,
536 2588 595 2647 sire
614 2589 671 2647 alio

82 2662 185 2731 modo;
208 2663 243 2718 ad
262 2675 390 2734 praesens
410 2660 504 2718 dicere
521 2676 672 2734 possumus

103 2736 159 2792 uod
178 2735 295 2790 verbum
324 2732 469 2806 egreditur
493 2747 526 2789 ex
544 2749 595 2790 ora
621 2732 672 2790 Dei

81 2750 240 2879 inplicitas
274 2807 334 2862 Uno
363 2804 448 2861 modo
479 2804 670 2876 immediate,

82 2878 196 2950 quando
218 2875 350 2934 videlicet
374 2877 448 2933 Deus
474 2875 601 2948 loquitur
618 2890 671 2950 per

81 2949 246 3007 instinctum
263 2948 299 3005 ad
312 2963 362 3005 cor
375 2947 511 3017 hominis,
527 2947 670 3020 inspiran-

80 3022 118 3078 do
133 3022 158 3078 ei
174 3019 243 3093 quid
265 3021 357 3077 iacere
372 3020 494 3089 debeat3
514 3020 568 3076 boc
583 3020 669 3077 modo

82 3094 156 3151 Deus
168 3091 293 3165 loquitur
302 3094 497 3164 peccatoribus
507 3096 537 3149 et
545 3091 671 3148 homini·

81 3166 134 3222 bus
149 3164 308 3231 mundanis,
321 3164 483 3235 instigando
496 3179 546 3220 eos
559 3164 596 3219 ad
610 3178 670 3235 poe·

80 3233 670 3307 nitentiam.AliomodoloquiturDeusper

81 3309 204 3381 aliquem
224 3307 378 3370 bominem,
395 3305 504 3363 scilicet
522 3321 575 3377 per
594 3321 668 3378 prae·

82 3379 170 3437 latum
189 3378 233 3435 rel
254 3378 484 3461 predicatorem,
500 3377 543 3434 rel
563 3377 670 3434 docto·

81 3468 154 3524 rem,
166 3451 209 3507 vel
223 3451 347 3577 aliqsuem
362 3451 495 3518 amicum,
510 3464 563 3521 per
575 3463 670 3520 quem,

80 3523 160 3596 quasi
175 3539 226 3596 per
242 3539 273 3578 re
285 3522 476 3590 erendarium,
492 3522 566 3577 Deus
584 3520 672 3579 rerba

80 3610 131 3653 sua
139 3593 307 3653 transmittit
323 3594 360 3650 ad
373 3607 459 3650 aures
477 3591 612 3650 hominis.
620 3593 670 3650 list

80 3668 216 3725 ettertius
225 3666 326 3723 modus
335 3680 391 3737 quo
400 3666 475 3721 Deus
484 3663 511 3720 lo
553 3664 670 3722 ilurho·

79 3738 203 3797 minibus
217 3737 359 3811 praeeipue
375 3735 521 3793 claustrali
543 3752 586 3805 us,
596 3737 670 3793 ‚soi-

78 3809 145 3868 lieet
162 3827 215 3884 par
232 3809 403 3882 Scripturas,
423 3823 488 3881 qua
512 3807 549 3864 ad
571 3811 668 3866 omnia

78 3883 249 3965 recipiendae
263 3888 338 3951 sunt,
350 3881 422 3938 sicut
436 3880 524 3937 rerba
540 3879 601 3948 Dei,
617 3895 666 3936 cu·

75 3955 123 4027 jus
137 3953 321 4027 inspiratione
336 3960 404 4011 sunt
423 3951 539 4025 scripta,
559 3951 596 4007 ad
610 3966 668 4024 pa-

77 4027 211 4083 scendum
228 4025 357 4081 videlieet
369 4026 496 4097 legentes
512 4037 586 4095 pane
601 4029 665 4080 ritae

79 4097 244 4169 spiritualis.
259 4099 450 4154 -secuunus
460 4111 549 4167 panis,
565 4110 664 4151 secun·

79 4170 147 4226 dum
169 4169 302 4228 eumdem
321 4169 501 4233 secunaum,
525 4171 569 4223 est
596 4167 664 4223 obe·

78 4240 197 4312 dientia,
208 4241 255 4315 qui
270 4240 345 4298 bene
360 4237 662 4312 comitaturprimum3

80 4313 149 4388 qaid
163 4314 240 4372 enim
255 4312 373 4388 prodest
386 4312 475 4370 rerba
489 4310 539 4370 liei
554 4309 664 4384 audire,

731 1227 887 1284 meditatur
901 1232 1082 1300 peccatorum
1097 1242 1214 1285 suorum
1227 1226 1321 1284 sarci-

731 1314 809 1367 nam,
829 1299 978 1372 praesentis
1000 1298 1140 1357 incolatus
1163 1298 1320 1370 miseriam,

731 1378 757 1428 et
773 1370 838 1429 vitae
853 1379 969 1429 aternae
984 1371 1116 1441 gloriam,
1133 1387 1214 1429 suam
1231 1371 1320 1428 imbo-

730 1442 887 1513 cillitatem,
902 1448 931 1500 et
947 1441 996 1500 liei
1012 1458 1081 1515 erga
1103 1459 1132 1500 se
1148 1442 1317 1514 bonitatem,

730 1513 759 1570 in
783 1515 833 1571 lali
853 1515 1040 1573 meditatione
1066 1514 1224 1573 exardescit
1249 1513 1321 1588 ignis

729 1586 900 1655 devotionis,
918 1591 946 1644 et
961 1584 1116 1644 resolvitur
1126 1602 1175 1643 eor
1187 1585 1216 1643 in
1231 1586 1322 1660 lacry-

728 1673 791 1715 mas
808 1658 1055 1728 compunetionis;
1072 1664 1101 1715 et
1114 1667 1184 1716 tunc
1199 1656 1323 1716 recurrit

729 1730 765 1787 ad
784 1730 952 1813 praesidium
975 1729 1124 1788 orationis.
1147 1761 1182 1773 -
1199 1732 1321 1799 Quinlus

730 1818 811 1874 panas
826 1810 870 1860 est
882 1802 1158 1874 laborpoenitentiae‚
1174 1808 1202 1859 et
1213 1803 1258 1859 liic
1275 1819 1322 1873 pa·

729 1872 775 1931 nis
789 1876 887 1946 utique
902 1873 1081 1931 necessarius
1095 1879 1138 1931 est
1154 1872 1321 1946 incipienti-

729 1946 791 2013 bus,
823 1945 911 2003 etiam
927 1955 1002 2074 ,imm
1029 1944 1101 2002 alios
1135 1946 1320 2018 praemissos;

729 2017 806 2089 quia,
839 2034 926 2075 secun
948 2033 996 2074 um
1025 2018 1225 2087 desuetorum,
1261 2032 1320 2073 non

729 2090 834 2147 suflicit
850 2104 945 2146 mores
964 2088 993 2145 in
1011 2088 1112 2146 melius
1129 2092 1318 2150 commutare.

728 2165 757 2218 et
771 2176 788 2218 a
803 2161 886 2218 mulis
908 2160 989 2217 lactis
1004 2160 1149 2229 recudere,
1168 2161 1223 2218 nisi
1238 2164 1266 2218 ot
1284 2162 1319 2217 de

727 2231 771 2289 his
785 2247 849 2316 quae
863 2233 1017 2290 factasunt
1029 2231 1188 2290 satisfacias
1200 2235 1319 2306 Deoper

727 2303 939 2434 goenitentiam,
952 2306 1078 2361 laborem
1089 2313 1118 2362 et
1130 2305 1268 2362 dolorem.
1287 2333 1318 2348 -

748 2383 827 2433 extus
843 2377 925 2449 panis
939 2380 983 2433 est
994 2375 1122 2448 jucunda
1146 2375 1318 2434 unanimitas

728 2446 963 2517 socialis‚etl1io
989 2448 1062 2505 bene
1091 2449 1197 2506 dicitur
1222 2447 1317 2521 panis,

727 2519 794 2592 quia
806 2519 895 2590 pascit
908 2525 937 2577 et
951 2520 1094 2576 coufortat
1108 2519 1137 2576 in
1156 2520 1213 2577 rita
1227 2520 1318 2592 spiri-

726 2591 796 2648 tuali
812 2590 938 2649 viventes
952 2590 981 2647 in
994 2590 1216 2663 congregatione
1229 2607 1319 2664 quau·

726 2667 787 2720 tum
800 2662 835 2719 ad
854 2663 1030 2733 claustrales,
1046 2663 1133 2720 etiam
1147 2661 1275 2721 viventes
1288 2662 1317 2719 in

726 2735 930 2792 commuuione
953 2733 1094 2799 aeclesis,
1119 2740 1256 2807 quantum
1280 2732 1317 2791 ad

726 2804 798 2862 alios
817 2804 997 2878 incipientes.
1019 2837 1052 2848 -
1073 2806 1216 2879 Septimus
1234 2805 1317 2880 panis

726 2884 769 2959 est
784 2876 980 2947 Eucharistia;
996 2881 1025 2935 et
1039 2878 1075 2937 de
1090 2879 1144 2936 hoc
1157 2893 1232 2963 pane
1247 2875 1318 2935 satis

726 2947 830 3006 dieitur
846 2948 914 3007 alibi
930 2951 959 3007 in
975 2948 1094 3007 diuersis
1110 2951 1190 3008 locis.

764 3041 792 3078 ιι
813 3020 918 3078 Saurea
938 3036 1023 3079 naues
1042 3038 1259 3080 eaoricramruu.
1279 3053 1313 3066 -

725 3092 847 3150 Prolatis
858 3099 967 3166 septem
994 3093 1312 3178 auibusincipieutium,

726 3171 936 3236 consequenter
983 3165 1133 3245 agustandi
1169 3171 1236 3224 sunt
1263 3165 1312 3223 alii

726 3242 835 3308 septem
859 3235 1080 3307 proficienaum.
1099 3234 1149 3296 Ubi
1171 3236 1318 3296 sciendum

726 3306 813 3433 {ruod
833 3309 905 3364 sieut
920 3308 989 3365 dicit
1004 3310 1150 3379 apostolus
1167 3325 1174 3366 ε
1189 3310 1251 3370 Non
1268 3325 1318 3365 oo-

737 3382 818 3447 entis,
838 3395 925 3450 nepae
940 3382 1145 3447 surrendered
1160 3383 1315 3439 miserentis

725 3456 766 3506 est
780 3453 848 3522 llee'3
865 3456 978 3522 oportet
993 3451 1069 3510 enim
1085 3468 1200 3512 currere
1216 3452 1315 3510 roien·

725 3525 783 3578 tem
798 3522 829 3579 in
846 3521 891 3579 ria
905 3526 1048 3595 proiectus
1063 3523 1220 3594 spiritualis
1233 3529 1313 3582 tota-

724 3593 790 3650 liter
813 3592 896 3650 inniti
922 3594 1027 3653 divina
1053 3595 1268 3665 misericordiae,
1286 3601 1315 3654 et

724 3666 760 3722 da
777 3664 860 3723 bouis
875 3666 937 3739 J'am
951 3666 1086 3740 praestitis
1102 3667 1313 3727 misericordias

722 3736 835 3794 Domini
851 3752 915 3795 curn
930 3740 1087 3812 gratiarum
1104 3741 1217 3799 actione
1228 3739 1311 3813 jugi-

721 3814 846 3867 taranta
863 3810 965 3867 mentis
978 3811 1075 3869 oculos
1089 3813 1212 3880 habera3
1229 3810 1310 3868 etsie

720 3895 833 3952 semper
845 3881 882 3937 ad
898 3883 1017 3940 meliora
1044 3883 1147 3955 poterit
1162 3882 1310 3954 prolicere.

722 3955 841 4025 Propter
856 3954 933 4025 quod
951 3959 1052 4012 lreatus
1067 3954 1224 4010 bernardus
1250 3966 1308 4008 om-

721 4039 772 4080 nes
788 4024 984 4083 miserationes
1001 4024 1110 4081 Domini
1127 4039 1195 4095 erga
1215 4040 1245 4080 se
1259 4038 1308 4079 ro·
1376 4035 1381 4045 ·

720 4095 858 4167 cogitans,
875 4098 986 4154 reducit
1002 4111 1050 4152 eas
1066 4096 1103 4151 ad
1118 4105 1227 4164 septem
1250 4109 1307 4165 pa-

721 4182 782 4237 nes,
799 4168 903 4241 quibus
918 4182 985 4225 eum
996 4166 1133 4223 [lominus
1145 4164 1308 4223 misericor·

719 4238 795 4296 diter
809 4241 927 4298 relicere
940 4239 1074 4311 dignatus
1085 4237 1147 4295 luit.
1160 4238 1197 4299 Et
1208 4252 1260 4295 nos
1274 4237 1310 4295 de

718 4309 826 4369 eisdem
842 4311 962 4385 panibus
980 4309 1057 4368 rosei
1073 4310 1223 4381 debemus,
1239 4307 1262 4368 si
1279 4307 1310 4370 lu
