<?xml version="1.0" encoding="UTF-8"?>
<!DOCTYPE html PUBLIC "-//W3C//DTD XHTML 1.0 Transitional//EN"
    "http://www.w3.org/TR/xhtml1/DTD/xhtml1-transitional.dtd">
<html xmlns="http://www.w3.org/1999/xhtml" xml:lang="en" lang="en">
 <head>
  <title>
</title>
<meta http-equiv="Content-Type" content="text/html;charset=utf-8" />
  <meta name='ocr-system' content='tesseract 3.04.00' />
  <meta name='ocr-capabilities' content='ocr_page ocr_carea ocr_par ocr_line ocrx_word'/>
</head>
<body>
  <div class='ocr_page' id='page_1' title='image "./vitajesuchristi00ludogoog_0020.png"; bbox 0 0 2880 4942; ppageno 0'>
   <div class='ocr_carea' id='block_1_1' title="bbox 350 368 1318 427">
    <p class='ocr_par' dir='ltr' id='par_1_1' title="bbox 350 368 1318 427">
     <span class='ocr_line' id='line_1_1' title="bbox 350 368 1318 427; baseline -0.001 -2"><span class='ocrx_word' id='word_1_1' title='bbox 350 372 389 425; x_wconf 81' lang='lat' dir='ltr'>lit</span> <span class='ocrx_word' id='word_1_2' title='bbox 415 370 535 425; x_wconf 80' lang='lat' dir='ltr'>sollius</span> <span class='ocrx_word' id='word_1_3' title='bbox 562 369 693 424; x_wconf 78' lang='lat' dir='ltr'>eutoso</span> <span class='ocrx_word' id='word_1_4' title='bbox 719 374 758 427; x_wconf 79' lang='lat' dir='ltr'>ti</span> <span class='ocrx_word' id='word_1_5' title='bbox 786 369 917 424; x_wconf 84' lang='lat' dir='ltr'>DUOBUS</span> <span class='ocrx_word' id='word_1_6' title='bbox 946 368 1054 424; x_wconf 79' lang='lat' dir='ltr'>illis.</span> <span class='ocrx_word' id='word_1_7' title='bbox 1302 371 1318 424; x_wconf 83' lang='grc'>9</span> 
     </span>
    </p>
   </div>
   <div class='ocr_carea' id='block_1_2' title="bbox 25 477 677 4403">
    <p class='ocr_par' dir='ltr' id='par_1_2' title="bbox 85 477 677 2245">
     <span class='ocr_line' id='line_1_2' title="bbox 90 477 676 551; baseline -0.007 -12"><span class='ocrx_word' id='word_1_8' title='bbox 90 481 218 551; x_wconf 79' lang='lat' dir='ltr'>tardme,</span> <span class='ocrx_word' id='word_1_9' title='bbox 233 480 285 537; x_wconf 89' lang='lat' dir='ltr'>etsi</span> <span class='ocrx_word' id='word_1_10' title='bbox 299 479 380 537; x_wconf 88' lang='lat' dir='ltr'>valde</span> <span class='ocrx_word' id='word_1_11' title='bbox 399 477 576 534; x_wconf 81' lang='lat' dir='ltr'>inevitabilia</span> <span class='ocrx_word' id='word_1_12' title='bbox 591 484 621 535; x_wconf 90' lang='lat' dir='ltr'>et</span> <span class='ocrx_word' id='word_1_13' title='bbox 633 479 676 536; x_wconf 93' lang='lat' dir='ltr'>iii-</span> 
     </span>
     <span class='ocr_line' id='line_1_3' title="bbox 94 552 675 622; baseline -0.005 -13"><span class='ocrx_word' id='word_1_14' title='bbox 94 552 210 609; x_wconf 89' lang='lat' dir='ltr'>citantia</span> <span class='ocrx_word' id='word_1_15' title='bbox 224 552 329 608; x_wconf 88' lang='lat' dir='ltr'>luerint</span> <span class='ocrx_word' id='word_1_16' title='bbox 346 566 410 622; x_wconf 86' lang='lat' dir='ltr'>quae</span> <span class='ocrx_word' id='word_1_17' title='bbox 428 552 588 607; x_wconf 89' lang='lat' dir='ltr'>attrabunt.</span> <span class='ocrx_word' id='word_1_18' title='bbox 607 552 675 606; x_wconf 87' lang='lat' dir='ltr'>Ete-</span> 
     </span>
     <span class='ocr_line' id='line_1_4' title="bbox 94 623 675 693; baseline -0.002 -14"><span class='ocrx_word' id='word_1_19' title='bbox 94 624 153 680; x_wconf 87' lang='lat' dir='ltr'>nim</span> <span class='ocrx_word' id='word_1_20' title='bbox 175 624 262 679; x_wconf 92' lang='lat' dir='ltr'>multo</span> <span class='ocrx_word' id='word_1_21' title='bbox 287 623 389 679; x_wconf 85' lang='lat' dir='ltr'>melius</span> <span class='ocrx_word' id='word_1_22' title='bbox 419 628 464 678; x_wconf 91' lang='lat' dir='ltr'>est</span> <span class='ocrx_word' id='word_1_23' title='bbox 485 637 605 693; x_wconf 85' lang='lat' dir='ltr'>regnum</span> <span class='ocrx_word' id='word_1_24' title='bbox 632 623 675 678; x_wconf 87' lang='lat' dir='ltr'>di-</span> 
     </span>
     <span class='ocr_line' id='line_1_5' title="bbox 92 692 674 765; baseline -0.002 -15"><span class='ocrx_word' id='word_1_25' title='bbox 92 695 214 765; x_wconf 79' lang='lat' dir='ltr'><strong>vulgare,</strong></span> <span class='ocrx_word' id='word_1_26' title='bbox 239 701 268 750; x_wconf 92' lang='lat' dir='ltr'>et</span> <span class='ocrx_word' id='word_1_27' title='bbox 293 695 365 751; x_wconf 88' lang='lat' dir='ltr'>alios</span> <span class='ocrx_word' id='word_1_28' title='bbox 388 692 510 751; x_wconf 84' lang='lat' dir='ltr'>evellere</span> <span class='ocrx_word' id='word_1_29' title='bbox 535 700 674 763; x_wconf 88' lang='lat' dir='ltr'>amurte,</span> 
     </span>
     <span class='ocr_line' id='line_1_6' title="bbox 90 764 675 838; baseline 0 -18"><span class='ocrx_word' id='word_1_30' title='bbox 90 781 174 837; x_wconf 87' lang='lat' dir='ltr'>qiiam</span> <span class='ocrx_word' id='word_1_31' title='bbox 199 771 355 835; x_wconf 91' lang='lat' dir='ltr'>mortuum,</span> <span class='ocrx_word' id='word_1_32' title='bbox 383 765 431 838; x_wconf 87' lang='lat' dir='ltr'>qui</span> <span class='ocrx_word' id='word_1_33' title='bbox 457 765 488 820; x_wconf 94' lang='lat' dir='ltr'>in</span> <span class='ocrx_word' id='word_1_34' title='bbox 511 764 590 821; x_wconf 92' lang='lat' dir='ltr'>nullo</span> <span class='ocrx_word' id='word_1_35' title='bbox 608 765 675 820; x_wconf 90' lang='lat' dir='ltr'>inde</span> 
     </span>
     <span class='ocr_line' id='line_1_7' title="bbox 88 835 674 907; baseline -0.002 -15"><span class='ocrx_word' id='word_1_36' title='bbox 88 837 238 893; x_wconf 78' lang='lat' dir='ltr'>utilitatem</span> <span class='ocrx_word' id='word_1_37' title='bbox 255 838 352 907; x_wconf 85' lang='lat' dir='ltr'>babet,</span> <span class='ocrx_word' id='word_1_38' title='bbox 366 837 497 906; x_wconf 87' lang='lat' dir='ltr'>sepelire,</span> <span class='ocrx_word' id='word_1_39' title='bbox 511 843 541 893; x_wconf 94' lang='lat' dir='ltr'>et</span> <span class='ocrx_word' id='word_1_40' title='bbox 554 835 674 892; x_wconf 80' lang='lat' dir='ltr'>maxime</span> 
     </span>
     <span class='ocr_line' id='line_1_8' title="bbox 87 907 675 979; baseline 0 -16"><span class='ocrx_word' id='word_1_41' title='bbox 87 923 152 964; x_wconf 92' lang='lat' dir='ltr'>cuin</span> <span class='ocrx_word' id='word_1_42' title='bbox 175 907 282 964; x_wconf 87' lang='lat' dir='ltr'>luerint</span> <span class='ocrx_word' id='word_1_43' title='bbox 304 912 352 979; x_wconf 86' lang='lat' dir='ltr'>qui</span> <span class='ocrx_word' id='word_1_44' title='bbox 373 910 434 964; x_wconf 80' lang='lat' dir='ltr'>baec</span> <span class='ocrx_word' id='word_1_45' title='bbox 448 908 581 964; x_wconf 88' lang='lat' dir='ltr'>universa</span> <span class='ocrx_word' id='word_1_46' title='bbox 595 924 675 963; x_wconf 90' lang='lat' dir='ltr'>com·</span> 
     </span>
     <span class='ocr_line' id='line_1_9' title="bbox 86 978 674 1049; baseline 0 -16"><span class='ocrx_word' id='word_1_47' title='bbox 86 979 175 1049; x_wconf 89' lang='lat' dir='ltr'>pient.</span> <span class='ocrx_word' id='word_1_48' title='bbox 190 979 264 1035; x_wconf 84' lang='lat' dir='ltr'>Nihil</span> <span class='ocrx_word' id='word_1_49' title='bbox 278 978 367 1049; x_wconf 81' lang='lat' dir='ltr'>igitur</span> <span class='ocrx_word' id='word_1_50' title='bbox 378 979 456 1049; x_wconf 88' lang='lat' dir='ltr'>aliud</span> <span class='ocrx_word' id='word_1_51' title='bbox 469 980 515 1035; x_wconf 91' lang='lat' dir='ltr'>bic</span> <span class='ocrx_word' id='word_1_52' title='bbox 529 979 674 1047; x_wconf 86' lang='lat' dir='ltr'>discimus,</span> 
     </span>
     <span class='ocr_line' id='line_1_10' title="bbox 85 1051 675 1122; baseline -0.002 -17"><span class='ocrx_word' id='word_1_53' title='bbox 85 1065 173 1122; x_wconf 92' lang='lat' dir='ltr'>quam</span> <span class='ocrx_word' id='word_1_54' title='bbox 207 1052 345 1121; x_wconf 89' lang='lat' dir='ltr'>quoniam</span> <span class='ocrx_word' id='word_1_55' title='bbox 383 1065 475 1121; x_wconf 86' lang='lat' dir='ltr'>neque</span> <span class='ocrx_word' id='word_1_56' title='bbox 508 1051 675 1122; x_wconf 85' lang='lat' dir='ltr'>contingens</span> 
     </span>
     <span class='ocr_line' id='line_1_11' title="bbox 86 1122 675 1192; baseline 0 -15"><span class='ocrx_word' id='word_1_57' title='bbox 86 1126 202 1191; x_wconf 86' lang='lat' dir='ltr'>tempus</span> <span class='ocrx_word' id='word_1_58' title='bbox 225 1123 346 1190; x_wconf 78' lang='lat' dir='ltr'>perdere</span> <span class='ocrx_word' id='word_1_59' title='bbox 370 1126 490 1192; x_wconf 87' lang='lat' dir='ltr'>oportet,</span> <span class='ocrx_word' id='word_1_60' title='bbox 510 1122 562 1177; x_wconf 91' lang='lat' dir='ltr'>etsi</span> <span class='ocrx_word' id='word_1_61' title='bbox 577 1122 675 1177; x_wconf 90' lang='lat' dir='ltr'>decem</span> 
     </span>
     <span class='ocr_line' id='line_1_12' title="bbox 87 1190 675 1263; baseline 0 -15"><span class='ocrx_word' id='word_1_62' title='bbox 87 1191 183 1248; x_wconf 88' lang='lat' dir='ltr'>millia</span> <span class='ocrx_word' id='word_1_63' title='bbox 196 1207 260 1261; x_wconf 83' lang='lat' dir='ltr'>quae</span> <span class='ocrx_word' id='word_1_64' title='bbox 281 1199 438 1262; x_wconf 86' lang='lat' dir='ltr'>provocant</span> <span class='ocrx_word' id='word_1_65' title='bbox 459 1190 576 1257; x_wconf 83' lang='lat' dir='ltr'>luerint,</span> <span class='ocrx_word' id='word_1_66' title='bbox 590 1199 675 1263; x_wconf 87' lang='lat' dir='ltr'>atque</span> 
     </span>
     <span class='ocr_line' id='line_1_13' title="bbox 88 1262 676 1332; baseline 0.002 -14"><span class='ocrx_word' id='word_1_67' title='bbox 88 1263 226 1318; x_wconf 91' lang='lat' dir='ltr'>omnibus</span> <span class='ocrx_word' id='word_1_68' title='bbox 245 1268 274 1317; x_wconf 86' lang='lat' dir='ltr'>ct</span> <span class='ocrx_word' id='word_1_69' title='bbox 288 1262 410 1318; x_wconf 82' lang='lat' dir='ltr'>maxime</span> <span class='ocrx_word' id='word_1_70' title='bbox 424 1264 594 1319; x_wconf 88' lang='lat' dir='ltr'>necessariis</span> <span class='ocrx_word' id='word_1_71' title='bbox 608 1263 676 1332; x_wconf 86' lang='lat' dir='ltr'>ipsis</span> 
     </span>
     <span class='ocr_line' id='line_1_14' title="bbox 87 1333 676 1405; baseline 0.007 -17"><span class='ocrx_word' id='word_1_72' title='bbox 87 1334 250 1403; x_wconf 78' lang='lat' dir='ltr'>spiritualia</span> <span class='ocrx_word' id='word_1_73' title='bbox 273 1349 489 1404; x_wconf 58' lang='lat' dir='ltr'>praeponerem</span> <span class='ocrx_word' id='word_1_74' title='bbox 513 1333 575 1391; x_wconf 86' lang='lat' dir='ltr'>baec</span> <span class='ocrx_word' id='word_1_75' title='bbox 594 1336 676 1405; x_wconf 74' lang='lat' dir='ltr'>Giru-</span> 
     </span>
     <span class='ocr_line' id='line_1_15' title="bbox 86 1405 675 1476; baseline 0.003 -16"><span class='ocrx_word' id='word_1_76' title='bbox 86 1409 232 1460; x_wconf 87' lang='lat' dir='ltr'>sostomus.</span> <span class='ocrx_word' id='word_1_77' title='bbox 247 1436 282 1446; x_wconf 92' lang='lat'>-</span> <span class='ocrx_word' id='word_1_78' title='bbox 298 1405 444 1461; x_wconf 88' lang='lat' dir='ltr'>lloraliter</span> <span class='ocrx_word' id='word_1_79' title='bbox 468 1407 571 1462; x_wconf 91' lang='lat' dir='ltr'>mortui</span> <span class='ocrx_word' id='word_1_80' title='bbox 597 1422 675 1476; x_wconf 91' lang='lat' dir='ltr'>sepe-</span> 
     </span>
     <span class='ocr_line' id='line_1_16' title="bbox 86 1475 673 1548; baseline 0.005 -18"><span class='ocrx_word' id='word_1_81' title='bbox 86 1475 161 1532; x_wconf 91' lang='lat' dir='ltr'>liunt</span> <span class='ocrx_word' id='word_1_82' title='bbox 179 1481 318 1545; x_wconf 89' lang='lat' dir='ltr'>mortuos,</span> <span class='ocrx_word' id='word_1_83' title='bbox 335 1477 447 1547; x_wconf 85' lang='lat' dir='ltr'>quando</span> <span class='ocrx_word' id='word_1_84' title='bbox 467 1485 629 1548; x_wconf 82' lang='lat' dir='ltr'>peccatores</span> <span class='ocrx_word' id='word_1_85' title='bbox 644 1479 673 1533; x_wconf 93' lang='lat' dir='ltr'>in</span> 
     </span>
     <span class='ocr_line' id='line_1_17' title="bbox 86 1546 675 1618; baseline 0.003 -16"><span class='ocrx_word' id='word_1_86' title='bbox 86 1549 211 1618; x_wconf 90' lang='lat' dir='ltr'>peccatis</span> <span class='ocrx_word' id='word_1_87' title='bbox 233 1547 292 1603; x_wconf 91' lang='lat' dir='ltr'>suis</span> <span class='ocrx_word' id='word_1_88' title='bbox 314 1554 412 1604; x_wconf 90' lang='lat' dir='ltr'>mutuo</span> <span class='ocrx_word' id='word_1_89' title='bbox 434 1546 554 1605; x_wconf 77' lang='lat' dir='ltr'>fovendo</span> <span class='ocrx_word' id='word_1_90' title='bbox 581 1550 675 1606; x_wconf 89' lang='lat' dir='ltr'>celant</span> 
     </span>
     <span class='ocr_line' id='line_1_18' title="bbox 86 1620 675 1690; baseline 0.005 -17"><span class='ocrx_word' id='word_1_91' title='bbox 86 1624 115 1674; x_wconf 92' lang='lat' dir='ltr'>et</span> <span class='ocrx_word' id='word_1_92' title='bbox 126 1620 258 1689; x_wconf 90' lang='lat' dir='ltr'>operiunt</span> <span class='ocrx_word' id='word_1_93' title='bbox 272 1621 445 1690; x_wconf 84' lang='lat' dir='ltr'>semctipsos.</span> <span class='ocrx_word' id='word_1_94' title='bbox 465 1621 555 1690; x_wconf 87' lang='lat' dir='ltr'>Unde,</span> <span class='ocrx_word' id='word_1_95' title='bbox 571 1637 675 1677; x_wconf 93' lang='lat' dir='ltr'>secun-</span> 
     </span>
     <span class='ocr_line' id='line_1_19' title="bbox 86 1688 674 1761; baseline 0.003 -16"><span class='ocrx_word' id='word_1_96' title='bbox 86 1688 154 1745; x_wconf 91' lang='lat' dir='ltr'>dum</span> <span class='ocrx_word' id='word_1_97' title='bbox 179 1691 350 1761; x_wconf 76' lang='lat' dir='ltr'>Greporium,</span> <span class='ocrx_word' id='word_1_98' title='bbox 372 1699 567 1761; x_wconf 86' lang='lat' dir='ltr'>permortuus</span> <span class='ocrx_word' id='word_1_99' title='bbox 590 1692 674 1747; x_wconf 88' lang='lat' dir='ltr'>intel·</span> 
     </span>
     <span class='ocr_line' id='line_1_20' title="bbox 86 1759 674 1835; baseline 0.005 -19"><span class='ocrx_word' id='word_1_100' title='bbox 86 1759 137 1832; x_wconf 87' lang='lat' dir='ltr'>ligi</span> <span class='ocrx_word' id='word_1_101' title='bbox 160 1768 278 1831; x_wconf 84' lang='lat' dir='ltr'>possunt</span> <span class='ocrx_word' id='word_1_102' title='bbox 302 1761 472 1832; x_wconf 88' lang='lat' dir='ltr'>adulatores,</span> <span class='ocrx_word' id='word_1_103' title='bbox 498 1763 547 1835; x_wconf 88' lang='lat' dir='ltr'>qui</span> <span class='ocrx_word' id='word_1_104' title='bbox 574 1779 674 1834; x_wconf 92' lang='lat' dir='ltr'>pecca·</span> 
     </span>
     <span class='ocr_line' id='line_1_21' title="bbox 87 1831 674 1904; baseline 0.003 -18"><span class='ocrx_word' id='word_1_105' title='bbox 87 1835 164 1887; x_wconf 88' lang='lat' dir='ltr'>tores</span> <span class='ocrx_word' id='word_1_106' title='bbox 181 1831 278 1888; x_wconf 89' lang='lat' dir='ltr'>iovent</span> <span class='ocrx_word' id='word_1_107' title='bbox 294 1834 322 1888; x_wconf 88' lang='lat' dir='ltr'>in</span> <span class='ocrx_word' id='word_1_108' title='bbox 343 1836 472 1903; x_wconf 88' lang='lat' dir='ltr'>peccatis,</span> <span class='ocrx_word' id='word_1_109' title='bbox 489 1849 594 1904; x_wconf 89' lang='lat' dir='ltr'>eosque</span> <span class='ocrx_word' id='word_1_110' title='bbox 613 1850 674 1889; x_wconf 89' lang='lat' dir='ltr'>am-</span> 
     </span>
     <span class='ocr_line' id='line_1_22' title="bbox 87 1901 677 1974; baseline 0.002 -17"><span class='ocrx_word' id='word_1_111' title='bbox 87 1901 162 1974; x_wconf 89' lang='lat' dir='ltr'>plius</span> <span class='ocrx_word' id='word_1_112' title='bbox 178 1903 318 1974; x_wconf 89' lang='lat' dir='ltr'>sepeliunt</span> <span class='ocrx_word' id='word_1_113' title='bbox 337 1905 493 1974; x_wconf 86' lang='lat' dir='ltr'>premendo</span> <span class='ocrx_word' id='word_1_114' title='bbox 513 1910 631 1974; x_wconf 90' lang='lat' dir='ltr'>terram,</span> <span class='ocrx_word' id='word_1_115' title='bbox 647 1910 677 1959; x_wconf 91' lang='lat' dir='ltr'>et</span> 
     </span>
     <span class='ocr_line' id='line_1_23' title="bbox 88 1976 677 2054; baseline 0.002 -25"><span class='ocrx_word' id='word_1_116' title='bbox 88 1977 234 2053; x_wconf 77' lang='lat' dir='ltr'>terrenam</span> <span class='ocrx_word' id='word_1_117' title='bbox 260 1976 454 2032; x_wconf 86' lang='lat' dir='ltr'>adulationem</span> <span class='ocrx_word' id='word_1_118' title='bbox 481 1992 566 2045; x_wconf 86' lang='lat' dir='ltr'>super</span> <span class='ocrx_word' id='word_1_119' title='bbox 592 1982 677 2054; x_wconf 87' lang='lat' dir='ltr'>caput</span> 
     </span>
     <span class='ocr_line' id='line_1_24' title="bbox 89 2046 675 2114; baseline 0 -16"><span class='ocrx_word' id='word_1_120' title='bbox 89 2058 226 2114; x_wconf 87' lang='lat' dir='ltr'>ipsorum,</span> <span class='ocrx_word' id='word_1_121' title='bbox 249 2053 279 2101; x_wconf 91' lang='lat' dir='ltr'>ut</span> <span class='ocrx_word' id='word_1_122' title='bbox 305 2050 494 2102; x_wconf 80' lang='lat' dir='ltr'>exerceantur</span> <span class='ocrx_word' id='word_1_123' title='bbox 526 2046 556 2098; x_wconf 90' lang='lat' dir='ltr'>in</span> <span class='ocrx_word' id='word_1_124' title='bbox 588 2046 675 2113; x_wconf 89' lang='lat' dir='ltr'>vitiis,</span> 
     </span>
     <span class='ocr_line' id='line_1_25' title="bbox 89 2113 677 2195; baseline 0 -24"><span class='ocrx_word' id='word_1_125' title='bbox 89 2113 192 2195; x_wconf 81' lang='lat' dir='ltr'>institis</span> <span class='ocrx_word' id='word_1_126' title='bbox 211 2117 333 2189; x_wconf 82' lang='lat' dir='ltr'>ligantes</span> <span class='ocrx_word' id='word_1_127' title='bbox 358 2117 445 2186; x_wconf 81' lang='lat' dir='ltr'>peiles</span> <span class='ocrx_word' id='word_1_128' title='bbox 468 2129 579 2183; x_wconf 91' lang='lat' dir='ltr'>eorum,</span> <span class='ocrx_word' id='word_1_129' title='bbox 596 2130 632 2171; x_wconf 91' lang='lat' dir='ltr'>ne</span> <span class='ocrx_word' id='word_1_130' title='bbox 647 2116 677 2171; x_wconf 92' lang='lat' dir='ltr'>in</span> 
     </span>
     <span class='ocr_line' id='line_1_26' title="bbox 90 2185 385 2245; baseline 0.007 -3"><span class='ocrx_word' id='word_1_131' title='bbox 90 2185 143 2242; x_wconf 88' lang='lat' dir='ltr'>viis</span> <span class='ocrx_word' id='word_1_132' title='bbox 160 2188 210 2243; x_wconf 88' lang='lat' dir='ltr'>Dei</span> <span class='ocrx_word' id='word_1_133' title='bbox 224 2189 385 2245; x_wconf 89' lang='lat' dir='ltr'>ambulent.</span> 
     </span>
    </p>

    <p class='ocr_par' dir='ltr' id='par_1_3' title="bbox 25 2259 675 4403">
     <span class='ocr_line' id='line_1_27' title="bbox 121 2259 675 2328; baseline -0.002 -13"><span class='ocrx_word' id='word_1_134' title='bbox 121 2259 197 2315; x_wconf 80' lang='lat' dir='ltr'>5De</span> <span class='ocrx_word' id='word_1_135' title='bbox 224 2275 330 2328; x_wconf 76' lang='lat' dir='ltr'>raucio,</span> <span class='ocrx_word' id='word_1_136' title='bbox 362 2275 525 2316; x_wconf 73' lang='lat' dir='ltr'>aesomnium</span> <span class='ocrx_word' id='word_1_137' title='bbox 555 2275 599 2314; x_wconf 88' lang='lat' dir='ltr'>iiis</span> <span class='ocrx_word' id='word_1_138' title='bbox 628 2276 675 2322; x_wconf 85' lang='lat' dir='ltr'>om</span> 
     </span>
     <span class='ocr_line' id='line_1_28' title="bbox 81 2331 674 2399; baseline 0 -12"><span class='ocrx_word' id='word_1_139' title='bbox 81 2346 155 2394; x_wconf 72' lang='lat' dir='ltr'>‚nom</span> <span class='ocrx_word' id='word_1_140' title='bbox 179 2347 266 2386; x_wconf 69' lang='lat' dir='ltr'>maur</span> <span class='ocrx_word' id='word_1_141' title='bbox 284 2348 570 2399; x_wconf 59' lang='lat' dir='ltr'>mensuraverunt!</span> <span class='ocrx_word' id='word_1_142' title='bbox 592 2331 674 2387; x_wconf 81' lang='lat' dir='ltr'>Ciani-</span> 
     </span>
     <span class='ocr_line' id='line_1_29' title="bbox 88 2405 675 2471; baseline 0.003 -13"><span class='ocrx_word' id='word_1_143' title='bbox 88 2418 159 2459; x_wconf 70' lang='grc' dir='ltr'>εισι</span> <span class='ocrx_word' id='word_1_144' title='bbox 182 2419 336 2471; x_wconf 61' lang='lat' dir='ltr'>scenarum</span> <span class='ocrx_word' id='word_1_145' title='bbox 351 2421 384 2459; x_wconf 84' lang='lat' dir='ltr'>nr</span> <span class='ocrx_word' id='word_1_146' title='bbox 405 2420 483 2459; x_wconf 83' lang='lat' dir='ltr'>cuius</span> <span class='ocrx_word' id='word_1_147' title='bbox 496 2420 537 2458; x_wconf 86' lang='lat' dir='ltr'>sir</span> <span class='ocrx_word' id='word_1_148' title='bbox 552 2405 675 2459; x_wconf 80' lang='lat' dir='ltr'>riuunu‘l</span> 
     </span>
     <span class='ocr_line' id='line_1_30' title="bbox 87 2475 672 2545; baseline 0.002 -16"><span class='ocrx_word' id='word_1_149' title='bbox 87 2502 124 2514; x_wconf 95' lang='lat'>-</span> <span class='ocrx_word' id='word_1_150' title='bbox 138 2475 176 2529; x_wconf 86' lang='lat' dir='ltr'>Et</span> <span class='ocrx_word' id='word_1_151' title='bbox 189 2477 231 2528; x_wconf 89' lang='lat' dir='ltr'>ait</span> <span class='ocrx_word' id='word_1_152' title='bbox 244 2475 325 2543; x_wconf 84' lang='lat' dir='ltr'>atter,</span> <span class='ocrx_word' id='word_1_153' title='bbox 336 2475 372 2529; x_wconf 87' lang='lat' dir='ltr'>ad</span> <span class='ocrx_word' id='word_1_154' title='bbox 384 2476 478 2532; x_wconf 86' lang='lat' dir='ltr'>lesum</span> <span class='ocrx_word' id='word_1_155' title='bbox 492 2492 502 2529; x_wconf 80' lang='lat' dir='ltr'>r</span> <span class='ocrx_word' id='word_1_156' title='bbox 516 2477 624 2545; x_wconf 80' lang='lat' dir='ltr'>Sequar</span> <span class='ocrx_word' id='word_1_157' title='bbox 638 2480 672 2545; x_wconf 93' lang='lat' dir='ltr'>te,</span> 
     </span>
     <span class='ocr_line' id='line_1_31' title="bbox 88 2545 674 2616; baseline 0.002 -15"><span class='ocrx_word' id='word_1_158' title='bbox 88 2546 225 2611; x_wconf 56' lang='lat' dir='ltr'>nomam</span> <span class='ocrx_word' id='word_1_159' title='bbox 253 2545 302 2599; x_wconf 86' lang='lat' dir='ltr'>scd</span> <span class='ocrx_word' id='word_1_160' title='bbox 326 2548 447 2615; x_wconf 84' lang='lat' dir='ltr'>primum</span> <span class='ocrx_word' id='word_1_161' title='bbox 475 2550 604 2616; x_wconf 79' lang='lat' dir='ltr'>permitte</span> <span class='ocrx_word' id='word_1_162' title='bbox 631 2563 674 2603; x_wconf 87' lang='lat' dir='ltr'>me</span> 
     </span>
     <span class='ocr_line' id='line_1_32' title="bbox 87 2618 674 2686; baseline 0.003 -15"><span class='ocrx_word' id='word_1_163' title='bbox 87 2618 251 2671; x_wconf 83' lang='lat' dir='ltr'>renuntiare</span> <span class='ocrx_word' id='word_1_164' title='bbox 266 2618 309 2670; x_wconf 85' lang='lat' dir='ltr'>bis</span> <span class='ocrx_word' id='word_1_165' title='bbox 328 2633 388 2686; x_wconf 77' lang='lat' dir='ltr'>qua</span> <span class='ocrx_word' id='word_1_166' title='bbox 404 2618 480 2672; x_wconf 85' lang='lat' dir='ltr'>domi</span> <span class='ocrx_word' id='word_1_167' title='bbox 494 2623 559 2674; x_wconf 87' lang='lat' dir='ltr'>suut</span> <span class='ocrx_word' id='word_1_168' title='bbox 572 2635 581 2683; x_wconf 72' lang='grc' dir='ltr'><strong>ς</strong></span> <span class='ocrx_word' id='word_1_169' title='bbox 596 2620 674 2673; x_wconf 82' lang='lat' dir='ltr'>vole·</span> 
     </span>
     <span class='ocr_line' id='line_1_33' title="bbox 87 2685 674 2758; baseline 0.003 -15"><span class='ocrx_word' id='word_1_170' title='bbox 87 2686 139 2743; x_wconf 92' lang='lat' dir='ltr'>bat</span> <span class='ocrx_word' id='word_1_171' title='bbox 158 2685 325 2743; x_wconf 85' lang='lat' dir='ltr'>renuntiare</span> <span class='ocrx_word' id='word_1_172' title='bbox 347 2689 521 2758; x_wconf 88' lang='lat' dir='ltr'>parentibus,</span> <span class='ocrx_word' id='word_1_173' title='bbox 548 2703 583 2744; x_wconf 93' lang='lat' dir='ltr'>ne</span> <span class='ocrx_word' id='word_1_174' title='bbox 602 2687 674 2744; x_wconf 89' lang='lat' dir='ltr'>iorte</span> 
     </span>
     <span class='ocr_line' id='line_1_34' title="bbox 86 2757 672 2841; baseline 0.005 -28"><span class='ocrx_word' id='word_1_175' title='bbox 86 2760 231 2840; x_wconf 84' lang='lat' dir='ltr'>quomodo</span> <span class='ocrx_word' id='word_1_176' title='bbox 245 2757 309 2813; x_wconf 85' lang='lat' dir='ltr'>beri</span> <span class='ocrx_word' id='word_1_177' title='bbox 327 2759 400 2815; x_wconf 90' lang='lat' dir='ltr'>solet</span> <span class='ocrx_word' id='word_1_178' title='bbox 418 2765 583 2841; x_wconf 86' lang='lat' dir='ltr'>quaercrent</span> <span class='ocrx_word' id='word_1_179' title='bbox 597 2775 672 2827; x_wconf 91' lang='lat' dir='ltr'>euin,</span> 
     </span>
     <span class='ocr_line' id='line_1_35' title="bbox 87 2829 675 2896; baseline 0.003 -11"><span class='ocrx_word' id='word_1_180' title='bbox 87 2829 262 2885; x_wconf 90' lang='lat' dir='ltr'>licentiando</span> <span class='ocrx_word' id='word_1_181' title='bbox 289 2845 318 2886; x_wconf 84' lang='lat' dir='ltr'>se</span> <span class='ocrx_word' id='word_1_182' title='bbox 346 2831 382 2885; x_wconf 92' lang='lat' dir='ltr'>ab</span> <span class='ocrx_word' id='word_1_183' title='bbox 411 2847 461 2896; x_wconf 85' lang='lat' dir='ltr'>cis,</span> <span class='ocrx_word' id='word_1_184' title='bbox 493 2840 522 2886; x_wconf 92' lang='lat' dir='ltr'>et</span> <span class='ocrx_word' id='word_1_185' title='bbox 548 2832 675 2888; x_wconf 90' lang='lat' dir='ltr'>dicturus</span> 
     </span>
     <span class='ocr_line' id='line_1_36' title="bbox 85 2898 674 2971; baseline 0.005 -16"><span class='ocrx_word' id='word_1_186' title='bbox 85 2900 188 2965; x_wconf 85' lang='lat' dir='ltr'>valete,</span> <span class='ocrx_word' id='word_1_187' title='bbox 214 2915 248 2956; x_wconf 88' lang='lat' dir='ltr'>ac</span> <span class='ocrx_word' id='word_1_188' title='bbox 273 2898 457 2971; x_wconf 88' lang='lat' dir='ltr'>dispositurus</span> <span class='ocrx_word' id='word_1_189' title='bbox 481 2901 606 2958; x_wconf 82' lang='lat' dir='ltr'>iamiliae.</span> <span class='ocrx_word' id='word_1_190' title='bbox 629 2904 674 2959; x_wconf 88' lang='lat' dir='ltr'>Sic</span> 
     </span>
     <span class='ocr_line' id='line_1_37' title="bbox 84 2969 671 3044; baseline 0.003 -17"><span class='ocrx_word' id='word_1_191' title='bbox 84 2970 203 3027; x_wconf 75' lang='lat' dir='ltr'>Elbaeus</span> <span class='ocrx_word' id='word_1_192' title='bbox 222 2969 374 3041; x_wconf 87' lang='lat' dir='ltr'>requisitus</span> <span class='ocrx_word' id='word_1_193' title='bbox 388 2971 477 3028; x_wconf 83' lang='lat' dir='ltr'>liliam</span> <span class='ocrx_word' id='word_1_194' title='bbox 491 2975 571 3044; x_wconf 85' lang='lat' dir='ltr'>sequi</span> <span class='ocrx_word' id='word_1_195' title='bbox 584 2973 671 3029; x_wconf 87' lang='lat' dir='ltr'>dixit:</span> 
     </span>
     <span class='ocr_line' id='line_1_38' title="bbox 25 3041 674 3115; baseline 0.002 -16"><span class='ocrx_word' id='word_1_196' title='bbox 25 3090 29 3099; x_wconf 94' lang='lat'>.</span> <span class='ocrx_word' id='word_1_197' title='bbox 85 3041 576 3115; x_wconf 69' lang='lat' dir='ltr'>Oroiautoscuterpmmompotrem</span> <span class='ocrx_word' id='word_1_198' title='bbox 584 3061 674 3103; x_wconf 82' lang='lat' dir='ltr'>meum</span> 
     </span>
     <span class='ocr_line' id='line_1_39' title="bbox 83 3117 674 3186; baseline 0.002 -14"><span class='ocrx_word' id='word_1_199' title='bbox 83 3117 111 3172; x_wconf 80' lang='lat' dir='ltr'>ot</span> <span class='ocrx_word' id='word_1_200' title='bbox 121 3117 237 3169; x_wconf 88' lang='lat' dir='ltr'>matrem</span> <span class='ocrx_word' id='word_1_201' title='bbox 251 3130 349 3185; x_wconf 77' lang='lat' dir='ltr'>aueum,</span> <span class='ocrx_word' id='word_1_202' title='bbox 362 3119 388 3170; x_wconf 90' lang='lat' dir='ltr'>et</span> <span class='ocrx_word' id='word_1_203' title='bbox 402 3118 442 3171; x_wconf 91' lang='lat' dir='ltr'>sic</span> <span class='ocrx_word' id='word_1_204' title='bbox 455 3132 557 3186; x_wconf 75' lang='lat' dir='ltr'>sequor</span> <span class='ocrx_word' id='word_1_205' title='bbox 570 3123 595 3172; x_wconf 90' lang='lat' dir='ltr'>te</span> <span class='ocrx_word' id='word_1_206' title='bbox 606 3137 615 3184; x_wconf 73' lang='grc' dir='ltr'><strong><em>ς</em></strong></span> <span class='ocrx_word' id='word_1_207' title='bbox 633 3117 674 3173; x_wconf 90' lang='lat' dir='ltr'>sic</span> 
     </span>
     <span class='ocr_line' id='line_1_40' title="bbox 82 3184 673 3259; baseline 0.003 -17"><span class='ocrx_word' id='word_1_208' title='bbox 82 3184 169 3242; x_wconf 91' lang='lat' dir='ltr'>hodie</span> <span class='ocrx_word' id='word_1_209' title='bbox 186 3186 267 3241; x_wconf 90' lang='lat' dir='ltr'>multi</span> <span class='ocrx_word' id='word_1_210' title='bbox 279 3186 396 3258; x_wconf 87' lang='lat' dir='ltr'>iaciunt,</span> <span class='ocrx_word' id='word_1_211' title='bbox 414 3189 462 3259; x_wconf 89' lang='lat' dir='ltr'>qui</span> <span class='ocrx_word' id='word_1_212' title='bbox 473 3187 612 3244; x_wconf 88' lang='lat' dir='ltr'>inutiliter</span> <span class='ocrx_word' id='word_1_213' title='bbox 627 3189 673 3244; x_wconf 93' lang='lat' dir='ltr'>in-</span> 
     </span>
     <span class='ocr_line' id='line_1_41' title="bbox 86 3258 672 3329; baseline 0.009 -18"><span class='ocrx_word' id='word_1_214' title='bbox 86 3270 216 3329; x_wconf 77' lang='lat' dir='ltr'>gressum</span> <span class='ocrx_word' id='word_1_215' title='bbox 236 3258 396 3329; x_wconf 81' lang='lat' dir='ltr'>religionis,</span> <span class='ocrx_word' id='word_1_216' title='bbox 413 3259 457 3315; x_wconf 91' lang='lat' dir='ltr'>vel</span> <span class='ocrx_word' id='word_1_217' title='bbox 476 3261 672 3316; x_wconf 85' lang='lat' dir='ltr'>executionem</span> 
     </span>
     <span class='ocr_line' id='line_1_42' title="bbox 86 3326 670 3400; baseline 0.005 -17"><span class='ocrx_word' id='word_1_218' title='bbox 86 3326 215 3383; x_wconf 89' lang='lat' dir='ltr'>melioris</span> <span class='ocrx_word' id='word_1_219' title='bbox 239 3328 304 3384; x_wconf 87' lang='lat' dir='ltr'>vitae</span> <span class='ocrx_word' id='word_1_220' title='bbox 329 3328 474 3400; x_wconf 81' lang='lat' dir='ltr'>differunt,</span> <span class='ocrx_word' id='word_1_221' title='bbox 496 3337 526 3387; x_wconf 91' lang='lat' dir='ltr'>et</span> <span class='ocrx_word' id='word_1_222' title='bbox 548 3330 670 3386; x_wconf 88' lang='lat' dir='ltr'>dicant:</span> 
     </span>
     <span class='ocr_line' id='line_1_43' title="bbox 85 3398 673 3469; baseline 0.003 -14"><span class='ocrx_word' id='word_1_223' title='bbox 85 3398 239 3469; x_wconf 86' lang='lat' dir='ltr'>Dispunam</span> <span class='ocrx_word' id='word_1_224' title='bbox 266 3401 342 3469; x_wconf 87' lang='lat' dir='ltr'>prius</span> <span class='ocrx_word' id='word_1_225' title='bbox 369 3403 404 3458; x_wconf 89' lang='lat' dir='ltr'>dc</span> <span class='ocrx_word' id='word_1_226' title='bbox 427 3402 536 3468; x_wconf 86' lang='lat' dir='ltr'>amicis,</span> <span class='ocrx_word' id='word_1_227' title='bbox 564 3402 608 3458; x_wconf 86' lang='lat' dir='ltr'>vel</span> <span class='ocrx_word' id='word_1_228' title='bbox 637 3403 673 3457; x_wconf 90' lang='lat' dir='ltr'>de</span> 
     </span>
     <span class='ocr_line' id='line_1_44' title="bbox 84 3469 674 3542; baseline 0.002 -18"><span class='ocrx_word' id='word_1_229' title='bbox 84 3469 173 3525; x_wconf 88' lang='lat' dir='ltr'>rebus</span> <span class='ocrx_word' id='word_1_230' title='bbox 187 3471 266 3539; x_wconf 88' lang='lat' dir='ltr'>meis,</span> <span class='ocrx_word' id='word_1_231' title='bbox 283 3479 311 3527; x_wconf 88' lang='lat' dir='ltr'>ct</span> <span class='ocrx_word' id='word_1_232' title='bbox 329 3479 427 3542; x_wconf 89' lang='lat' dir='ltr'>postea</span> <span class='ocrx_word' id='word_1_233' title='bbox 443 3472 612 3542; x_wconf 67' lang='lat' dir='ltr'>religionem</span> <span class='ocrx_word' id='word_1_234' title='bbox 633 3472 674 3525; x_wconf 91' lang='lat' dir='ltr'>in-</span> 
     </span>
     <span class='ocr_line' id='line_1_45' title="bbox 85 3539 674 3608; baseline 0.003 -13"><span class='ocrx_word' id='word_1_235' title='bbox 85 3539 181 3607; x_wconf 89' lang='lat' dir='ltr'>trabo,</span> <span class='ocrx_word' id='word_1_236' title='bbox 207 3554 256 3597; x_wconf 82' lang='lat' dir='ltr'>seu</span> <span class='ocrx_word' id='word_1_237' title='bbox 278 3544 366 3598; x_wconf 85' lang='lat' dir='ltr'>vitam</span> <span class='ocrx_word' id='word_1_238' title='bbox 395 3540 564 3599; x_wconf 87' lang='lat' dir='ltr'>emendabo.</span> <span class='ocrx_word' id='word_1_239' title='bbox 593 3542 674 3608; x_wconf 84' lang='lat' dir='ltr'>Quod</span> 
     </span>
     <span class='ocr_line' id='line_1_46' title="bbox 85 3612 673 3683; baseline 0.003 -17"><span class='ocrx_word' id='word_1_240' title='bbox 85 3612 270 3682; x_wconf 74' lang='lat' dir='ltr'>Hieronymus</span> <span class='ocrx_word' id='word_1_241' title='bbox 292 3615 425 3671; x_wconf 88' lang='lat' dir='ltr'>dissuasit</span> <span class='ocrx_word' id='word_1_242' title='bbox 444 3614 569 3683; x_wconf 86' lang='lat' dir='ltr'>cuidam,</span> <span class='ocrx_word' id='word_1_243' title='bbox 592 3629 673 3669; x_wconf 88' lang='lat' dir='ltr'>eum·</span> 
     </span>
     <span class='ocr_line' id='line_1_47' title="bbox 86 3683 674 3755; baseline 0.005 -17"><span class='ocrx_word' id='word_1_244' title='bbox 86 3697 142 3754; x_wconf 90' lang='lat' dir='ltr'>que</span> <span class='ocrx_word' id='word_1_245' title='bbox 156 3683 193 3740; x_wconf 89' lang='lat' dir='ltr'>ab</span> <span class='ocrx_word' id='word_1_246' title='bbox 206 3685 259 3740; x_wconf 90' lang='lat' dir='ltr'>bac</span> <span class='ocrx_word' id='word_1_247' title='bbox 275 3684 434 3755; x_wconf 88' lang='lat' dir='ltr'>periculosa</span> <span class='ocrx_word' id='word_1_248' title='bbox 446 3686 583 3742; x_wconf 86' lang='lat' dir='ltr'>dilatione</span> <span class='ocrx_word' id='word_1_249' title='bbox 596 3701 674 3741; x_wconf 90' lang='lat' dir='ltr'>revo-</span> 
     </span>
     <span class='ocr_line' id='line_1_48' title="bbox 86 3754 672 3815; baseline 0.007 -5"><span class='ocrx_word' id='word_1_250' title='bbox 86 3754 162 3810; x_wconf 90' lang='lat' dir='ltr'>cavit</span> <span class='ocrx_word' id='word_1_251' title='bbox 195 3756 316 3812; x_wconf 87' lang='lat' dir='ltr'>dicens:</span> <span class='ocrx_word' id='word_1_252' title='bbox 342 3758 512 3814; x_wconf 71' lang='lat' dir='ltr'>«Naviculae</span> <span class='ocrx_word' id='word_1_253' title='bbox 535 3756 672 3815; x_wconf 79' lang='lat' dir='ltr'>haerentis</span> 
     </span>
     <span class='ocr_line' id='line_1_49' title="bbox 85 3798 671 3902; baseline 0.009 -21"><span class='ocrx_word' id='word_1_254' title='bbox 85 3825 117 3881; x_wconf 88' lang='lat' dir='ltr'>in</span> <span class='ocrx_word' id='word_1_255' title='bbox 128 3798 188 3882; x_wconf 74' lang='lat' dir='ltr'>sado</span> <span class='ocrx_word' id='word_1_256' title='bbox 198 3824 394 3897; x_wconf 85' lang='lat' dir='ltr'>luucmpotius</span> <span class='ocrx_word' id='word_1_257' title='bbox 403 3830 571 3901; x_wconf 68' lang='lat' dir='ltr'>praescinde,</span> <span class='ocrx_word' id='word_1_258' title='bbox 585 3845 671 3902; x_wconf 81' lang='lat' dir='ltr'>quum</span> 
     </span>
     <span class='ocr_line' id='line_1_50' title="bbox 85 3895 670 3970; baseline 0.01 -18"><span class='ocrx_word' id='word_1_259' title='bbox 85 3895 173 3954; x_wconf 88' lang='lat' dir='ltr'>solve.</span> <span class='ocrx_word' id='word_1_260' title='bbox 190 3914 205 3951; x_wconf 81' lang='lat' dir='ltr'>r</span> <span class='ocrx_word' id='word_1_261' title='bbox 221 3898 300 3955; x_wconf 89' lang='lat' dir='ltr'>Unde</span> <span class='ocrx_word' id='word_1_262' title='bbox 315 3905 344 3955; x_wconf 88' lang='lat' dir='ltr'>et</span> <span class='ocrx_word' id='word_1_263' title='bbox 356 3900 566 3970; x_wconf 72' lang='lat' dir='ltr'>chrysostomus</span> <span class='ocrx_word' id='word_1_264' title='bbox 583 3918 590 3958; x_wconf 90' lang='lat'><strong>:</strong></span> <span class='ocrx_word' id='word_1_265' title='bbox 606 3920 621 3954; x_wconf 80' lang='lat' dir='ltr'>o</span> <span class='ocrx_word' id='word_1_266' title='bbox 631 3904 670 3958; x_wconf 85' lang='lat' dir='ltr'>Nc</span> 
     </span>
     <span class='ocr_line' id='line_1_51' title="bbox 87 3967 673 4042; baseline 0.009 -20"><span class='ocrx_word' id='word_1_267' title='bbox 87 3967 192 4040; x_wconf 90' lang='lat' dir='ltr'>dicam,</span> <span class='ocrx_word' id='word_1_268' title='bbox 216 3968 420 4027; x_wconf 77' lang='lat' dir='ltr'>dissolvamus</span> <span class='ocrx_word' id='word_1_269' title='bbox 441 3973 499 4028; x_wconf 88' lang='lat' dir='ltr'>otia</span> <span class='ocrx_word' id='word_1_270' title='bbox 515 3988 596 4041; x_wconf 82' lang='lat' dir='ltr'>niea3</span> <span class='ocrx_word' id='word_1_271' title='bbox 615 3971 673 4042; x_wconf 92' lang='lat' dir='ltr'>pri-</span> 
     </span>
     <span class='ocr_line' id='line_1_52' title="bbox 86 3989 673 4120; baseline 0.009 -26"><span class='ocrx_word' id='word_1_272' title='bbox 86 3989 673 4120; x_wconf 76' lang='lat' dir='ltr'>mumprincipiumdesidiaebaectardatio</span> 
     </span>
     <span class='ocr_line' id='line_1_53' title="bbox 88 4112 672 4184; baseline 0.009 -19"><span class='ocrx_word' id='word_1_273' title='bbox 88 4114 141 4166; x_wconf 85' lang='lat' dir='ltr'>est.</span> <span class='ocrx_word' id='word_1_274' title='bbox 157 4112 297 4184; x_wconf 77' lang='lat' dir='ltr'>Quoniam</span> <span class='ocrx_word' id='word_1_275' title='bbox 313 4113 497 4172; x_wconf 85' lang='lat' dir='ltr'>vehementer</span> <span class='ocrx_word' id='word_1_276' title='bbox 508 4114 597 4170; x_wconf 87' lang='lat' dir='ltr'>instat</span> <span class='ocrx_word' id='word_1_277' title='bbox 612 4115 672 4170; x_wconf 92' lang='lat' dir='ltr'>dia·</span> 
     </span>
     <span class='ocr_line' id='line_1_54' title="bbox 88 4179 675 4265; baseline 0.009 -30"><span class='ocrx_word' id='word_1_278' title='bbox 88 4179 172 4263; x_wconf 85' lang='lat' dir='ltr'>bolus</span> <span class='ocrx_word' id='word_1_279' title='bbox 191 4183 358 4265; x_wconf 79' lang='lat' dir='ltr'>ingressum,</span> <span class='ocrx_word' id='word_1_280' title='bbox 378 4202 464 4258; x_wconf 87' lang='lat' dir='ltr'>quem</span> <span class='ocrx_word' id='word_1_281' title='bbox 484 4187 558 4243; x_wconf 88' lang='lat' dir='ltr'>Deus</span> <span class='ocrx_word' id='word_1_282' title='bbox 576 4186 675 4241; x_wconf 92' lang='lat' dir='ltr'>volens</span> 
     </span>
     <span class='ocr_line' id='line_1_55' title="bbox 88 4259 674 4336; baseline 0.01 -28"><span class='ocrx_word' id='word_1_283' title='bbox 88 4265 230 4324; x_wconf 83' lang='lat' dir='ltr'>accipere,</span> <span class='ocrx_word' id='word_1_284' title='bbox 243 4262 284 4336; x_wconf 37' lang='lat' dir='ltr'>,et</span> <span class='ocrx_word' id='word_1_285' title='bbox 304 4271 328 4311; x_wconf 85' lang='lat' dir='ltr'>si</span> <span class='ocrx_word' id='word_1_286' title='bbox 353 4271 470 4327; x_wconf 86' lang='lat' dir='ltr'>parvam</span> <span class='ocrx_word' id='word_1_287' title='bbox 493 4259 674 4314; x_wconf 88' lang='lat' dir='ltr'>vocationem</span> 
     </span>
     <span class='ocr_line' id='line_1_56' title="bbox 88 4325 675 4403; baseline 0.014 -23"><span class='ocrx_word' id='word_1_288' title='bbox 88 4327 119 4380; x_wconf 88' lang='lat' dir='ltr'>ct</span> <span class='ocrx_word' id='word_1_289' title='bbox 145 4325 337 4386; x_wconf 76' lang='lat' dir='ltr'>urdauouem</span> <span class='ocrx_word' id='word_1_290' title='bbox 358 4329 593 4403; x_wconf 87' lang='lat' dir='ltr'>apprehenderit,</span> <span class='ocrx_word' id='word_1_291' title='bbox 617 4343 675 4388; x_wconf 90' lang='lat' dir='ltr'>ma·</span> 
     </span>
    </p>
   </div>
   <div class='ocr_carea' id='block_1_3' title="bbox 731 476 1320 1332">
    <p class='ocr_par' dir='ltr' id='par_1_4' title="bbox 731 476 1320 1332">
     <span class='ocr_line' id='line_1_57' title="bbox 731 476 1318 553; baseline -0.002 -19"><span class='ocrx_word' id='word_1_292' title='bbox 731 495 818 553; x_wconf 82' lang='lat' dir='ltr'>gnam</span> <span class='ocrx_word' id='word_1_293' title='bbox 838 485 973 548; x_wconf 89' lang='lat' dir='ltr'>operatur</span> <span class='ocrx_word' id='word_1_294' title='bbox 997 476 1229 549; x_wconf 65' lang='lat' dir='ltr'>pigritationem</span> <span class='ocrx_word' id='word_1_295' title='bbox 1256 492 1318 546; x_wconf 90' lang='lat' dir='ltr'>pro-</span> 
     </span>
     <span class='ocr_line' id='line_1_58' title="bbox 734 546 1319 621; baseline -0.005 -14"><span class='ocrx_word' id='word_1_296' title='bbox 734 558 795 621; x_wconf 88' lang='lat' dir='ltr'>pter</span> <span class='ocrx_word' id='word_1_297' title='bbox 815 551 870 607; x_wconf 89' lang='lat' dir='ltr'>boc</span> <span class='ocrx_word' id='word_1_298' title='bbox 899 550 1034 606; x_wconf 88' lang='lat' dir='ltr'>admonet</span> <span class='ocrx_word' id='word_1_299' title='bbox 1051 546 1190 621; x_wconf 79' lang='lat' dir='ltr'>quidam:</span> <span class='ocrx_word' id='word_1_300' title='bbox 1218 550 1255 603; x_wconf 80' lang='lat' dir='ltr'>nt</span> <span class='ocrx_word' id='word_1_301' title='bbox 1286 565 1319 604; x_wconf 88' lang='lat' dir='ltr'>mi</span> 
     </span>
     <span class='ocr_line' id='line_1_59' title="bbox 732 616 1319 693; baseline -0.003 -16"><span class='ocrx_word' id='word_1_302' title='bbox 732 623 848 693; x_wconf 68' lang='lat' dir='ltr'>differes</span> <span class='ocrx_word' id='word_1_303' title='bbox 861 621 895 677; x_wconf 87' lang='lat' dir='ltr'>de</span> <span class='ocrx_word' id='word_1_304' title='bbox 908 622 953 677; x_wconf 85' lang='lat' dir='ltr'>die</span> <span class='ocrx_word' id='word_1_305' title='bbox 966 624 996 677; x_wconf 85' lang='lat' dir='ltr'>iu</span> <span class='ocrx_word' id='word_1_306' title='bbox 1008 621 1092 676; x_wconf 85' lang='lat' dir='ltr'>diem.</span> <span class='ocrx_word' id='word_1_307' title='bbox 1107 639 1121 673; x_wconf 84' lang='lat' dir='ltr'>o</span> <span class='ocrx_word' id='word_1_308' title='bbox 1137 619 1217 686; x_wconf 90' lang='lat' dir='ltr'>Quod</span> <span class='ocrx_word' id='word_1_309' title='bbox 1231 616 1319 675; x_wconf 90' lang='lat' dir='ltr'>ctiam</span> 
     </span>
     <span class='ocr_line' id='line_1_60' title="bbox 732 690 1320 760; baseline -0.007 -10"><span class='ocrx_word' id='word_1_310' title='bbox 732 700 896 750; x_wconf 89' lang='lat' dir='ltr'>removetur</span> <span class='ocrx_word' id='word_1_311' title='bbox 907 691 1088 748; x_wconf 88' lang='lat' dir='ltr'>convenienti</span> <span class='ocrx_word' id='word_1_312' title='bbox 1097 690 1239 760; x_wconf 79' lang='lat' dir='ltr'>evemplo,</span> <span class='ocrx_word' id='word_1_313' title='bbox 1255 704 1320 746; x_wconf 85' lang='lat' dir='ltr'>cuni</span> 
     </span>
     <span class='ocr_line' id='line_1_61' title="bbox 732 762 1318 831; baseline -0.007 -10"><span class='ocrx_word' id='word_1_314' title='bbox 732 764 863 821; x_wconf 84' lang='lat' dir='ltr'>subditur</span> <span class='ocrx_word' id='word_1_315' title='bbox 875 780 882 818; x_wconf 76' lang='grc' dir='ltr'><strong><em>ε</em></strong></span> <span class='ocrx_word' id='word_1_316' title='bbox 893 765 955 829; x_wconf 80' lang='lat' dir='ltr'>Ait,</span> <span class='ocrx_word' id='word_1_317' title='bbox 968 762 1055 831; x_wconf 90' lang='lat' dir='ltr'>enim,</span> <span class='ocrx_word' id='word_1_318' title='bbox 1069 764 1107 818; x_wconf 84' lang='lat' dir='ltr'>ad</span> <span class='ocrx_word' id='word_1_319' title='bbox 1121 764 1201 817; x_wconf 85' lang='lat' dir='ltr'>illuni</span> <span class='ocrx_word' id='word_1_320' title='bbox 1218 763 1318 817; x_wconf 80' lang='lat' dir='ltr'>iesus:</span> 
     </span>
     <span class='ocr_line' id='line_1_62' title="bbox 732 833 1320 895; baseline -0.014 0"><span class='ocrx_word' id='word_1_321' title='bbox 732 840 816 895; x_wconf 82' lang='lat' dir='ltr'>Nemo</span> <span class='ocrx_word' id='word_1_322' title='bbox 830 839 942 892; x_wconf 87' lang='lat' dir='ltr'>mittens</span> <span class='ocrx_word' id='word_1_323' title='bbox 967 851 1078 891; x_wconf 74' lang='lat' dir='ltr'>osonum</span> <span class='ocrx_word' id='word_1_324' title='bbox 1101 833 1230 891; x_wconf 86' lang='lat' dir='ltr'>suomad</span> <span class='ocrx_word' id='word_1_325' title='bbox 1256 849 1320 888; x_wconf 85' lang='lat' dir='ltr'>cru·</span> 
     </span>
     <span class='ocr_line' id='line_1_63' title="bbox 733 907 1319 979; baseline -0.007 -16"><span class='ocrx_word' id='word_1_326' title='bbox 733 913 820 977; x_wconf 88' lang='lat' dir='ltr'>trum,</span> <span class='ocrx_word' id='word_1_327' title='bbox 838 907 947 963; x_wconf 90' lang='lat' dir='ltr'>scilicet</span> <span class='ocrx_word' id='word_1_328' title='bbox 973 907 1157 979; x_wconf 66' lang='lat' dir='ltr'>poenitentiae,</span> <span class='ocrx_word' id='word_1_329' title='bbox 1186 921 1241 976; x_wconf 87' lang='lat' dir='ltr'>qua</span> <span class='ocrx_word' id='word_1_330' title='bbox 1270 919 1319 959; x_wconf 91' lang='lat' dir='ltr'>cor</span> 
     </span>
     <span class='ocr_line' id='line_1_64' title="bbox 733 976 1317 1045; baseline -0.007 -11"><span class='ocrx_word' id='word_1_331' title='bbox 733 982 881 1041; x_wconf 86' lang='lat' dir='ltr'>evertitur,</span> <span class='ocrx_word' id='word_1_332' title='bbox 911 985 941 1033; x_wconf 91' lang='lat' dir='ltr'>ut</span> <span class='ocrx_word' id='word_1_333' title='bbox 972 976 1125 1033; x_wconf 89' lang='lat' dir='ltr'>virtutibus</span> <span class='ocrx_word' id='word_1_334' title='bbox 1149 977 1317 1045; x_wconf 80' lang='lat' dir='ltr'>seminetur,</span> 
     </span>
     <span class='ocr_line' id='line_1_65' title="bbox 732 1045 1319 1119; baseline -0.009 -14"><span class='ocrx_word' id='word_1_335' title='bbox 732 1055 853 1118; x_wconf 78' lang='lat' dir='ltr'>mitteris,</span> <span class='ocrx_word' id='word_1_336' title='bbox 869 1051 996 1119; x_wconf 85' lang='lat' dir='ltr'>inquam,</span> <span class='ocrx_word' id='word_1_337' title='bbox 1013 1049 1185 1119; x_wconf 83' lang='lat' dir='ltr'>pmnitcndo,</span> <span class='ocrx_word' id='word_1_338' title='bbox 1198 1054 1227 1103; x_wconf 88' lang='lat' dir='ltr'>et</span> <span class='ocrx_word' id='word_1_339' title='bbox 1240 1045 1319 1101; x_wconf 86' lang='lat' dir='ltr'>Cbri-</span> 
     </span>
     <span class='ocr_line' id='line_1_66' title="bbox 733 1119 1315 1192; baseline -0.01 -14"><span class='ocrx_word' id='word_1_340' title='bbox 733 1129 807 1178; x_wconf 88' lang='lat' dir='ltr'>stum</span> <span class='ocrx_word' id='word_1_341' title='bbox 831 1120 912 1192; x_wconf 84' lang='lat' dir='ltr'>sequi</span> <span class='ocrx_word' id='word_1_342' title='bbox 940 1121 1145 1191; x_wconf 84' lang='lat' dir='ltr'>proponendo;</span> <span class='ocrx_word' id='word_1_343' title='bbox 1175 1125 1201 1173; x_wconf 89' lang='lat' dir='ltr'>et</span> <span class='ocrx_word' id='word_1_344' title='bbox 1226 1119 1315 1188; x_wconf 81' lang='lat' dir='ltr'>respi-</span> 
     </span>
     <span class='ocr_line' id='line_1_67' title="bbox 733 1187 1319 1261; baseline -0.007 -13"><span class='ocrx_word' id='word_1_345' title='bbox 733 1196 806 1249; x_wconf 81' lang='lat' dir='ltr'>ciens</span> <span class='ocrx_word' id='word_1_346' title='bbox 829 1199 912 1261; x_wconf 88' lang='lat' dir='ltr'>retro,</span> <span class='ocrx_word' id='word_1_347' title='bbox 936 1193 1011 1247; x_wconf 88' lang='lat' dir='ltr'>iacto</span> <span class='ocrx_word' id='word_1_348' title='bbox 1034 1191 1076 1246; x_wconf 87' lang='lat' dir='ltr'>vcl</span> <span class='ocrx_word' id='word_1_349' title='bbox 1103 1191 1257 1260; x_wconf 85' lang='lat' dir='ltr'>proposito,</span> <span class='ocrx_word' id='word_1_350' title='bbox 1282 1187 1319 1244; x_wconf 88' lang='lat' dir='ltr'>ud</span> 
     </span>
     <span class='ocr_line' id='line_1_68' title="bbox 731 1261 1319 1332; baseline -0.009 -13"><span class='ocrx_word' id='word_1_351' title='bbox 731 1271 836 1321; x_wconf 88' lang='lat' dir='ltr'>statum</span> <span class='ocrx_word' id='word_1_352' title='bbox 848 1263 998 1332; x_wconf 86' lang='lat' dir='ltr'>pristinum</span> <span class='ocrx_word' id='word_1_353' title='bbox 1012 1261 1170 1326; x_wconf 76' lang='lat' dir='ltr'>reilcunilo,</span> <span class='ocrx_word' id='word_1_354' title='bbox 1184 1266 1266 1331; x_wconf 87' lang='lat' dir='ltr'>optus</span> <span class='ocrx_word' id='word_1_355' title='bbox 1279 1263 1319 1314; x_wconf 88' lang='lat' dir='ltr'>est</span> 
     </span>
    </p>
   </div>
   <div class='ocr_carea' id='block_1_4' title="bbox 721 1329 1318 1405">
    <p class='ocr_par' dir='ltr' id='par_1_5' title="bbox 721 1329 1318 1405">
     <span class='ocr_line' id='line_1_69' title="bbox 721 1329 1318 1405; baseline -0.012 -14"><span class='ocrx_word' id='word_1_356' title='bbox 721 1352 816 1405; x_wconf 74' lang='lat' dir='ltr'>reptio</span> <span class='ocrx_word' id='word_1_357' title='bbox 838 1337 899 1393; x_wconf 84' lang='lat' dir='ltr'>lici.</span> <span class='ocrx_word' id='word_1_358' title='bbox 922 1333 1123 1404; x_wconf 88' lang='lat' dir='ltr'>consequendo</span> <span class='ocrx_word' id='word_1_359' title='bbox 1147 1332 1191 1385; x_wconf 83' lang='lat' dir='ltr'>vcl</span> <span class='ocrx_word' id='word_1_360' title='bbox 1215 1329 1318 1399; x_wconf 68' lang='lat' dir='ltr'>prendi·</span> 
     </span>
    </p>
   </div>
   <div class='ocr_carea' id='block_1_5' title="bbox 727 1400 1320 4402">
    <p class='ocr_par' dir='ltr' id='par_1_6' title="bbox 732 1400 1319 1620">
     <span class='ocr_line' id='line_1_70' title="bbox 733 1400 1318 1482; baseline -0.015 -19"><span class='ocrx_word' id='word_1_361' title='bbox 733 1410 836 1464; x_wconf 87' lang='lat' dir='ltr'>cando.</span> <span class='ocrx_word' id='word_1_362' title='bbox 873 1406 951 1463; x_wconf 90' lang='lat' dir='ltr'>Unde</span> <span class='ocrx_word' id='word_1_363' title='bbox 981 1403 1095 1472; x_wconf 88' lang='lat' dir='ltr'>Paulus,</span> <span class='ocrx_word' id='word_1_364' title='bbox 1123 1416 1242 1472; x_wconf 85' lang='lat' dir='ltr'>regnum</span> <span class='ocrx_word' id='word_1_365' title='bbox 1267 1400 1318 1482; x_wconf 80' lang='lat' dir='ltr'>lici</span> 
     </span>
     <span class='ocr_line' id='line_1_71' title="bbox 732 1472 1319 1546; baseline -0.009 -11"><span class='ocrx_word' id='word_1_366' title='bbox 732 1479 882 1537; x_wconf 85' lang='lat' dir='ltr'>babituros</span> <span class='ocrx_word' id='word_1_367' title='bbox 907 1484 936 1533; x_wconf 91' lang='lat' dir='ltr'>et</span> <span class='ocrx_word' id='word_1_368' title='bbox 964 1478 1056 1546; x_wconf 91' lang='lat' dir='ltr'>ipsum</span> <span class='ocrx_word' id='word_1_369' title='bbox 1091 1475 1153 1530; x_wconf 91' lang='lat' dir='ltr'>aliis</span> <span class='ocrx_word' id='word_1_370' title='bbox 1185 1472 1319 1542; x_wconf 76' lang='lat' dir='ltr'>pradica-</span> 
     </span>
     <span class='ocr_line' id='line_1_72' title="bbox 732 1546 1318 1620; baseline -0.007 -16"><span class='ocrx_word' id='word_1_371' title='bbox 732 1558 824 1620; x_wconf 89' lang='lat' dir='ltr'>turus,</span> <span class='ocrx_word' id='word_1_372' title='bbox 838 1552 891 1606; x_wconf 88' lang='lat' dir='ltr'>ait:</span> <span class='ocrx_word' id='word_1_373' title='bbox 909 1550 973 1617; x_wconf 77' lang='lat' dir='ltr'>Qum</span> <span class='ocrx_word' id='word_1_374' title='bbox 983 1553 1057 1604; x_wconf 86' lang='lat' dir='ltr'>retro</span> <span class='ocrx_word' id='word_1_375' title='bbox 1067 1551 1132 1603; x_wconf 85' lang='lat' dir='ltr'>sunt</span> <span class='ocrx_word' id='word_1_376' title='bbox 1142 1546 1318 1616; x_wconf 81' lang='lat' dir='ltr'>obliviscens,</span> 
     </span>
    </p>

    <p class='ocr_par' dir='ltr' id='par_1_7' title="bbox 727 1618 1320 4402">
     <span class='ocr_line' id='line_1_73' title="bbox 753 1618 1319 1678; baseline -0.007 -1"><span class='ocrx_word' id='word_1_377' title='bbox 753 1623 812 1678; x_wconf 87' lang='lat' dir='ltr'>nasi</span> <span class='ocrx_word' id='word_1_378' title='bbox 842 1624 979 1678; x_wconf 86' lang='lat' dir='ltr'>Dominus</span> <span class='ocrx_word' id='word_1_379' title='bbox 1006 1618 1082 1676; x_wconf 89' lang='lat' dir='ltr'>dicat</span> <span class='ocrx_word' id='word_1_380' title='bbox 1106 1620 1153 1674; x_wconf 89' lang='lat' dir='ltr'>ci:</span> <span class='ocrx_word' id='word_1_381' title='bbox 1175 1619 1264 1673; x_wconf 81' lang='lat' dir='ltr'>Vocat</span> <span class='ocrx_word' id='word_1_382' title='bbox 1291 1623 1319 1673; x_wconf 89' lang='lat' dir='ltr'>te</span> 
     </span>
     <span class='ocr_line' id='line_1_74' title="bbox 731 1637 1316 1762; baseline -0.01 -13"><span class='ocrx_word' id='word_1_383' title='bbox 731 1637 843 1762; x_wconf 61' lang='lat' dir='ltr'>duleus,</span> <span class='ocrx_word' id='word_1_384' title='bbox 858 1699 887 1748; x_wconf 89' lang='lat' dir='ltr'>ct</span> <span class='ocrx_word' id='word_1_385' title='bbox 896 1698 926 1750; x_wconf 95' lang='lat' dir='ltr'>tu</span> <span class='ocrx_word' id='word_1_386' title='bbox 936 1692 1060 1748; x_wconf 88' lang='lat' dir='ltr'>attcndis</span> <span class='ocrx_word' id='word_1_387' title='bbox 1070 1691 1105 1745; x_wconf 75' lang='lat' dir='ltr'>acl</span> <span class='ocrx_word' id='word_1_388' title='bbox 1116 1689 1316 1746; x_wconf 79' lang='lat' dir='ltr'>Occidentem!</span> 
     </span>
     <span class='ocr_line' id='line_1_75' title="bbox 731 1761 1317 1836; baseline -0.009 -16"><span class='ocrx_word' id='word_1_389' title='bbox 731 1766 783 1820; x_wconf 90' lang='lat' dir='ltr'>llic</span> <span class='ocrx_word' id='word_1_390' title='bbox 809 1780 876 1836; x_wconf 83' lang='lat' dir='ltr'>ergo</span> <span class='ocrx_word' id='word_1_391' title='bbox 899 1770 1061 1821; x_wconf 89' lang='lat' dir='ltr'>removetur</span> <span class='ocrx_word' id='word_1_392' title='bbox 1083 1762 1191 1817; x_wconf 89' lang='lat' dir='ltr'>inutilis</span> <span class='ocrx_word' id='word_1_393' title='bbox 1207 1761 1317 1831; x_wconf 87' lang='lat' dir='ltr'>dilatio,</span> 
     </span>
     <span class='ocr_line' id='line_1_76' title="bbox 732 1833 1318 1906; baseline -0.007 -15"><span class='ocrx_word' id='word_1_394' title='bbox 732 1836 800 1906; x_wconf 86' lang='lat' dir='ltr'>quia</span> <span class='ocrx_word' id='word_1_395' title='bbox 815 1851 878 1890; x_wconf 91' lang='lat' dir='ltr'>cum</span> <span class='ocrx_word' id='word_1_396' title='bbox 895 1834 1069 1906; x_wconf 90' lang='lat' dir='ltr'>propositum</span> <span class='ocrx_word' id='word_1_397' title='bbox 1086 1834 1214 1889; x_wconf 86' lang='lat' dir='ltr'>mutandi</span> <span class='ocrx_word' id='word_1_398' title='bbox 1231 1833 1318 1887; x_wconf 81' lang='lat' dir='ltr'>ritant</span> 
     </span>
     <span class='ocr_line' id='line_1_77' title="bbox 733 1901 1316 1977; baseline -0.005 -16"><span class='ocrx_word' id='word_1_399' title='bbox 733 1907 898 1977; x_wconf 87' lang='lat' dir='ltr'>parentibus</span> <span class='ocrx_word' id='word_1_400' title='bbox 915 1906 1068 1972; x_wconf 86' lang='lat' dir='ltr'>revelatur,</span> <span class='ocrx_word' id='word_1_401' title='bbox 1088 1905 1260 1975; x_wconf 87' lang='lat' dir='ltr'>quandoque</span> <span class='ocrx_word' id='word_1_402' title='bbox 1279 1901 1316 1957; x_wconf 90' lang='lat' dir='ltr'>ab</span> 
     </span>
     <span class='ocr_line' id='line_1_78' title="bbox 732 1977 1318 2045; baseline -0.005 -14"><span class='ocrx_word' id='word_1_403' title='bbox 732 1977 775 2031; x_wconf 87' lang='lat' dir='ltr'>eis</span> <span class='ocrx_word' id='word_1_404' title='bbox 800 1983 958 2033; x_wconf 88' lang='lat' dir='ltr'>revocatur.</span> <span class='ocrx_word' id='word_1_405' title='bbox 980 1977 1083 2030; x_wconf 78' lang='lat' dir='ltr'>Arator</span> <span class='ocrx_word' id='word_1_406' title='bbox 1105 1977 1210 2045; x_wconf 86' lang='lat' dir='ltr'>quippe</span> <span class='ocrx_word' id='word_1_407' title='bbox 1240 1980 1318 2028; x_wconf 86' lang='lat' dir='ltr'>retro</span> 
     </span>
     <span class='ocr_line' id='line_1_79' title="bbox 734 2045 1320 2115; baseline -0.007 -13"><span class='ocrx_word' id='word_1_408' title='bbox 734 2045 873 2115; x_wconf 86' lang='lat' dir='ltr'>aspiciens</span> <span class='ocrx_word' id='word_1_409' title='bbox 894 2048 961 2101; x_wconf 86' lang='lat' dir='ltr'>iacit</span> <span class='ocrx_word' id='word_1_410' title='bbox 983 2046 1092 2100; x_wconf 92' lang='lat' dir='ltr'>sulcum</span> <span class='ocrx_word' id='word_1_411' title='bbox 1112 2051 1272 2099; x_wconf 91' lang='lat' dir='ltr'>tortuosum</span> <span class='ocrx_word' id='word_1_412' title='bbox 1290 2047 1320 2099; x_wconf 89' lang='lat' dir='ltr'>et</span> 
     </span>
     <span class='ocr_line' id='line_1_80' title="bbox 735 2115 1319 2186; baseline 0.005 -15"><span class='ocrx_word' id='word_1_413' title='bbox 735 2117 861 2186; x_wconf 90' lang='lat' dir='ltr'>ineptum</span> <span class='ocrx_word' id='word_1_414' title='bbox 875 2133 883 2184; x_wconf 87' lang='lat'>;</span> <span class='ocrx_word' id='word_1_415' title='bbox 899 2118 939 2172; x_wconf 86' lang='lat' dir='ltr'>sic</span> <span class='ocrx_word' id='word_1_416' title='bbox 954 2116 1095 2185; x_wconf 88' lang='lat' dir='ltr'>accipiens</span> <span class='ocrx_word' id='word_1_417' title='bbox 1115 2115 1240 2170; x_wconf 88' lang='lat' dir='ltr'>melioris</span> <span class='ocrx_word' id='word_1_418' title='bbox 1254 2115 1319 2174; x_wconf 79' lang='lat' dir='ltr'>vite</span> 
     </span>
     <span class='ocr_line' id='line_1_81' title="bbox 732 2185 1317 2256; baseline 0.002 -13"><span class='ocrx_word' id='word_1_419' title='bbox 732 2194 849 2256; x_wconf 92' lang='lat' dir='ltr'>statum,</span> <span class='ocrx_word' id='word_1_420' title='bbox 865 2193 893 2244; x_wconf 90' lang='lat' dir='ltr'>et</span> <span class='ocrx_word' id='word_1_421' title='bbox 908 2188 1016 2244; x_wconf 85' lang='lat' dir='ltr'>babens</span> <span class='ocrx_word' id='word_1_422' title='bbox 1028 2185 1162 2243; x_wconf 84' lang='lat' dir='ltr'>affectum</span> <span class='ocrx_word' id='word_1_423' title='bbox 1178 2187 1317 2244; x_wconf 83' lang='lat' dir='ltr'>redeundi</span> 
     </span>
     <span class='ocr_line' id='line_1_82' title="bbox 731 2259 1318 2331; baseline 0.003 -17"><span class='ocrx_word' id='word_1_424' title='bbox 731 2260 768 2315; x_wconf 85' lang='lat' dir='ltr'>ad</span> <span class='ocrx_word' id='word_1_425' title='bbox 793 2265 896 2316; x_wconf 89' lang='lat' dir='ltr'>statum</span> <span class='ocrx_word' id='word_1_426' title='bbox 914 2259 1074 2331; x_wconf 88' lang='lat' dir='ltr'>pristinum,</span> <span class='ocrx_word' id='word_1_427' title='bbox 1098 2261 1210 2329; x_wconf 87' lang='lat' dir='ltr'>ineptus</span> <span class='ocrx_word' id='word_1_428' title='bbox 1225 2259 1318 2316; x_wconf 86' lang='lat' dir='ltr'>estad</span> 
     </span>
     <span class='ocr_line' id='line_1_83' title="bbox 731 2331 1319 2458; baseline 0.002 -72"><span class='ocrx_word' id='word_1_429' title='bbox 731 2347 851 2458; x_wconf 53' lang='lat' dir='ltr'>refluum</span> <span class='ocrx_word' id='word_1_430' title='bbox 874 2333 923 2387; x_wconf 87' lang='lat' dir='ltr'>Dei</span> <span class='ocrx_word' id='word_1_431' title='bbox 937 2331 1161 2402; x_wconf 86' lang='lat' dir='ltr'>adipiscendum.</span> <span class='ocrx_word' id='word_1_432' title='bbox 1183 2331 1256 2386; x_wconf 87' lang='lat' dir='ltr'>Talis</span> <span class='ocrx_word' id='word_1_433' title='bbox 1275 2336 1319 2387; x_wconf 90' lang='lat' dir='ltr'>est</span> 
     </span>
     <span class='ocr_line' id='line_1_84' title="bbox 730 2403 1318 2476; baseline 0.005 -19"><span class='ocrx_word' id='word_1_434' title='bbox 730 2418 761 2457; x_wconf 88' lang='lat' dir='ltr'>re</span> <span class='ocrx_word' id='word_1_435' title='bbox 775 2403 879 2476; x_wconf 84' lang='lat' dir='ltr'>igiosus</span> <span class='ocrx_word' id='word_1_436' title='bbox 898 2404 945 2475; x_wconf 88' lang='lat' dir='ltr'>qui</span> <span class='ocrx_word' id='word_1_437' title='bbox 966 2405 1103 2460; x_wconf 89' lang='lat' dir='ltr'>mundum</span> <span class='ocrx_word' id='word_1_438' title='bbox 1125 2403 1249 2473; x_wconf 75' lang='lat' dir='ltr'>reliquit,</span> <span class='ocrx_word' id='word_1_439' title='bbox 1266 2404 1318 2460; x_wconf 90' lang='lat' dir='ltr'>sed</span> 
     </span>
     <span class='ocr_line' id='line_1_85' title="bbox 730 2474 1318 2541; baseline 0.002 -11"><span class='ocrx_word' id='word_1_440' title='bbox 730 2474 766 2530; x_wconf 82' lang='lat' dir='ltr'>acl</span> <span class='ocrx_word' id='word_1_441' title='bbox 791 2476 928 2531; x_wconf 91' lang='lat' dir='ltr'>mundum</span> <span class='ocrx_word' id='word_1_442' title='bbox 958 2483 1053 2531; x_wconf 86' lang='lat' dir='ltr'>mente</span> <span class='ocrx_word' id='word_1_443' title='bbox 1081 2475 1212 2541; x_wconf 89' lang='lat' dir='ltr'>recurrit,</span> <span class='ocrx_word' id='word_1_444' title='bbox 1241 2490 1318 2531; x_wconf 92' lang='lat' dir='ltr'>nunc</span> 
     </span>
     <span class='ocr_line' id='line_1_86' title="bbox 729 2545 1316 2615; baseline 0.007 -15"><span class='ocrx_word' id='word_1_445' title='bbox 729 2545 791 2614; x_wconf 93' lang='lat' dir='ltr'>bos,</span> <span class='ocrx_word' id='word_1_446' title='bbox 806 2562 881 2602; x_wconf 91' lang='lat' dir='ltr'>nunc</span> <span class='ocrx_word' id='word_1_447' title='bbox 896 2547 970 2614; x_wconf 89' lang='lat' dir='ltr'>illos,</span> <span class='ocrx_word' id='word_1_448' title='bbox 990 2563 1039 2601; x_wconf 88' lang='lat' dir='ltr'>seu</span> <span class='ocrx_word' id='word_1_449' title='bbox 1059 2548 1138 2615; x_wconf 87' lang='lat' dir='ltr'>prius</span> <span class='ocrx_word' id='word_1_450' title='bbox 1154 2547 1251 2603; x_wconf 84' lang='lat' dir='ltr'>habita</span> <span class='ocrx_word' id='word_1_451' title='bbox 1272 2546 1316 2604; x_wconf 88' lang='lat' dir='ltr'>vel</span> 
     </span>
     <span class='ocr_line' id='line_1_87' title="bbox 729 2615 1318 2681; baseline 0.003 -10"><span class='ocrx_word' id='word_1_452' title='bbox 729 2615 804 2672; x_wconf 76' lang='lat' dir='ltr'>luiita</span> <span class='ocrx_word' id='word_1_453' title='bbox 828 2619 857 2671; x_wconf 88' lang='lat' dir='ltr'>iii</span> <span class='ocrx_word' id='word_1_454' title='bbox 880 2617 967 2672; x_wconf 89' lang='lat' dir='ltr'>corde</span> <span class='ocrx_word' id='word_1_455' title='bbox 985 2616 1168 2681; x_wconf 87' lang='lat' dir='ltr'>revolvendo,</span> <span class='ocrx_word' id='word_1_456' title='bbox 1189 2624 1217 2671; x_wconf 92' lang='lat' dir='ltr'>et</span> <span class='ocrx_word' id='word_1_457' title='bbox 1235 2632 1318 2673; x_wconf 89' lang='lat' dir='ltr'>amu-</span> 
     </span>
     <span class='ocr_line' id='line_1_88' title="bbox 731 2685 1319 2754; baseline 0 -10"><span class='ocrx_word' id='word_1_458' title='bbox 731 2703 793 2744; x_wconf 92' lang='lat' dir='ltr'>rem</span> <span class='ocrx_word' id='word_1_459' title='bbox 808 2704 858 2743; x_wconf 89' lang='lat' dir='ltr'>seu</span> <span class='ocrx_word' id='word_1_460' title='bbox 871 2687 1090 2741; x_wconf 88' lang='lat' dir='ltr'>delectationem</span> <span class='ocrx_word' id='word_1_461' title='bbox 1105 2686 1142 2740; x_wconf 90' lang='lat' dir='ltr'>ad</span> <span class='ocrx_word' id='word_1_462' title='bbox 1152 2685 1319 2754; x_wconf 85' lang='lat' dir='ltr'>hujusmodi</span> 
     </span>
     <span class='ocr_line' id='line_1_89' title="bbox 730 2758 1316 2828; baseline -0.002 -13"><span class='ocrx_word' id='word_1_463' title='bbox 730 2759 881 2815; x_wconf 85' lang='lat' dir='ltr'>flectendo.</span> <span class='ocrx_word' id='word_1_464' title='bbox 899 2758 977 2814; x_wconf 89' lang='lat' dir='ltr'>Unde</span> <span class='ocrx_word' id='word_1_465' title='bbox 989 2759 1132 2815; x_wconf 84' lang='lat' dir='ltr'>ltucimus</span> <span class='ocrx_word' id='word_1_466' title='bbox 1146 2758 1316 2828; x_wconf 80' lang='lat' dir='ltr'>Episcopus:</span> 
     </span>
     <span class='ocr_line' id='line_1_90' title="bbox 730 2829 1316 2902; baseline 0.002 -18"><span class='ocrx_word' id='word_1_467' title='bbox 730 2851 745 2884; x_wconf 83' lang='lat' dir='ltr'>u</span> <span class='ocrx_word' id='word_1_468' title='bbox 762 2831 860 2886; x_wconf 89' lang='lat' dir='ltr'>Omnis</span> <span class='ocrx_word' id='word_1_469' title='bbox 878 2831 956 2886; x_wconf 87' lang='lat' dir='ltr'>enim</span> <span class='ocrx_word' id='word_1_470' title='bbox 971 2844 1069 2899; x_wconf 85' lang='lat' dir='ltr'>arans,</span> <span class='ocrx_word' id='word_1_471' title='bbox 1082 2830 1106 2885; x_wconf 85' lang='lat' dir='ltr'>si</span> <span class='ocrx_word' id='word_1_472' title='bbox 1126 2829 1316 2902; x_wconf 87' lang='lat' dir='ltr'>retroaspicit,</span> 
     </span>
     <span class='ocr_line' id='line_1_91' title="bbox 729 2900 1317 2959; baseline 0 -1"><span class='ocrx_word' id='word_1_473' title='bbox 729 2910 780 2959; x_wconf 93' lang='lat' dir='ltr'>aut</span> <span class='ocrx_word' id='word_1_474' title='bbox 798 2908 957 2957; x_wconf 88' lang='lat' dir='ltr'>tortuosum</span> <span class='ocrx_word' id='word_1_475' title='bbox 975 2908 1005 2957; x_wconf 92' lang='lat' dir='ltr'>et</span> <span class='ocrx_word' id='word_1_476' title='bbox 1023 2902 1153 2957; x_wconf 87' lang='lat' dir='ltr'>inutilem</span> <span class='ocrx_word' id='word_1_477' title='bbox 1171 2901 1239 2957; x_wconf 84' lang='lat' dir='ltr'>iacit</span> <span class='ocrx_word' id='word_1_478' title='bbox 1257 2900 1317 2958; x_wconf 88' lang='lat' dir='ltr'>sul·</span> 
     </span>
     <span class='ocr_line' id='line_1_92' title="bbox 729 2973 1319 3038; baseline 0 -8"><span class='ocrx_word' id='word_1_479' title='bbox 729 2988 807 3038; x_wconf 85' lang='lat' dir='ltr'>cum,</span> <span class='ocrx_word' id='word_1_480' title='bbox 840 2978 889 3029; x_wconf 90' lang='lat' dir='ltr'>aut</span> <span class='ocrx_word' id='word_1_481' title='bbox 921 2980 1049 3031; x_wconf 84' lang='lat' dir='ltr'>aratrum</span> <span class='ocrx_word' id='word_1_482' title='bbox 1084 2973 1171 3030; x_wconf 90' lang='lat' dir='ltr'>boum</span> <span class='ocrx_word' id='word_1_483' title='bbox 1201 2987 1319 3030; x_wconf 90' lang='lat' dir='ltr'>suorum</span> 
     </span>
     <span class='ocr_line' id='line_1_93' title="bbox 729 3043 1318 3117; baseline 0 -17"><span class='ocrx_word' id='word_1_484' title='bbox 729 3043 847 3117; x_wconf 80' lang='lat' dir='ltr'>vestigia</span> <span class='ocrx_word' id='word_1_485' title='bbox 872 3045 1044 3102; x_wconf 78' lang='lat' dir='ltr'>vulnerabit.</span> <span class='ocrx_word' id='word_1_486' title='bbox 1072 3046 1113 3100; x_wconf 89' lang='lat' dir='ltr'>lta</span> <span class='ocrx_word' id='word_1_487' title='bbox 1141 3049 1171 3101; x_wconf 93' lang='lat' dir='ltr'>et</span> <span class='ocrx_word' id='word_1_488' title='bbox 1198 3046 1245 3116; x_wconf 91' lang='lat' dir='ltr'>qui</span> <span class='ocrx_word' id='word_1_489' title='bbox 1274 3043 1318 3100; x_wconf 94' lang='lat' dir='ltr'>di·</span> 
     </span>
     <span class='ocr_line' id='line_1_94' title="bbox 728 3116 1319 3187; baseline -0.002 -15"><span class='ocrx_word' id='word_1_490' title='bbox 728 3123 808 3172; x_wconf 89' lang='lat' dir='ltr'>recto</span> <span class='ocrx_word' id='word_1_491' title='bbox 836 3120 950 3173; x_wconf 84' lang='lat' dir='ltr'>tramite</span> <span class='ocrx_word' id='word_1_492' title='bbox 978 3133 1011 3174; x_wconf 87' lang='lat' dir='ltr'>ac</span> <span class='ocrx_word' id='word_1_493' title='bbox 1036 3116 1177 3187; x_wconf 88' lang='lat' dir='ltr'>spirituali</span> <span class='ocrx_word' id='word_1_494' title='bbox 1203 3130 1319 3171; x_wconf 90' lang='lat' dir='ltr'>vomere</span> 
     </span>
     <span class='ocr_line' id='line_1_95' title="bbox 728 3185 1320 3259; baseline 0 -17"><span class='ocrx_word' id='word_1_495' title='bbox 728 3190 797 3244; x_wconf 88' lang='lat' dir='ltr'>vitia</span> <span class='ocrx_word' id='word_1_496' title='bbox 811 3190 957 3244; x_wconf 90' lang='lat' dir='ltr'>mundana</span> <span class='ocrx_word' id='word_1_497' title='bbox 975 3189 1139 3259; x_wconf 86' lang='lat' dir='ltr'>persulcans</span> <span class='ocrx_word' id='word_1_498' title='bbox 1154 3186 1262 3242; x_wconf 88' lang='lat' dir='ltr'>incedit</span> <span class='ocrx_word' id='word_1_499' title='bbox 1281 3185 1320 3242; x_wconf 90' lang='lat' dir='ltr'>ad</span> 
     </span>
     <span class='ocr_line' id='line_1_96' title="bbox 728 3255 1320 3332; baseline -0.005 -17"><span class='ocrx_word' id='word_1_500' title='bbox 728 3274 849 3332; x_wconf 86' lang='lat' dir='ltr'>regnum</span> <span class='ocrx_word' id='word_1_501' title='bbox 877 3261 937 3328; x_wconf 77' lang='lat' dir='ltr'>lici,</span> <span class='ocrx_word' id='word_1_502' title='bbox 962 3262 985 3315; x_wconf 88' lang='lat' dir='ltr'>si</span> <span class='ocrx_word' id='word_1_503' title='bbox 1009 3266 1154 3329; x_wconf 88' lang='lat' dir='ltr'>aspectum</span> <span class='ocrx_word' id='word_1_504' title='bbox 1175 3274 1258 3314; x_wconf 92' lang='lat' dir='ltr'>suum</span> <span class='ocrx_word' id='word_1_505' title='bbox 1282 3255 1320 3313; x_wconf 87' lang='lat' dir='ltr'>ad</span> 
     </span>
     <span class='ocr_line' id='line_1_97' title="bbox 729 3331 1318 3402; baseline 0 -17"><span class='ocrx_word' id='word_1_506' title='bbox 729 3331 817 3402; x_wconf 91' lang='lat' dir='ltr'>impia</span> <span class='ocrx_word' id='word_1_507' title='bbox 838 3338 867 3386; x_wconf 93' lang='lat' dir='ltr'>et</span> <span class='ocrx_word' id='word_1_508' title='bbox 884 3346 958 3386; x_wconf 87' lang='lat' dir='ltr'>vana</span> <span class='ocrx_word' id='word_1_509' title='bbox 975 3331 1170 3398; x_wconf 88' lang='lat' dir='ltr'>converterit;</span> <span class='ocrx_word' id='word_1_510' title='bbox 1191 3336 1219 3384; x_wconf 91' lang='lat' dir='ltr'>et</span> <span class='ocrx_word' id='word_1_511' title='bbox 1234 3331 1318 3400; x_wconf 79' lang='lat' dir='ltr'>juges</span> 
     </span>
     <span class='ocr_line' id='line_1_98' title="bbox 727 3401 1317 3478; baseline -0.002 -22"><span class='ocrx_word' id='word_1_512' title='bbox 727 3417 805 3469; x_wconf 87' lang='lat' dir='ltr'>suus,</span> <span class='ocrx_word' id='word_1_513' title='bbox 827 3401 881 3455; x_wconf 92' lang='lat' dir='ltr'>boc</span> <span class='ocrx_word' id='word_1_514' title='bbox 899 3408 944 3455; x_wconf 92' lang='lat' dir='ltr'>est</span> <span class='ocrx_word' id='word_1_515' title='bbox 961 3416 1064 3469; x_wconf 86' lang='lat' dir='ltr'>corpus</span> <span class='ocrx_word' id='word_1_516' title='bbox 1086 3405 1172 3478; x_wconf 86' lang='lat' dir='ltr'>atque</span> <span class='ocrx_word' id='word_1_517' title='bbox 1190 3401 1317 3455; x_wconf 88' lang='lat' dir='ltr'>animam</span> 
     </span>
     <span class='ocr_line' id='line_1_99' title="bbox 729 3467 1319 3548; baseline -0.002 -24"><span class='ocrx_word' id='word_1_518' title='bbox 729 3470 891 3524; x_wconf 86' lang='lat' dir='ltr'>vulnerabit</span> <span class='ocrx_word' id='word_1_519' title='bbox 917 3475 947 3523; x_wconf 90' lang='lat' dir='ltr'>et</span> <span class='ocrx_word' id='word_1_520' title='bbox 974 3467 1075 3548; x_wconf 82' lang='lat' dir='ltr'>optimi</span> <span class='ocrx_word' id='word_1_521' title='bbox 1107 3467 1223 3522; x_wconf 88' lang='lat' dir='ltr'>itineris&#39;</span> <span class='ocrx_word' id='word_1_522' title='bbox 1243 3469 1319 3536; x_wconf 86' lang='lat' dir='ltr'>peri·</span> 
     </span>
     <span class='ocr_line' id='line_1_100' title="bbox 729 3538 1318 3596; baseline -0.005 0"><span class='ocrx_word' id='word_1_523' title='bbox 729 3540 857 3596; x_wconf 88' lang='lat' dir='ltr'>culusum</span> <span class='ocrx_word' id='word_1_524' title='bbox 883 3539 967 3593; x_wconf 89' lang='lat' dir='ltr'>nimis</span> <span class='ocrx_word' id='word_1_525' title='bbox 992 3538 1114 3593; x_wconf 82' lang='lat' dir='ltr'>incurrit</span> <span class='ocrx_word' id='word_1_526' title='bbox 1144 3552 1318 3596; x_wconf 89' lang='lat' dir='ltr'>errorem.»</span> 
     </span>
     <span class='ocr_line' id='line_1_101' title="bbox 729 3610 1318 3684; baseline 0 -14"><span class='ocrx_word' id='word_1_527' title='bbox 729 3612 810 3670; x_wconf 88' lang='lat' dir='ltr'>Unde</span> <span class='ocrx_word' id='word_1_528' title='bbox 824 3614 852 3666; x_wconf 89' lang='lat' dir='ltr'>et</span> <span class='ocrx_word' id='word_1_529' title='bbox 864 3610 1039 3680; x_wconf 78' lang='lat' dir='ltr'>dupustinus</span> <span class='ocrx_word' id='word_1_530' title='bbox 1053 3628 1062 3665; x_wconf 78' lang='grc' dir='ltr'><strong><em>ε</em></strong></span> <span class='ocrx_word' id='word_1_531' title='bbox 1083 3629 1097 3664; x_wconf 85' lang='lat' dir='ltr'>o</span> <span class='ocrx_word' id='word_1_532' title='bbox 1118 3612 1242 3684; x_wconf 79' lang='lat' dir='ltr'>Apponit</span> <span class='ocrx_word' id='word_1_533' title='bbox 1256 3627 1318 3671; x_wconf 90' lang='lat' dir='ltr'>ma·</span> 
     </span>
     <span class='ocr_line' id='line_1_102' title="bbox 728 3681 1317 3756; baseline 0.01 -16"><span class='ocrx_word' id='word_1_534' title='bbox 728 3699 797 3741; x_wconf 91' lang='lat' dir='ltr'>num</span> <span class='ocrx_word' id='word_1_535' title='bbox 821 3692 928 3756; x_wconf 86' lang='lat' dir='ltr'>aratro,</span> <span class='ocrx_word' id='word_1_536' title='bbox 949 3684 999 3756; x_wconf 89' lang='lat' dir='ltr'>qui</span> <span class='ocrx_word' id='word_1_537' title='bbox 1022 3681 1193 3742; x_wconf 80' lang='lat' dir='ltr'>affectuosus</span> <span class='ocrx_word' id='word_1_538' title='bbox 1216 3687 1317 3747; x_wconf 88' lang='lat' dir='ltr'>estad</span> 
     </span>
     <span class='ocr_line' id='line_1_103' title="bbox 727 3758 1315 3831; baseline 0.005 -18"><span class='ocrx_word' id='word_1_539' title='bbox 727 3758 925 3828; x_wconf 66' lang='lat' dir='ltr'>sequendum</span> <span class='ocrx_word' id='word_1_540' title='bbox 957 3762 1034 3812; x_wconf 90' lang='lat' dir='ltr'>retro</span> <span class='ocrx_word' id='word_1_541' title='bbox 1063 3763 1160 3815; x_wconf 88' lang='lat' dir='ltr'>tamen</span> <span class='ocrx_word' id='word_1_542' title='bbox 1189 3760 1315 3831; x_wconf 89' lang='lat' dir='ltr'>respicit,</span> 
     </span>
     <span class='ocr_line' id='line_1_104' title="bbox 728 3828 1317 3901; baseline 0.005 -17"><span class='ocrx_word' id='word_1_543' title='bbox 728 3833 777 3900; x_wconf 88' lang='lat' dir='ltr'>qui</span> <span class='ocrx_word' id='word_1_544' title='bbox 795 3829 960 3885; x_wconf 88' lang='lat' dir='ltr'>dilationem</span> <span class='ocrx_word' id='word_1_545' title='bbox 973 3828 1059 3901; x_wconf 90' lang='lat' dir='ltr'>petit,</span> <span class='ocrx_word' id='word_1_546' title='bbox 1083 3830 1232 3887; x_wconf 88' lang='lat' dir='ltr'>occasione</span> <span class='ocrx_word' id='word_1_547' title='bbox 1251 3831 1317 3888; x_wconf 92' lang='lat' dir='ltr'>red-</span> 
     </span>
     <span class='ocr_line' id='line_1_105' title="bbox 728 3901 1320 3970; baseline 0.002 -14"><span class='ocrx_word' id='word_1_548' title='bbox 728 3901 814 3956; x_wconf 90' lang='lat' dir='ltr'>eundi</span> <span class='ocrx_word' id='word_1_549' title='bbox 829 3902 866 3956; x_wconf 89' lang='lat' dir='ltr'>ad</span> <span class='ocrx_word' id='word_1_550' title='bbox 880 3901 997 3956; x_wconf 92' lang='lat' dir='ltr'>domuin</span> <span class='ocrx_word' id='word_1_551' title='bbox 1012 3908 1041 3959; x_wconf 90' lang='lat' dir='ltr'>ct</span> <span class='ocrx_word' id='word_1_552' title='bbox 1059 3918 1124 3959; x_wconf 94' lang='lat' dir='ltr'>cum</span> <span class='ocrx_word' id='word_1_553' title='bbox 1134 3901 1232 3970; x_wconf 80' lang='lat' dir='ltr'>amicis</span> <span class='ocrx_word' id='word_1_554' title='bbox 1254 3917 1320 3957; x_wconf 91' lang='lat' dir='ltr'>con·</span> 
     </span>
     <span class='ocr_line' id='line_1_106' title="bbox 728 3969 1319 4030; baseline 0 -4"><span class='ocrx_word' id='word_1_555' title='bbox 728 3972 848 4028; x_wconf 85' lang='lat' dir='ltr'>iocundi.</span> <span class='ocrx_word' id='word_1_556' title='bbox 861 3991 875 4024; x_wconf 85' lang='lat' dir='ltr'>u</span> <span class='ocrx_word' id='word_1_557' title='bbox 889 3972 967 4028; x_wconf 89' lang='lat' dir='ltr'>Unde</span> <span class='ocrx_word' id='word_1_558' title='bbox 978 3972 1064 4029; x_wconf 89' lang='lat' dir='ltr'>etiam</span> <span class='ocrx_word' id='word_1_559' title='bbox 1074 3974 1232 4030; x_wconf 67' lang='lat' dir='ltr'>Bernartius</span> <span class='ocrx_word' id='word_1_560' title='bbox 1242 3991 1249 4026; x_wconf 93' lang='lat'>:</span> <span class='ocrx_word' id='word_1_561' title='bbox 1261 3991 1275 4023; x_wconf 86' lang='lat' dir='ltr'>u</span> <span class='ocrx_word' id='word_1_562' title='bbox 1288 3969 1319 4028; x_wconf 87' lang='lat' dir='ltr'>si</span> 
     </span>
     <span class='ocr_line' id='line_1_107' title="bbox 728 4042 1318 4110; baseline -0.003 -12"><span class='ocrx_word' id='word_1_563' title='bbox 728 4049 824 4099; x_wconf 89' lang='lat' dir='ltr'>autem</span> <span class='ocrx_word' id='word_1_564' title='bbox 847 4050 995 4099; x_wconf 88' lang='lat' dir='ltr'>secuturus</span> <span class='ocrx_word' id='word_1_565' title='bbox 1019 4047 1172 4100; x_wconf 87' lang='lat' dir='ltr'>Dominum</span> <span class='ocrx_word' id='word_1_566' title='bbox 1194 4042 1318 4110; x_wconf 89' lang='lat' dir='ltr'>discipu·</span> 
     </span>
     <span class='ocr_line' id='line_1_108' title="bbox 728 4111 1317 4190; baseline -0.003 -21"><span class='ocrx_word' id='word_1_567' title='bbox 728 4115 784 4186; x_wconf 92' lang='lat' dir='ltr'>lus,</span> <span class='ocrx_word' id='word_1_568' title='bbox 800 4116 848 4185; x_wconf 86' lang='lat' dir='ltr'>qui</span> <span class='ocrx_word' id='word_1_569' title='bbox 870 4115 914 4170; x_wconf 90' lang='lat' dir='ltr'>vel</span> <span class='ocrx_word' id='word_1_570' title='bbox 934 4115 1031 4172; x_wconf 90' lang='lat' dir='ltr'>domui</span> <span class='ocrx_word' id='word_1_571' title='bbox 1051 4116 1217 4190; x_wconf 76' lang='lat' dir='ltr'>renuntiare</span> <span class='ocrx_word' id='word_1_572' title='bbox 1240 4111 1317 4184; x_wconf 89' lang='lat' dir='ltr'>velit,</span> 
     </span>
     <span class='ocr_line' id='line_1_109' title="bbox 729 4183 1319 4258; baseline -0.002 -16"><span class='ocrx_word' id='word_1_573' title='bbox 729 4187 881 4257; x_wconf 83' lang='lat' dir='ltr'>arguitur:</span> <span class='ocrx_word' id='word_1_574' title='bbox 909 4186 978 4258; x_wconf 91' lang='lat' dir='ltr'>quid</span> <span class='ocrx_word' id='word_1_575' title='bbox 1003 4187 1054 4242; x_wconf 90' lang='lat' dir='ltr'>sict</span> <span class='ocrx_word' id='word_1_576' title='bbox 1076 4185 1131 4239; x_wconf 90' lang='lat' dir='ltr'>illis</span> <span class='ocrx_word' id='word_1_577' title='bbox 1160 4196 1208 4251; x_wconf 86' lang='lat' dir='ltr'>qui</span> <span class='ocrx_word' id='word_1_578' title='bbox 1240 4183 1319 4242; x_wconf 84' lang='lat' dir='ltr'>nullu</span> 
     </span>
     <span class='ocr_line' id='line_1_110' title="bbox 729 4253 1317 4334; baseline 0 -21"><span class='ocrx_word' id='word_1_579' title='bbox 729 4257 871 4327; x_wconf 87' lang='lat' dir='ltr'>utilitatis,</span> <span class='ocrx_word' id='word_1_580' title='bbox 885 4259 964 4315; x_wconf 89' lang='lat' dir='ltr'>nulla</span> <span class='ocrx_word' id='word_1_581' title='bbox 980 4257 1047 4312; x_wconf 84' lang='lat' dir='ltr'>{idei</span> <span class='ocrx_word' id='word_1_582' title='bbox 1062 4253 1238 4334; x_wconf 69' lang='lat' dir='ltr'>edificanda</span> <span class='ocrx_word' id='word_1_583' title='bbox 1254 4272 1317 4329; x_wconf 81' lang='lat' dir='ltr'>gra-</span> 
     </span>
     <span class='ocr_line' id='line_1_111' title="bbox 730 4324 1320 4402; baseline 0.002 -16"><span class='ocrx_word' id='word_1_584' title='bbox 730 4324 770 4385; x_wconf 83' lang='lat' dir='ltr'>iia</span> <span class='ocrx_word' id='word_1_585' title='bbox 790 4330 894 4402; x_wconf 83' lang='lat' dir='ltr'>saepius</span> <span class='ocrx_word' id='word_1_586' title='bbox 918 4341 1046 4398; x_wconf 88' lang='lat' dir='ltr'>suorum,</span> <span class='ocrx_word' id='word_1_587' title='bbox 1069 4341 1142 4398; x_wconf 87' lang='lat' dir='ltr'>quos</span> <span class='ocrx_word' id='word_1_588' title='bbox 1161 4339 1192 4382; x_wconf 92' lang='lat' dir='ltr'>in</span> <span class='ocrx_word' id='word_1_589' title='bbox 1211 4328 1320 4387; x_wconf 90' lang='lat' dir='ltr'>mundo</span> 
     </span>
    </p>
   </div>
   <div class='ocr_carea' id='block_1_6' title="bbox 0 0 1444 4942">
    <p class='ocr_par' dir='ltr' id='par_1_8' title="bbox 0 0 1444 4942">
     <span class='ocr_line' id='line_1_112' title="bbox 0 0 1444 4942; baseline 0 0"><span class='ocrx_word' id='word_1_590' title='bbox 0 0 1444 4942; x_wconf 95' lang='lat' dir='ltr'> </span> 
     </span>
    </p>
   </div>
  </div>
 </body>
</html>
