2880 4942
129 285 146 336 2
499 277 609 332 liliata
636 282 754 336 intutis
782 282 887 336 CAPUT
916 285 997 341 XLIV

130 399 251 460 ridebis.
265 400 443 459 Moerentium
454 397 616 454 consolator
632 399 717 468 Deus,

36 517 41 529 .
130 473 246 531 illorum
274 472 396 529 maxime
415 471 555 539 lacrymas
581 469 717 540 intuetur,

132 547 180 614 oui
200 544 320 601 aliorum
337 541 466 598 miserias
489 544 517 595 ct
535 546 650 610 peccata
668 540 718 597 de·

131 617 211 673 ssent.
244 615 404 673 Secundum
436 611 549 679 Pedona,
584 610 719 669 Dominus

131 687 329 744 misericordia
359 690 450 741 motus
482 687 533 742 est.
571 689 603 738 ut
636 683 719 740 nobis

131 759 289 830 exemplum
318 755 464 813 imitandae
487 753 601 824 pietatis
621 760 716 809 osteu-

130 830 221 885 deret.
238 830 317 886 Unde
332 833 361 884 11
380 827 608 895 chrysostomus:
632 843 646 877 a
666 826 716 881 ln·

63 904 66 909 ’
130 899 201 956 bens
226 916 295 969 ergo
322 913 433 955 cessare
460 913 477 953 a
508 895 638 969 lacrymis
668 897 717 966 qui

130 971 296 1027 consolatur
320 975 447 1029 moestos.
476 972 574 1024 monet
600 983 652 1023 uos
682 969 716 1025 de

129 1041 316 1113 praesentibus
330 1039 471 1097 defunctis
494 1038 716 1095 consolationem

129 1114 267 1182 recipere,
296 1111 535 1168 resurrectionem
557 1117 713 1182 sperantes.

127 1183 235 1255 Pagani
257 1189 287 1239 et
314 1182 439 1239 Gentiles
467 1196 581 1238 causam
609 1180 716 1238 habent

127 1252 280 1326 plangendi
307 1254 465 1321 defunctos,
494 1253 561 1322 quia
586 1268 713 1309 resurre-

127 1326 250 1382 ctionem
266 1324 472 1391 nesciuut;sed
482 1325 635 1381 Christiani
651 1341 713 1380 eam

126 1397 257 1459 credunt.
292 1403 321 1453 et
343 1395 407 1452 ideo
435 1411 547 1451 causam
561 1394 713 1466 plangendi

125 1482 183 1524 non
199 1468 314 1524 habent.
330 1487 345 1519 u
371 1470 408 1523 Et
428 1468 553 1535 occessit,
577 1470 603 1521 et
622 1469 714 1534 tetipit

126 1539 255 1607 loculum,
271 1538 300 1594 id
314 1543 356 1594 est
367 1537 504 1594 teretrum
520 1553 527 1602 ;
546 1542 579 1591 ut
595 1536 713 1593 ellectos

125 1610 224 1666 salutis
260 1614 337 1665 tactu
365 1608 492 1679 corporis
519 1607 563 1663 sui
596 1609 711 1664 deveni-

124 1685 179 1746 ret,
196 1686 224 1736 et
239 1680 403 1737 ostenderet
417 1678 493 1762 quod
512 1695 615 1749 corpus
629 1695 711 1735 suum

124 1750 223 1807 deitati
232 1752 343 1808 unitum
353 1756 414 1807 erat
423 1756 642 1807 instrumentum
654 1751 712 1806 dei-

123 1821 190 1878 tntis
214 1823 243 1878 in
269 1821 415 1879 miraculis
443 1822 592 1879 iaciendis.
621 1824 711 1879 Locu-

123 1891 168 1949 lus
193 1892 361 1950 diminutive
384 1899 426 1949 est
445 1894 551 1950 mortui
574 1895 653 1951 locus
683 1894 711 1950 in

122 1978 179 2035 quo
196 1965 293 2034 jacet;
316 1965 361 2021 cui
384 1964 461 2025 enirn
485 1964 590 2021 virenti
610 1980 712 2037 magna

122 2035 238 2107 palatia,
260 2043 289 2093 et
305 2036 406 2109 amplae
430 2036 529 2092 domus
555 2053 614 2093 uon
632 2036 710 2094 sulfi-

122 2105 236 2162 ciebant
250 2108 388 2178 praiaco,
402 2108 427 2163 ei
444 2109 576 2163 morienti
592 2123 710 2178 paruum

121 2176 245 2246 spatium
273 2176 379 2233 sufficit
407 2192 458 2247 pro
485 2177 588 2234 loculo.
618 2180 709 2247 Unde,

121 2251 235 2303 mortuo
247 2247 416 2316 Alexandro,
433 2247 504 2303 dixit
517 2247 634 2320 quidam
646 2248 709 2320 phi-

121 2316 265 2388 losophus,
291 2333 373 2388 pnem
399 2322 476 2374 totus
502 2318 626 2374 muudus
651 2335 709 2374 non

121 2388 264 2459 capiebat,
286 2387 370 2445 hodie
384 2403 470 2457 parva
487 2389 613 2445 continet
630 2403 708 2446 arca.

120 2460 159 2516 at
167 2465 258 2516 cotem
267 2461 317 2531 qui
347 2459 487 2529 ortabant,
499 2464 644 2524 steterunt,
656 2476 709 2517 nec

119 2530 196 2587 ultra
209 2547 312 2603 propre
334 2533 342 2586 i
353 2532 414 2588 ausi
426 2536 501 2587 sunt.
512 2534 549 2588 Et
562 2533 604 2586 ait
616 2550 624 2586 :
635 2533 710 2589 Ado·

120 2602 232 2673 terreus,
247 2618 339 2673 carpe,
362 2604 443 2659 etsie
462 2618 538 2673 eum,
554 2603 709 2662 secundum

119 2674 196 2747 quod
211 2676 295 2743 Deus,
309 2675 462 2732 suscitarit.
481 2677 518 2731 Et
539 2674 641 2731 resedit
659 2678 710 2747 qui

118 2751 179 2801 eret
201 2751 336 2816 mortuae,
360 2746 426 2818 quia
444 2761 563 2818 surgens
584 2747 657 2802 sedit
678 2748 708 2804 in

118 2816 212 2873 loculo
228 2818 256 2872 in
271 2832 327 2889 quo
337 2818 468 2889 jacuerat
481 2817 577 2887 prius;
590 2821 616 2873 et
628 2821 708 2890 capit

119 2889 207 2960 111111,
230 2895 263 2945 ut
283 2887 432 2945 manifeste
455 2896 606 2961 appareret
632 2890 707 2961 quod

117 2966 179 3017 erat
207 2975 272 3016 vere
297 2966 326 3015 et
344 2975 403 3016 non
428 2966 601 3032 apparenter
619 2962 706 3018 susci-

116 3036 210 3102 tatus,
230 3037 259 3087 et
279 3029 351 3088 torte
368 3032 457 3088 verba
479 3032 566 3102 ipsius
590 3031 708 3089 luerunt

116 3104 274 3175 gratiarum
303 3102 439 3160 actiones.
467 3106 504 3160 Et
526 3103 603 3159 dedit
623 3105 704 3160 illum

115 3177 202 3232 matri
225 3189 305 3243 saer
331 3175 398 3247 quia
426 3190 484 3231 non
509 3189 561 3231 suo
589 3177 704 3248 merito,

115 3246 166 3304 red
189 3246 286 3302 matris
308 3252 510 3316 resurrexerat,
533 3251 565 3302 ut
584 3261 648 3319 quae
671 3246 707 3304 de

116 3318 177 3390 ipso
200 3316 291 3373 tristis
314 3315 416 3389 luerat,
439 3317 552 3389 inipso
579 3318 708 3375 consola-

114 3396 203 3447 retur.
219 3389 335 3461 Aocepit
349 3394 441 3446 eutem
455 3404 547 3446 omues
567 3392 651 3446 timor
672 3406 706 3447 ex

115 3467 230 3533 stupore
242 3460 316 3519 tanti
329 3460 459 3518 miraculi
469 3477 476 3518 :
486 3460 535 3533 qui
548 3462 633 3518 timor
646 3477 706 3519 non

114 3533 168 3589 luit
179 3532 299 3604 alicujus
315 3533 394 3603 mali,
414 3533 463 3590 sed
477 3535 648 3590 reverentiae
669 3534 704 3589 de

134 3604 242 3659 otentia
268 3608 297 3659 et
318 3603 470 3671 bonitate3
490 3608 519 3658 et
541 3607 705 3675 moenium·

171 3679 190 3743 t,
207 3673 236 3729 id
251 3679 294 3729 est
311 3672 475 3743 laudabant,
490 3676 587 3744 mum,
605 3682 634 3731 et
647 3690 706 3730 ma·

114 3760 202 3818 gnum
217 3744 420 3816 predicabant,
438 3745 504 3816 quia
524 3749 707 3818 1111111311-

777 398 849 451 11111
862 395 968 467 plebem
986 409 1076 466 suam,
1090 398 1228 455 mittendo
1245 401 1284 456 eis
1300 402 1360 459 Sai-

775 473 902 524 valorem
926 467 1035 535 lesum,
1066 475 1096 524 nt
1122 486 1170 526 eos
1197 471 1360 541 redimeret,

774 537 848 593 sicut
876 537 1001 595 medicus
1026 540 1121 596 visitat
1147 541 1308 614 infirmum,
1333 551 1364 601 ut

774 616 941 667 eumsanct.

811 701 825 737 r
846 681 915 748 Qum
935 697 1045 738 11111111
1069 701 1235 741 smmrrcssr
1256 702 1361 742 oenus·

773 768 848 813 crus.
864 770 1033 817 1111111111,
1050 772 1212 813 rournonr-:s
1229 775 1261 812 11
1277 775 1357 813 cocu-

773 825 850 879 nesi
874 855 909 867 —
928 826 1041 896 blp’stice
1063 827 1116 883 iste
1142 829 1291 885 defunctus
1317 834 1360 885 est

773 893 859 951 homo
886 911 936 966 per
963 901 1111 966 peecatum
1140 901 1260 956 mortale
1284 915 1360 956 mor-

772 969 847 1023 tuus.
861 997 896 1009 -
907 967 975 1038 Ejus
990 974 1082 1025 mater
1095 975 1137 1025 est
1149 971 1283 1042 Ecclesia,
1297 988 1360 1043 quae

772 1042 816 1093 est
829 1039 998 1096 universitas
1015 1041 1203 1108 credentium,
1227 1044 1267 1099 et'
1280 1045 1360 1114 cujus

771 1106 823 1164 11111
847 1116 913 1166 sunt
929 1109 1078 1167 credentes
1092 1113 1207 1185 singuli.
1224 1116 1359 1170 Peccator

770 1186 866 1237 autem
891 1182 995 1237 dieitur
1028 1182 1104 1240 tilius
1131 1183 1230 1242 unicus
1257 1185 1356 1243 matris

770 1266 839 1321 suae,
858 1254 966 1308 scilicet
994 1253 1134 1323 Ecclesiae,
1165 1257 1231 1326 quia
1258 1272 1358 1328 quem-

769 1322 839 1378 libet
857 1325 896 1380 ita
913 1324 998 1379 delict
1020 1326 1133 1395 quando
1159 1327 1187 1381 in
1208 1334 1356 1398 peccatum

768 1394 859 1457 cadit,
891 1396 964 1450 sicut
993 1401 1086 1451 mater
1118 1398 1232 1453 unicum
1265 1397 1356 1454 tilium

768 1464 882 1535 quando
902 1466 1021 1522 decedit.
1038 1467 1163 1524 Ecclesia
1179 1483 1291 1541 quoque
1310 1469 1354 1525 di-

769 1535 842 1590 citur
870 1535 965 1605 vidua,
1008 1536 1053 1593 uia
1073 1538 1173 1609 Sponsi
1197 1542 1241 1595 sui
1266 1547 1358 1598 morte

768 1605 925 1689 redempta,
956 1553 1004 1663 ved
1024 1609 1192 1734 guiaflnunc
1223 1612 1358 1682 quamdiu

768 1684 969 1747 peregrinatur
992 1694 1009 1734 1
1048 1695 1154 1743 omino.
1179 1687 1222 1737 est
1243 1684 1278 1739 ab
1298 1698 1357 1739 am-

770 1747 896 1818 plexibus
925 1749 1025 1821 Sponsi
1048 1752 1090 1806 sui
1109 1751 1228 1822 privata,
1247 1754 1281 1809 de
1304 1770 1359 1826 qua

767 1819 853 1876 uidua
877 1819 982 1876 dicitur
1010 1823 1039 1878 in
1060 1823 1172 1878 Psalmo
1202 1840 1209 1879 :
1237 1825 1359 1881 Viduam

768 1890 829 1961 ejus
847 1891 1015 1958 benedicens,
1044 1893 1211 1951 benedicum.
1237 1894 1361 1952 Eiiertur

768 1962 927 2031 defunc-tus,
949 1980 1014 2020 cum
1038 1980 1137 2021 sensus
1155 1965 1274 2021 interior
1292 1968 1360 2023 exiit

768 2033 797 2089 in
813 2050 893 2106 opus.
909 2066 945 2076 -
960 2037 1085 2103 Quatuor
1105 2038 1255 2106 portitores
1275 2038 1359 2110 hujus

768 2104 892 2162 defuncti
936 2113 1002 2162 sunl
1038 2113 1161 2177 quatuor
1192 2108 1358 2166 allectiones

767 2175 861 2231 cordis
889 2177 990 2245 nostri,
1018 2176 1144 2233 scilicet:
1174 2179 1310 2248 gaudium
1329 2186 1358 2237 et

765 2244 895 2316 tristitia,
909 2261 972 2316 spes
986 2252 1014 2302 et
1027 2247 1123 2303 timor.
1134 2249 1189 2304 lsta
1199 2250 1275 2304 enim
1289 2265 1357 2320 qua·

767 2320 832 2370 tuor
853 2322 967 2386 portant
989 2323 1130 2373 mortuum
1157 2335 1207 2388 per
1222 2320 1353 2379 abusum.

766 2385 806 2441 De
819 2386 921 2512 {uibus
932 2387 1003 2444 dicit
1015 2388 1174 2444 bernardus
1187 2408 1196 2444 :
1217 2408 1232 2443 a
1251 2392 1356 2449 Amant

766 2471 822 2529 quo
869 2474 927 2514 non
950 2458 1041 2528 decet,
1069 2460 1172 2516 timent
1195 2461 1270 2532 quod
1296 2479 1354 2520 non

768 2535 890 2600 oportet,
929 2530 1025 2587 dolent
1056 2546 1138 2598 vane,
1172 2538 1201 2587 et
1230 2533 1356 2602 gaudent

768 2598 878 2657 vanius.
897 2620 912 2654 u
930 2602 980 2657 Vel
1000 2602 1051 2684 isti·
1065 2608 1187 2683 quatuor
1205 2606 1356 2675 portitores

767 2679 834 2728 sunt
848 2688 931 2729 amor
945 2679 1159 2745 peccatr,t1mor
1170 2674 1354 2747 poenitentiae,

765 2758 830 2815 spes
843 2744 983 2819 emendae,
998 2751 1027 2801 et
1048 2746 1232 2817 presumptio
1250 2748 1284 2804 de
1305 2751 1354 2806 Dei

767 2815 975 2873 misericordia.
992 2816 1042 2873 Vel
1058 2824 1179 2888 quatuor
1202 2820 1355 2890 portitores

763 2893 829 2943 sunt
848 2893 972 2959 quatuor
996 2903 1059 2960 quae
1091 2889 1217 2945 animam
1246 2891 1274 2946 iu
1291 2906 1354 2962 pec·

763 2965 827 3014 cato
853 2974 1034 3029 perseuerare
1062 2958 1179 3028 iaciunt,
1207 2962 1316 3018 scilicet
1344 2981 1350 3022 :

762 3028 867 3086 lidneia
892 3031 1030 3103 longioris
1056 3029 1134 3099 vite,
1163 3047 1226 3103 quae
1254 3037 1351 3090 tamen

762 3100 907 3158 bominem
929 3118 1003 3175 saepe
1016 3102 1141 3174 decipit3
1162 3104 1349 3161 consideratio

762 3172 852 3244 culpe
880 3172 992 3245 aliene,
1013 3189 1069 3246 qua
1083 3175 1169 3230 bomo
1191 3176 1348 3232 correctio·

762 3260 828 3301 nem
856 3246 1000 3318 propriam
1026 3245 1157 3314 devitat;
1186 3247 1272 3303 stulta
1287 3262 1349 3317 spes

761 3316 917 3389 poenitendi
936 3318 965 3373 in
991 3316 1097 3387 tuturo,
1125 3322 1153 3373 et
1179 3316 1284 3374 fiducia
1313 3318 1348 3376 de
1406 3368 1413 3379 .

762 3388 845 3445 venia
864 3403 949 3461 quam
964 3389 1049 3446 bomo
1062 3387 1228 3459 concipitex
1243 3404 1348 3462 magna

761 3459 813 3517 Dei
831 3459 1049 3530 misericordia;
1075 3458 1228 3530 impunitas
1248 3475 1350 3531 pecea-

761 3532 841 3602 toris,
865 3547 922 3605 qua
940 3532 1070 3588 redditur
1088 3535 1237 3602 apeccata
1258 3533 1349 3604 magis

762 3603 911 3673 proclivus.
926 3604 1048 3658 Possunt
1061 3602 1147 3658 etiam
1163 3602 1254 3659 intelli
1277 3603 1284 3657 i
1302 3602 1346 3659 isti

760 3674 914 3800 portitores
927 3673 1053 3729 carnalia
1066 3673 1216 3738 desideria,
1229 3618 1349 3730 idedu·

772 3749 884 3801 storum
915 3749 944 3800 et
979 3743 1209 3801 benedicentium
1241 3744 1351 3802 blandi-

113 3817 176 3872 vior
191 3822 242 3872 est
255 3829 345 3885 casus,
360 3820 441 3871 tanto
461 3815 551 3888 pietas
572 3816 707 3889 erigentis
761 3819 868 3880 menta,
888 3814 932 3872 111
953 3814 1135 3886 praelatorum
1157 3815 1350 3873 mercenario·

114 3893 158 3944 est
200 3885 306 3956 ratior,
336 3891 365 3943 et
395 3901 459 3968 spes
489 3887 588 3944 salutis
616 3888 706 3959 [111111-
760 3902 825 3944 rum
840 3888 926 3944 verba
940 3887 1088 3960 angentia,
1103 3902 1160 3943 non
1180 3887 1346 3961 pungentia,

113 3903 239 4016 tentidrus
270 3962 314 4015 est
344 3963 458 4015 certior.
485 3959 707 4031 Maeuiproboat
761 3963 790 4015 11
802 3957 973 4039 quicumque
983 3958 1070 4015 verbo
1084 3958 1128 4014 vel
1140 3958 1348 4016 lectoioventes

113 4036 210 4087 autem
227 4030 369 4087 dicenter:
389 4029 461 4099 0111
484 4032 622 4104 Propheta
643 4047 705 4086 mo·
760 4028 905 4088 bominem
927 4044 955 4086 111
979 4034 1105 4101 peccato.
1128 4060 1163 4070 -
1188 4032 1273 4088 Porta
1295 4046 1347 4103 per

112 4118 195 4175 pauo,
214 4101 322 4159 scilicet
346 4101 376 4158 in
396 4102 483 4175 Lege,
509 4109 539 4160 et
559 4102 707 4175 Prophetis
760 4116 845 4174 quam
857 4101 974 4159 effertur
987 4101 1343 4175 seuegrediturmortuus,

50 4212 56 4223 -
113 4174 275 4247 promissus,
289 4175 413 4230 surrexit
423 4175 454 4230 ln
467 4174 557 4244 uobis,
573 4174 630 4232 imo
643 4175 706 4247 plus
760 4180 804 4230 est
816 4174 918 4245 aliquis
931 4173 966 4230 de
980 4173 1105 4247 quinque
1120 4175 1246 4243 corporis
1258 4173 1346 4231 sensi·

113 4260 200 4318 quam
220 4247 379 4319 Propheta;
398 4249 426 4303 et
449 4249 517 4319 pato
540 4249 612 4304 11111
635 4248 704 4304 otri-
759 4244 811 4304 bus
823 4242 933 4319 peccati
951 4242 1185 4306 manifestativus.
1205 4247 1275 4303 llam
1296 4245 1345 4319 qui
