2880 4942
340 334 382 387 DE
408 332 557 387 utillud
584 330 768 385 clitellas
797 330 837 385 BT
866 332 943 385 sits
970 333 1060 389 Flbll
1284 336 1331 392 323

102 449 452 526 enim,propternregnam
461 442 548 499 ildern
556 440 689 515 petentis,
743 439 906 512 baptizandi
920 440 1197 515 inlantcs,uttldeles
1206 459 1259 520 pro
1272 445 1331 505 suis

103 523 178 577 Deos
197 518 262 591 plus
277 516 402 583 examin,
419 522 446 572 et
469 514 532 586 plus
559 512 691 571 concedit
744 513 870 585 parvulis
885 514 944 571 Deo
959 512 1045 573 fidem
1061 517 1242 589 promittent;
1258 532 1333 591 qua·

102 607 186 664 quarn
203 590 249 645 illc
264 588 343 661 petit.
359 587 438 644 Unde
455 589 665 657 Gltrpsostomus
680 605 689 642 ε
743 592 828 642 tenus
841 588 914 642 sicut
927 586 984 644 lide
996 587 1077 646 istius
1090 590 1217 647 mulieris
1232 595 1334 649 saneta

104 684 116 717 o
132 659 280 719 tlmulierl
295 676 400 729 magna
413 669 454 715 cst
464 658 609 726 fidestua;
631 672 689 715 non
744 666 786 714 est
799 657 858 715 lilia
872 659 945 731 ejus,
959 658 1000 717 ita
1012 666 1041 717 et
1056 662 1112 718 tide
1127 662 1332 720 catholicorum

100 733 194 791 vidisti
210 739 351 788 mortuum
373 730 552 795 suscitatum,
570 746 623 786 uec
647 730 689 786 le·
744 726 870 787 virorum
886 737 1001 803 peccata
1015 733 1141 805 parvulis
1159 735 1331 792 relaxentur.

100 821 216 879 prosum
230 803 408 873 mundatum,
425 819 518 930 nepus
532 803 690 874 Prophetas
744 802 798 858 Per
810 802 896 859 iidem
908 802 983 861 enim
995 805 1138 887 Ecclesiae,
1151 811 1180 864 et
1193 806 1332 864 confessi·

100 877 215 946 audisti,
231 894 282 933 nec
297 878 399 947 Legem
417 892 462 931 mc
483 879 554 930 nala
568 891 609 943 cs,
638 889 689 931 ne·
744 889 828 931 onem
852 891 902 932 seu
919 892 1132 947 responsionem
1149 877 1334 936 offerentium

100 967 155 1022 (pue
168 965 248 1006 mare
264 948 292 1003 in
310 945 497 1003 divisionibus
512 942 602 1002 scindi
617 942 689 1001 uui-
744 943 1334 1023 inbaptismoliberenturadaenroniopac·

101 1021 148 1090 sti,
160 1020 230 1076 nihil
243 1021 345 1075 trorum
358 1018 602 1090 contemplatam,
614 1015 691 1074 insu·
744 1017 813 1086 vuli,
854 1017 882 1074 ui
903 1022 1022 1077 necdum
1043 1038 1092 1092 per
1111 1039 1267 1096 senopem,
1288 1021 1334 1079 rel

102 1109 153 1165 per
165 1097 193 1148 et
208 1092 380 1162 despectaet
392 1096 553 1161 contempta
565 1104 691 1158 esame,
745 1033 953 1171 aliquiiagere
973 1099 1090 1163 possunt
1103 1090 1172 1151 boni
1187 1103 1237 1151 aut
1251 1091 1332 1151 meli.

103 1169 132 1220 ct
145 1178 202 1218 non
216 1160 371 1229 recessisti,
383 1161 433 1218 sed
447 1158 634 1234 perseverasti
644 1175 692 1234 pe·
744 1160 904 1232 dllegonce
917 1167 1024 1233 autem,
1034 1165 1187 1223 secuudum
1201 1167 1335 1223 eumdem

105 1231 692 1306 tendo;etquiamagnaestlldestua,co·
745 1234 1335 1302 Remigium,baecmuliertibenenaeesen·

104 1306 185 1390 piosa
196 1306 286 1362 cllusa
302 1312 345 1361 est
358 1304 460 1377 gratia.
477 1306 510 1361 lit
523 1309 623 1362 sanata
636 1308 691 1374 cst,
746 1309 821 1361 ctam
842 1304 997 1363 Ecclesiam
1019 1307 1122 1380 signat,
1140 1308 1176 1366 de
1197 1308 1336 1367 Gentibus

105 1377 209 1449 inquit,
226 1377 286 1433 lilia
297 1378 357 1449 ejus
380 1392 413 1434 rix
431 1374 480 1433 illa
492 1376 574 1444 hura,
585 1393 642 1433 nou
659 1391 691 1431 ex
746 1379 959 1448 congregatam.
990 1378 1045 1436 Per
1072 1380 1125 1437 hoc
1153 1380 1228 1437 enim
1256 1379 1334 1453 quod

106 1466 161 1522 qua
176 1448 253 1505 venit
271 1454 361 1505 mater
376 1448 405 1505 in
426 1448 542 1505 domum
556 1449 628 1520 ejus,
640 1444 691 1504 sed
746 1448 895 1515 Dominus,
915 1449 1021 1506 relictis
1045 1451 1152 1509 Scribis
1179 1457 1207 1510 et
1234 1451 1335 1509 Phari·

105 1538 137 1578 cr
154 1536 209 1592 qua
224 1520 335 1577 Domini
351 1536 445 1577 sermo
461 1516 609 1593 processit.
628 1544 641 1567 »
658 1518 691 1574 lit
746 1519 821 1589 saeis,
838 1518 958 1577 venitin
975 1526 1071 1603 partes
1085 1523 1150 1596 Tyri
1165 1530 1194 1581 et
1208 1523 1335 1596 Sidonis,

105 1589 223 1649 iterum:
238 1613 252 1643 α
268 1593 457 1648 Chananecm
469 1590 617 1647 mulierem
633 1605 692 1646 ma·
746 1592 839 1663 signat
852 1591 919 1663 quia
929 1591 1080 1652 relicturus
1090 1600 1153 1652 eret
1164 1597 1291 1666 iudoeos,
1301 1610 1335 1655 ac

103 1680 158 1735 gno
186 1663 261 1720 dono
286 1662 433 1734 impletam
450 1661 572 1720 remisit.
591 1662 621 1718 ln
635 1661 691 1719 hoc
746 1661 917 1721 transiturus
926 1664 963 1721 ed
975 1666 1089 1725 Gentes.
1101 1669 1152 1724 Est
1164 1675 1260 1726 eutem
1274 1670 1337 1726 lenc

105 1734 253 1792 evidenter
285 1735 420 1805 ostendit,
449 1730 589 1807 quoniam
615 1736 691 1791 Deus
745 1732 849 1792 muller
870 1751 1023 1807 egressae
1048 1738 1155 1797 deibus
1176 1743 1246 1809 suis,
1267 1740 1337 1823 quis

103 1806 189 1864 ctiam
200 1807 248 1863 illa
261 1820 323 1889 quae
336 1806 418 1864 uobis
431 1812 530 1877 perata
542 1822 600 1863 non
612 1808 689 1876 sunt,
747 1812 845 1864 sancte
873 1807 999 1867 Ecclesia
1024 1811 1143 1867 recessit
1166 1828 1184 1868 e
1206 1811 1336 1884 pristinis

107 1880 176 1935 dare
200 1885 301 1950 possit,
316 1877 340 1935 si
355 1878 550 1936 vehementius
564 1874 690 1952 postule·
747 1879 895 1935 erroribus
907 1885 935 1935 et
948 1879 1034 1938 vitiis.
1051 1884 1142 1954 Rogat
1155 1899 1270 1955 quoque
1282 1900 1334 1955 pro

107 1957 153 2007 tur
171 1966 178 2005 :
195 1953 256 2007 Non
270 1957 323 2019 est,
338 1949 441 2023 inquit,
468 1952 576 2009 bonum
590 1949 692 2007 tollere
747 1947 818 2017 lilia,
832 1947 862 2006 id
878 1954 922 2007 est
939 1967 991 2023 pro
1014 1956 1119 2025 populo
1140 1970 1193 2011 suo
1208 1955 1336 2013 nonduin

107 2038 210 2095 panem
226 2021 351 2078 illiorum
370 2028 398 2079 ct
413 2022 481 2080 dare
496 2020 639 2088 canibus;
664 2022 693 2077 et
748 2021 893 2091 credente,
919 2028 951 2079 ut
976 2030 1004 2080 et
1030 2023 1083 2096 ipsi
1110 2026 1336 2085 absolventure

106 2101 202 2151 tamen
223 2093 312 2161 dedit,
342 2093 410 2165 quia
437 2094 486 2153 illa
508 2094 695 2149 vehementer
748 2092 895 2150 fraudibus
914 2093 1030 2152 diaboli.
1049 2097 1093 2166 Et,
1114 2096 1137 2153 si
1157 2098 1194 2154 ed
1215 2098 1337 2170 primam

106 2166 210 2237 eregit.
224 2166 443 2224 ludaeisaeroo
465 2165 583 2239 regione
612 2180 693 2221 mon·
748 2165 912 2239 petitionem
924 2166 1056 2224 Ecclesiae
1066 2168 1202 2227 Dominus
1212 2173 1335 2228 salutem

109 2237 219 2302 stravit,
232 2239 300 2308 quia
323 2236 475 2295 desidiosis
489 2254 542 2295 nec
566 2235 616 2293 illa
634 2232 694 2307 qui-
748 2237 852 2294 animae
864 2236 1049 2309 dill'ertdare,
1060 2256 1117 2297 non
1128 2248 1170 2297 est
1181 2244 1333 2314 desperau-

108 2311 172 2367 dem
188 2307 306 2378 tribuat,
327 2325 392 2381 quae
411 2310 452 2367 eis
477 2310 592 2367 lucrant
620 2323 694 2380 prae·
749 2309 828 2376 dum,
842 2309 886 2365 vel
905 2326 922 2365 a
943 2313 1065 2439 petendo
1085 2315 1269 2383 cessandum3
1284 2313 1335 2371 sed

110 2379 352 2464 paralaltenique
367 2380 408 2437 illi
423 2380 496 2439 nilril
512 2381 694 2452 acceperunt,
749 2382 839 2451 magis
862 2384 941 2454 preci
963 2399 996 2439 us
1018 2383 1217 2455 insistendum,
1241 2392 1270 2442 et
1295 2385 1333 2443 ad

108 2470 166 2510 imo
193 2453 278 2509 etiarn
302 2452 419 2525 propria
437 2453 635 2526 perdiderunt.
662 2452 696 2506 Et
751 2453 850 2521 Deum,
867 2459 897 2509 et
920 2454 955 2509 ad
979 2456 1099 2513 Sanctus
1117 2458 1334 2528 recurrendum,

110 2525 184 2592 ideo,
214 2523 281 2594 quia
308 2524 425 2582 minime
449 2524 634 2598 quaesierunt,
659 2538 696 2579 ne
749 2529 854 2581 cttunc
866 2524 1030 2596 perficietur
1044 2527 1187 2598 oratio,ut
1198 2536 1335 2601 sequetur

110 2612 161 2653 sua
189 2596 303 2667 quidem
331 2603 515 2668 acceperunt3
541 2594 591 2652 illa
609 2610 695 2677 ⁸uero,
750 2596 879 2661 ellectus,
893 2601 1153 2682 quantumcumque
1167 2601 1253 2658 luerit
1266 2602 1337 2659 Che·

110 2667 176 2740 quia
188 2668 374 2725 vehementer
389 2668 519 2727 incubuit
532 2668 696 2736 vendicare,
750 2683 878 2735 nausees,
902 2669 1033 2738 Gentilrs,
1056 2687 1135 2728 cenis
1158 2678 1186 2729 et
1211 2671 1336 2730 immun·

110 2744 138 2796 ct
160 2754 220 2795 rem
245 2739 370 2796 illiorum
396 2739 616 2812 accepitcanis;
632 2742 696 2794 tan-
750 2739 813 2796 dus.
846 2738 945 2795 llerito
973 2748 1068 2799 eutem
1102 2759 1205 2817 magne
1234 2744 1337 2802 «licitur

1 2826 4 2835 ·
111 2816 170 2867 lum
197 2809 301 2882 quippe
317 2813 424 2869 bonum
440 2819 484 2870 est
501 2811 575 2869 tides
596 2809 697 2867 sedula
750 2812 823 2868 tides
835 2810 967 2868 Ecclesiae
981 2814 1015 2870 de
1031 2814 1180 2885 Gentibus,
1193 2815 1338 2888 quiscum

113 2890 140 2941 et
155 2881 317 2955 deprecatio
333 2899 519 2955 perseverans
532 2883 539 2940 l
559 2903 572 2937 o
588 2881 623 2939 Et
643 2878 696 2938 ilc·
751 2884 855 2941 Gentes
869 2899 921 2939 nec
939 2886 1011 2958 Lege
1025 2886 1133 2943 luerint
1146 2887 1274 2957 imbutae,
1285 2900 1339 2945 nee

111 2970 195 3012 rum:
219 2955 289 3011 «Tu
314 2960 409 3012 aulem
434 2955 549 3014 intende
593 2952 697 3011 ualiler
751 2953 957 3026 Prophetarum
983 2957 1098 3015 vocibus
1125 2957 1280 3026 instructas,
1301 2958 1340 3017 ed

112 3022 283 3098 Apostololis
296 3026 378 3084 victis
394 3032 423 3085 et
445 3046 502 3086 non
524 2970 696 3107 periclenti·
750 3026 983 3109 predicationem
1003 3045 1067 3085 mos
1081 3033 1292 3103 Apostolorum,
1308 3029 1339 3088 in

113 3100 175 3161 bus.
190 3097 251 3170 ipsa
263 3098 374 3170 perlicit
387 3107 463 3168 ;tem
478 3115 612 3171 magnum
629 3095 697 3170 quid
752 3098 847 3156 auditu
861 3116 920 3155 ons
931 3099 1113 3169 obedierunt;
1130 3102 1252 3176 ideoque
1265 3103 1340 3161 selu-

115 3174 158 3226 est
185 3168 319 3227 instantia
340 3171 495 3229 orationis!
515 3170 624 3227 Etenim
666 3183 697 3224 ro
752 3175 810 3227 tcnr
827 3169 983 3241 impetrare
999 3180 1174 3229 meruerunt.

116 3241 221 3298 nostris
234 3240 324 3298 noxiis
337 3258 355 3299 e
368 3243 450 3300 nobis
465 3243 524 3299 vult
539 3241 630 3313 magis
643 3184 699 3296 Bo·
788 3264 805 3314 9
819 3243 988 3310 ltlonsurren,
1005 3259 1077 3298 rnn
1091 3261 1153 3300 saus
1168 3262 1216 3301 ssr
1230 3262 1338 3309 onmi-

114 3312 207 3370 minus
225 3312 331 3384 rogeri,
349 3329 434 3385 quarn
449 3314 485 3371 ab
502 3313 565 3371 aliis
579 3328 631 3387 pro
648 3326 699 3367 no·
753 3328 988 3392 nnrcouscresne
1001 3330 1131 3370 concurs.
1148 3318 1338 3374 -tloraliter

115 3385 158 3443 bis
175 3401 182 3442 :
200 3406 213 3437 a
229 3384 290 3441 haec
304 3386 520 3455 ctrysostomue.
755 3383 921 3464 autemllilre
936 3388 978 3439 est
989 3386 1095 3454 anima,
1106 3387 1149 3441 vel
1165 3387 1341 3446 conscientie

150 3478 166 3530 7
193 3456 277 3514 Sruou
305 3472 338 3512 nr
364 3474 483 3514 carrena
508 3472 582 3514 esus.
600 3485 635 3497 -
658 3453 700 3509 De
755 3454 917 3526 cujuslibet,
943 3456 1020 3512 intre
1044 3456 1199 3515 Ecclesiam
1226 3459 1340 3517 diabolo

116 3529 234 3601 Sarepta
259 3529 296 3584 ad
321 3528 391 3585 duas
416 3528 513 3586 leucas
541 3533 585 3584 est
610 3523 700 3584 Sidon
756 3524 935 3598 mancipata;
955 3541 1007 3598 pro
1032 3543 1089 3600 qua
1105 3535 1197 3587 mater
1215 3531 1342 3590 Ecclesia

116 3601 225 3669 civitas,
241 3605 308 3656 ante
322 3600 402 3673 cujus
416 3606 528 3671 portam
540 3596 701 3656 ostenditur
756 3601 829 3667 orel,
845 3597 889 3654 rel
904 3597 964 3669 ipse
979 3599 1065 3655 homo
1083 3616 1136 3727 pro
1151 3602 1257 3660 loedata
1273 3616 1341 3659 con·

116 3687 174 3729 una
193 3670 311 3743 capelle,
327 3669 356 3728 in
372 3674 433 3729 loco
452 3671 501 3729 ubi
522 3673 632 3728 loeutus
657 3671 700 3727 est
755 3668 883 3728 scientia.
896 3669 975 3727 Unde
988 3669 1080 3729 eitlto
1100 3689 1170 3729 anus
1182 3693 1219 3729 :a
1238 3674 1342 3747 Siquis

116 3738 702 3815 DominusChananaeae,etdeindesanarit
756 3738 959 3799 conscientiam
974 3743 1060 3800 babet
1074 3744 1194 3818 alicujus
1206 3745 1269 3802 vitii
1284 3760 1344 3803 sor·

117 3814 206 3872 liliam
214 3814 447 3898 clusionaquae
456 3814 534 3873 ducit
542 3816 702 3872 Caesaream
755 3815 791 3871 de
807 3812 954 3886 pollutam,
964 3813 1053 3872 tiliam
1068 3817 1184 3875 habete
1198 3818 1342 3876 daemonio

118 3885 241 3959 Philippi
255 3887 283 3943 in
298 3891 441 3945 lturaearn.
756 3892 894 3944 vexatam.
909 3887 953 3949 Et,
970 3888 993 3942 si
1008 3886 1072 3959 quis
1084 3891 1158 3945 bone
1168 3905 1232 3961 qun
1245 3888 1344 3960 gessit,

154 3962 170 4013 a
185 3964 355 4015 Accsoonrce
371 3978 470 4017 senten
487 3960 642 4017 Cnanasea
654 3973 703 4013 ssr
776 3963 938 4015 eccatorurn
947 3964 1030 4039 peste
1044 3960 1170 4028 ioedant,
1187 3960 1276 4017 liliam
1291 3962 1342 4018 be·

119 4032 248 4087 Ecccesra
261 4048 294 4086 ne
307 4034 455 4090 tiesrruus.
470 4064 505 4073 —
518 4029 595 4088 Sicut
608 4033 703 4085 autern
756 3974 804 4085 iet
815 4029 954 4086 immundi
968 4029 1085 4100 spiritus
1099 4031 1180 4087 iuriis
1192 4033 1342 4104 agitatam.

118 4102 190 4159 lldes
200 4106 300 4159 matris
312 4112 481 4173 cooperatur
493 4101 570 4168 tiliae,
582 4103 623 4157 sic
633 4098 704 4181 fides
758 4102 881 4172 ideoque
896 4117 1012 4158 necesse
1027 4111 1080 4170 est,
1097 4109 1127 4159 ut
1141 4104 1177 4159 ad
1192 4120 1291 4176 preces
1306 4104 1346 4163 ls-

119 4174 251 4231 Ecclesiae
269 4174 404 4247 parvulis,
419 4176 468 4248 qui
480 4173 657 4247 baptizentur
673 4187 705 4228 ur
758 4188 925 4254 crymasque
944 4172 1098 4244 confugiat,
1117 4176 1344 4250 Seuctorumque

120 4247 181 4318 eius
191 4247 258 4303 lide.
272 4248 360 4315 Unde,
370 4248 525 4305 secundum
537 4244 703 4313 Remigium,
758 4243 986 4313 intercessiones,
1010 4250 1038 4301 et
1059 4245 1164 4303 auxilia
1186 4254 1306 4320 quaeral.
1329 4268 1344 4304 b

121 4317 205 4376 datur
218 4317 266 4376 hic
282 4318 443 4393 exemplum
459 4314 663 4389 catechizandi,
677 4320 706 4372 et
760 4317 839 4373 Unde
856 4320 884 4372 et
901 4316 1107 4386 chrysostomus
1125 4336 1133 4374 :
1153 4320 1311 4392 «inritare,
1328 4336 1346 4379 o
