2880 4942
191 341 229 393 llll
257 340 409 401 obarbblt
436 339 479 392 ab
506 340 645 406 lunula,
674 341 714 393 lii
741 341 864 396 llllllUS
892 343 934 394 llll
962 341 1084 396 blsclt’.
1111 342 1230 397 Plblb.
1288 342 1331 395 tlt

104 447 211 503 tionem
226 445 314 501 seculi
331 451 360 500 et
373 445 447 500 illem
457 443 579 516 judicii3
595 451 624 501 et
635 445 690 502 lroc

104 525 147 575 est
173 517 388 587 intelligendum
413 516 448 572 be
475 515 599 588 illisqui
631 532 689 572 non

104 595 173 646 sunt
186 588 289 645 notorii
303 604 396 659 neque
409 586 579 659 pertinaces,
596 604 689 660 neque

104 677 155 731 per
173 676 222 717 eos
239 660 368 717 imminet
382 659 540 715 universale
554 659 688 716 damnum

103 732 243 789 Ecclesiae.
260 733 309 786 llic
325 732 409 788 datur
422 731 596 802 paenitentiae
608 731 689 788 loeus

104 802 688 874 ctdiscretionisexcmplum.lnboeenim

104 891 261 944 monemur,
282 891 318 931 ne
349 875 525 931 occultorum
551 875 689 945 judicium

104 947 185 1003 nobis
201 961 388 1017 usurpemus3
405 945 455 1002 sed
476 947 535 1001 lieo
558 946 628 1003 illud
642 962 691 1002 re-

102 1034 260 1080 servemus,
273 1019 320 1088 qui
333 1016 599 1088 tribuetunicnique
610 1018 692 1090 juxta

103 1105 192 1160 opera
210 1104 271 1147 sua.
292 1090 348 1144 Nee
365 1087 440 1143 istud
456 1093 498 1143 est
515 1090 692 1145 contrarium

105 1160 251 1229 Apostolo,
267 1158 317 1230 qui
330 1160 370 1214 ait
384 1179 393 1214 ε
408 1159 526 1227 Auferte
540 1162 644 1215 molum
657 1177 692 1216 ea

106 1231 265 1311 vobisipsis,
281 1231 348 1357 guia
374 1231 428 1286 lrec
449 1231 555 1286 dictum
578 1232 691 1287 Domini

106 1301 275 1373 intelligitur
303 1318 318 1357 e
334 1301 491 1373 ambiguis;
509 1302 580 1358 illud
596 1310 691 1359 autem

104 1373 285 1441 Apostoliile
300 1372 466 1430 manifestis.
481 1374 532 1428 llic
545 1374 631 1429 etiam
646 1375 690 1430 in-

107 1444 206 1499 nuitur
221 1444 317 1500 divina
331 1444 491 1516 benignitas
507 1450 535 1500 et
552 1444 691 1516 patientia

104 1514 274 1571 dilationis:
301 1515 422 1571 sustinet
445 1517 522 1572 enim
548 1517 691 1587 patienter

104 1586 200 1642 divina
214 1587 364 1643 elementia
375 1586 494 1643 zizanias
506 1603 571 1643 cnm
581 1589 688 1656 tritico,

102 1658 157 1713 hoc
177 1663 220 1713 est
245 1659 335 1714 malos
360 1675 424 1715 cum
441 1659 531 1716 bonis.
562 1656 690 1717 Sustinet

102 1734 200 1785 autern
227 1746 274 1785 eos
290 1730 381 1786 tribus
396 1731 431 1787 de
451 1731 543 1786 causis
559 1749 567 1786 :
584 1732 687 1802 prima,

103 1806 145 1868 ut,
156 1801 179 1856 si
193 1801 289 1872 velint,
306 1808 519 1871 convertantur,
532 1808 560 1858 et
575 1818 625 1873 per
639 1803 689 1859 bo·

103 1887 156 1926 nos
184 1872 374 1943 adinventum
400 1873 536 1941 secunda,
566 1879 595 1929 ut
620 1873 689 1946 justi

103 1942 257 2013 plurimum
283 1946 341 2000 Dee
369 1946 587 2015 regrati'entur,
613 1945 690 2016 quod

102 2014 187 2070 electi
201 2021 276 2085 sunt,
295 2032 346 2087 per
363 2016 495 2087 gratiam,
511 2015 546 2072 de
570 2031 690 2072 numero

105 2088 297 2157 pereuntium,
312 2095 341 2143 et
354 2103 453 2144 eorum
467 2088 689 2158 comparatione,

104 2157 168 2228 plus
191 2159 321 2215 nitantur
340 2161 376 2215 ad
404 2160 531 2229 bonum,
550 2160 642 2227 tertia,
661 2165 691 2214 ut

104 2228 189 2285 bonis
212 2230 374 2301 proficiant,
396 2238 424 2288 et
449 2232 489 2287 eis
515 2231 616 2287 merita
639 2245 691 2286 sua

102 2306 251 2373 augeant:
268 2301 502 2374 prosuntetenim
518 2303 585 2358 mali
609 2301 690 2359 bonis

103 2374 264 2454 purgando,
282 2373 343 2430 utsi
358 2376 513 2446 quaestio
528 2375 569 2431 eis
580 2374 688 2445 [receati

103 2444 216 2515 rubigo
237 2445 421 2514 eliminetnr3
440 2445 631 2513 exercitando,
658 2451 689 2501 ut

103 2515 193 2571 virtus
212 2517 241 2571 in
263 2517 344 2573 bonis
364 2519 455 2574 latens
472 2517 687 2586 manilestctur3

102 2603 137 2644 ac
152 2587 337 2658 stimulando,
353 2596 384 2645 ut
399 2589 481 2645 electi
501 2587 530 2643 in
545 2587 590 2643 via
607 2589 689 2658 hujus

102 2660 193 2715 exsilii
213 2676 312 2731 segnes
328 2677 387 2716 non
402 2660 573 2730 eliciantur,
588 2659 637 2714 sed
652 2659 688 2714 ad

102 2730 227 2801 patriam
240 2748 322 2788 suam
334 2733 468 2788 festinent
480 2749 486 2800 ;
500 2739 529 2787 et
549 2747 687 2787 coronan-

101 2802 150 2872 do,
169 2803 236 2874 quia
251 2805 318 2859 durii
334 2803 531 2859 tribulationes
541 2803 624 2876 justis
644 2803 687 2858 in·

100 2882 216 2946 gerunt,
241 2876 349 2945 lapides
369 2876 507 2946 pretiosos
533 2876 562 2931 in
582 2890 688 2930 corona

101 2945 225 3002 coelestis
250 2949 349 3019 gloria>
374 2951 529 3019 apponunt.
554 2948 688 3004 Serviunt

102 3033 173 3089 erge
188 3017 254 3074 muli
272 3020 364 3089 bonis,
381 3020 522 3090 predictis
537 3018 643 3088 modis;
660 3021 688 3074 ct

101 3088 168 3144 itleo
185 3091 388 3159 permittuntur
400 3094 495 3148 vivero
508 3106 572 3147 cum
587 3091 638 3146 eis.

138 3162 237 3229 bourn
257 3180 323 3218 seur
341 3181 443 3220 rnurcs
459 3181 561 3231 uussrs,
588 3177 687 3217 nesse·

100 3250 163 3301 nes,
174 3251 308 3290 nascimur
319 3253 442 3291 incisim
456 3249 686 3290 praesenseram

99 3307 219 3363 rnrrrcrl
234 3338 266 3347 -
282 3309 389 3363 lloiule
405 3308 542 3362 lloininus
563 3307 685 3376 snbjun-

123 3379 146 3434 it
162 3395 168 3433 :
182 3381 218 3435 lit
232 3380 262 3434 in
282 3384 400 3450 tempore
419 3380 525 3446 messis,
542 3377 569 3431 iu
584 3381 627 3432 est
639 3375 687 3445 ju-

101 3395 170 3507 iicii
182 3457 210 3505 ct
221 3449 313 3505 finalis
323 3448 585 3512 consummationis
595 3447 687 3500 (licem

101 3522 276 3586 messoribus,
291 3522 400 3577 scilicet
411 3518 544 3591 Angelis:
562 3518 688 3585 colligite

99 3595 221 3666 pmmum
231 3596 354 3663 zizanio,
372 3593 400 3648 id
416 3598 457 3648 cst
471 3589 570 3658 males,
588 3603 688 3644 acon-

100 3666 189 3722 sortio
213 3665 353 3721 bonarum
379 3680 428 3720 cos
457 3661 642 3729 excludendo,
658 3665 687 3717 et

99 3737 156 3793 lroe
170 3737 264 3808 queail
278 3752 390 3809 poenam
403 3735 498 3792 damni
511 3734 633 3802 dicitur;
646 3749 687 3788 sc·

121 3809 198 3864 uitur
211 3824 293 3880 poena
305 3824 421 3865 sensus:
435 3811 471 3863 Et
482 3807 598 3876 alligate
611 3820 643 3860 eo
656 3806 685 3860 in

98 3823 249 3949 jasciculos
263 3882 300 3935 oct
318 3880 539 3943 comburendum,
554 3877 621 3949 quia
634 3877 686 3936 mi·

101 3950 686 4024 nisterieAngelorumseparabunturtnne

102 4024 171 4080 mali
185 4024 220 4080 de
230 4025 323 4080 medio
331 4025 483 4094 justornm,
495 4028 524 4078 et
536 4021 687 4077 mittentur

103 4096 133 4152 iu
159 4095 316 4160 internum,
348 4095 395 4168 qui
423 4095 548 4152 creditur
572 4109 632 4149 esse
656 4091 686 4148 in

102 4173 202 4224 centro
213 4173 309 4235 terrae,
323 4171 351 4223 et
373 4175 449 4223 terra
471 4166 594 4222 vallatus
606 4164 687 4220 undi-

101 4255 168 4310 que.
183 4239 217 4294 Et
231 4238 303 4295 bene
317 4239 402 4296 dicit:
417 4239 541 4308 Alligate
556 4252 587 4292 eo
600 4238 630 4291 ia
644 4237 687 4303 sn·

99 4310 297 4384 scicutos,non
312 4311 341 4368 in
357 4326 412 4368 nno
427 4310 512 4381 fasce,
523 4308 590 4382 quia
604 4323 688 4365 unus

744 447 862 518 quisque
883 446 1017 517 punietur
1036 462 1087 518 pre
1115 447 1199 504 modo
1215 462 1330 518 perver-

744 519 835 574 sitatis
850 534 921 586 suae,
942 524 970 574 et
988 518 1070 574 simul
1089 525 1174 575 erunt
1192 519 1330 575 immundi

745 606 809 646 cum
824 588 989 658 immundis,
1003 589 1095 662 gulosi
1121 606 1187 646 cnm
1212 592 1331 663 gulosis,

745 662 822 718 avari
838 676 903 717 cum
915 659 1017 731 avaris,
1028 661 1141 732 superbi
1152 677 1216 716 cum
1233 678 1333 731 super·

746 733 799 797 bis,
816 739 845 788 et
858 731 898 789 sic
911 732 960 789 alii
976 732 1013 788 im
1037 733 1056 788 ii
1074 749 1139 788 cunr
1154 733 1214 788 suis
1231 732 1331 789 simili-

746 805 815 873 bus;
832 809 862 860 ut
874 805 922 875 qui
934 802 1003 860 socii
1015 749 1130 861 inerunt
1143 803 1172 859 in
1187 803 1280 873 culpa,
1297 803 1333 860 si-

747 875 805 932 mul
816 881 1005 948 torqueantur
1015 875 1044 931 in
1057 891 1150 948 poena.
1162 875 1261 943 Quoail
1276 891 1333 946 poe-

746 964 814 1004 nam
830 964 942 1019 sensus,
970 955 1055 1004 erunt
1075 949 1170 1020 plures
1192 946 1330 1015 fasciculi,

747 1021 796 1076 scil
813 1036 884 1076 unus
899 1021 954 1075 crit
973 1019 1066 1145 (luead
1086 1034 1197 1089 prunam
1223 1016 1329 1074 damni.

749 1091 783 1146 Et
796 1091 947 1148 subditur:
963 1093 975 1147 l
995 1093 1071 1146 ierit
1085 1093 1173 1160 fletus,
1184 1091 1211 1146 iu
1226 1097 1268 1146 est
1283 1088 1332 1145 do·
1398 1149 1403 1159 ,

748 1162 792 1218 lor
809 1163 963 1218 vehemens
977 1178 1010 1218 ex
1028 1162 1142 1232 damno,
1159 1159 1267 1217 scilicet
1281 1176 1331 1231 pro

749 1235 877 1289 carentia
890 1233 1006 1289 visionis
1018 1232 1131 1303 divium,
1141 1238 1169 1288 ct
1182 1231 1333 1302 exponitur

749 1320 800 1375 pro
816 1305 930 1361 tristitia
942 1310 970 1360 ct
985 1304 1094 1374 dolore,
1108 1305 1175 1375 quia
1187 1304 1258 1358 lorte
1275 1318 1331 1358 non

748 1382 832 1431 erunt
855 1375 894 1432 ibi
925 1375 1086 1447 corporales
1123 1377 1281 1444 lacrymae;
1306 1379 1331 1430 et

747 1447 852 1503 stridor
865 1448 999 1516 dentium,
1018 1447 1046 1503 id
1063 1451 1104 1502 est
1122 1445 1212 1517 passio
1229 1461 1332 1517 urgens

747 1534 780 1573 ex
795 1534 877 1588 picena
888 1534 998 1587 sensus,
1014 1523 1044 1573 ct
1055 1524 1208 1583 tormento,
1222 1514 1330 1573 scilicet

745 1605 797 1661 pro
812 1605 958 1660 poenarum
978 1589 1143 1646 acerbitate.
1172 1590 1202 1644 ln
1223 1606 1279 1661 qiro
1292 1589 1329 1644 si·

745 1668 850 1733 gnatur
865 1661 968 1725 ‹luviler
984 1677 1068 1732 poena
1083 1661 1204 1718 interni:
1223 1676 1280 1716 urta
1295 1676 1328 1717 ox

745 1739 825 1803 parte
845 1734 958 1802 mentis,
981 1733 1090 1788 seilicet
1103 1733 1220 1788 tristitia
1243 1732 1329 1788 vebo·

746 1819 835 1872 mene,
850 1820 914 1876 quae
938 1804 1114 1876 significatur
1134 1821 1184 1874 per
1208 1805 1328 1872 lictum,

746 1881 775 1929 ct
790 1875 847 1931 alia
862 1880 988 1945 exparte
1009 1873 1145 1945 corporis,
1163 1891 1225 1945 qiam
1240 1875 1328 1943 signi·

746 1945 848 2001 fleatur
870 1963 921 2017 per
938 1946 1091 2001 stridorem
1108 1946 1247 2000 dentium.
1268 1945 1330 2012 Vel,

745 2018 835 2085 tetus,
849 2033 882 2072 ex
899 2017 994 2073 calore
1013 2017 1185 2072 dissolvente
1199 2033 1206 2084 ;
1224 2021 1249 2071 el
1264 2018 1331 2072 stri·

746 2088 797 2142 dor
808 2088 941 2155 dentium,
950 2087 1093 2159 eririgere
1109 2089 1329 2159 constringente.

746 2159 825 2215 Unde
840 2159 910 2216 Job:
921 2159 965 2214 Ab
979 2161 1061 2230 aquis
1072 2161 1187 2227 niviala,
1200 2159 1331 2215 trortsibt't

746 2231 784 2285 nil
798 2232 913 2286 colorem
926 2234 1052 2288 nimium.
1066 2230 1171 2286 Deinile
1187 2234 1328 2302 seqaiitur:

747 2304 879 2358 Triticum
896 2309 996 2368 autem,
1012 2303 1040 2359 id
1056 2308 1099 2358 est
1115 2302 1212 2359 fideles
1225 2309 1252 2358 et
1269 2302 1328 2360 ele·

745 2380 812 2443 ctos,
829 2376 877 2445 qui
897 2377 926 2431 in
941 2391 1008 2431 area
1032 2376 1115 2446 bujus
1141 2375 1238 2430 muudi
1263 2381 1329 2431 sunt

744 2446 867 2502 triturati
876 2447 1004 2519 llagellis,
1019 2446 1255 2502 alllietinniliusct
1269 2451 1328 2502 ten·

743 2516 896 2574 talionibus
910 2517 1005 2588 variis,
1016 2519 1093 2573 itaut
1107 2519 1136 2572 in
1151 2517 1189 2572 eis
1205 2519 1280 2572 nulla
1293 2518 1329 2573 sit

744 2590 825 2659 palca
840 2589 884 2643 vel
899 2588 1019 2656 macula,
1037 2594 1197 2656 congregate
1216 2590 1245 2642 in
1265 2589 1328 2643 bor·

744 2675 820 2714 reum
840 2676 938 2729 meum,
952 2659 1059 2715 scilicet
1080 2658 1234 2714 coelestium
1254 2674 1331 2714 man·

743 2729 865 2787 sinuum.
884 2734 920 2786 Et
936 2735 1000 2786 tune
1009 2731 1082 2800 justi
1094 2730 1241 2798 scalpebuat
1259 2732 1329 2785 sicut

744 2804 796 2868 sol,
813 2810 841 2859 ct
865 2803 919 2858 boc
943 2818 993 2874 per
1019 2803 1114 2858 dotem
1135 2800 1280 2870 claritatis,
1297 2817 1330 2858 ex

744 2874 835 2945 gloria
848 2873 950 2932 animae
967 2874 1003 2931 ail
1023 2890 1124 2945 cerpus
1142 2873 1327 2930 reduinlante.

745 2948 794 3002 Ubi
808 2948 1013 3016 Glirpsostomus
1029 2964 1036 3003 :
1054 2969 1068 2998 (ι
1084 2948 1144 3002 Non
1158 2948 1224 3017 quia
1239 2946 1276 3002 ita
1287 2961 1330 3002 sn·

744 3018 802 3074 lum
828 3020 902 3075 sicut
919 3020 971 3091 sol,
991 3020 1041 3076 sed
1069 3019 1137 3090 qnia
1165 3019 1216 3073 bec
1236 3018 1329 3073 sidcrc

743 3091 819 3145 aliuil
831 3093 919 3164 magis
927 3091 1101 3147 luculentum
1110 3105 1166 3145 uon
1177 3090 1327 3155 noscimus,

743 3163 861 3233 cognitis
874 3162 953 3218 nobis
965 3164 1052 3218 utitur
1067 3162 1220 3230 exemplis:
1238 3180 1251 3212 a
1266 3161 1328 3216 haec

743 3235 958 3302 chrysostomus.
970 3235 1156 3302 comparatur
1170 3236 1263 3287 autem
1272 3232 1329 3302 gle-

742 3305 785 3359 ria
800 3307 941 3374 justorum
951 3304 1014 3372 seli,
1027 3304 1146 3358 maxime
1157 3302 1249 3372 quaml
1259 3304 1329 3370 ipse-

743 3390 806 3429 rum
836 3389 947 3444 corpuS,
970 3375 1036 3444 quia
1055 3374 1150 3428 anima
1172 3371 1330 3441 glorificata

743 3445 832 3500 multo
848 3445 993 3514 pulclrrior
1007 3444 1062 3500 crit
1076 3441 1135 3499 sole
1162 3443 1193 3496 lu
1206 3441 1265 3496 sole
1281 3457 1328 3497 au·

742 3518 800 3571 tem
814 3522 936 3587 quatuor
945 3515 1024 3571 dotes
1035 3512 1162 3583 corperis
1177 3511 1328 3585 glorificati

742 3593 887 3657 notantur,
909 3585 1016 3643 scilicet
1037 3605 1045 3642 :
1066 3586 1189 3655 claritas,
1216 3584 1282 3656 qiua
1298 3588 1327 3640 in

743 3659 880 3716 creaturis
905 3658 1085 3715 interioribus
1110 3657 1178 3714 nibil
1203 3657 1261 3712 sole
1288 3664 1329 3714 est

742 3731 859 3802 clarius;
872 3731 993 3805 agilitas,
1003 3731 1069 3803 qnia
1079 3730 1174 3786 exiens
1184 3729 1218 3786 ab
1231 3729 1328 3786 Orien·

742 3811 778 3874 tc,
795 3805 889 3861 statim
903 3809 1020 3875 apparet
1032 3804 1061 3859 in
1075 3802 1243 3872 Occidente,
1260 3801 1328 3857 sub·

742 3877 838 3948 tilitas,
860 3875 926 3948 quia
947 3876 1047 3932 transit
1062 3891 1112 3947 per
1126 3876 1230 3954 vitrum
1257 3873 1329 3953 illm·

741 3965 803 4006 sum
816 3965 823 4018 3
836 3946 1056 4019 impassibilitas,
1076 3947 1143 4018 quia
1160 3946 1256 4001 radius
1269 3958 1331 4013 ejus

742 4037 798 4077 non
812 4020 936 4088 laeditur,
955 4035 1007 4076 nec
1021 4019 1188 4074 maculatur.
1212 4016 1244 4068 Et
1260 4013 1328 4069 sub·

742 4092 840 4148 ditur:
860 4095 892 4149 ln
914 4106 996 4160 regno
1013 4091 1106 4145 Petris
1120 4101 1235 4142 eoruru:
1259 4099 1328 4155 ergo

742 4170 886 4235 tamquam
903 4162 953 4218 filil
969 4161 1053 4231 Regis
1067 4159 1202 4227 accipiant
1216 4171 1329 4223 regnum

742 4235 846 4290 decoris
850 4275 916 4292 ......
933 4234 954 4290 O
970 4247 1053 4303 qoem
1068 4230 1216 4298 gloriosum
1231 4230 1270 4281 est
1284 4242 1330 4282 re·

742 4309 846 4377 gnum!
868 4306 897 4363 in
918 4319 974 4377 quo
988 4307 1087 4359 sancta
1112 4299 1243 4370 societas,
1263 4299 1329 4371 quia
