2880 4942
206 326 246 379 lii*
274 322 485 378 li'nl'icrioii'l
513 326 667 386 ttt’iliolt
694 327 840 383 ilitilttll
868 328 1029 381 lloillii't'li.
1209 330 1253 380 333

16 433 98 493 enirn
125 432 299 502 ministerio,
317 438 344 489 et
366 433 399 489 llt
420 432 555 489 adductio
574 435 610 492 ad

16 506 118 575 fldem,
150 509 179 562 et
207 505 312 562 solutio
348 505 385 560 ad
421 504 610 563 reconciliiti-

15 592 117 645 onem,
138 585 166 633 et
180 575 343 633 distributio
359 575 396 633 ad
416 575 609 635 relectionem.

17 648 104 708 Dedit
120 647 195 705 euim
211 664 312 721 panes,
328 647 395 719 quia
409 662 491 718 panis
509 653 552 704 est
565 648 611 706 ci-

16 720 75 780 bus
111 736 147 777 uo
168 725 344 777 sustentatur
361 719 435 785 vita;
457 718 548 791 pisces
563 737 610 778 ie·

16 736 611 860 mdeditincondimentumcibi,adosteu·

19 861 612 993 deudumquodRaniierbiaddendumest

20 934 233 993 eondimeutum
262 934 311 991 oni
323 934 459 1005 exempli,
474 936 563 1007 magis
574 941 613 993 et·

20 1005 100 1065 euim
115 1006 237 1063 suadent
250 1022 349 1078 opera,
364 1021 451 1077 quani
468 1008 564 1064 verba.
579 1011 611 1064 lit

20 1076 365 1151 discipuli-apposuerunt
384 1078 487 1147 turbae,
508 1077 537 1134 in
556 1095 612 1151 qua

23 1148 204 1222 appositione
219 1155 368 1207 creverunt
378 1164 434 1276 ger
453 1165 534 1206 noiae
550 1167 612 1207 ma·

22 1224 106 1278 tertie
119 1219 303 1290 creationem,
317 1227 376 1277 eta
411 1219 474 1276 illos
490 1221 612 1278 additio·

23 1308 108 1357 uem:
131 1308 188 1348 nou
205 1291 281 1349 enim
301 1298 451 1349 creverunt
465 1308 517 1365 per
533 1309 607 1350 rare·

23 1362 190 1432 factionem,
205 1363 272 1435 quia
287 1370 355 1421 tunc
373 1379 478 1436 corpus
500 1363 613 1423 illorum

23 1432 126 1495 luisset
140 1435 271 1493 subtilius
285 1442 371 1507 atque
386 1435 478 1492 rarius
495 1452 613 1508 corpore

24 1505 160 1565 eliorum.
181 1506 261 1564 Unde
279 1510 455 1576 dopositum
474 1526 483 1563 ε
505 1527 519 1561 «
540 1508 614 1565 Nihil

23 1578 180 1638 absurdius
210 1594 296 1650 quam
323 1577 429 1648 dicere,
455 1580 532 1650 quod
556 1580 615 1637 ali-

23 1650 93 1725 quid
122 1657 232 1708 crescat
256 1650 335 1708 nullo
355 1651 557 1722 superaddito,
587 1657 615 1709 et

25 1737 85 1780 uon
104 1726 273 1779 rarescat.»
303 1722 474 1780 Studeamus
490 1740 558 1797 ergo
587 1729 616 1781 et

25 1800 234 1920 uosacceXtum
245 1809 348 1868 panem
363 1792 613 1861 diriniescientiae‚

24 1880 146 1939 perprae
168 1864 321 1922 irationem
335 1864 398 1922 aliis
409 1881 615 1938 apponere;ue

63 1945 219 1993 inostram
239 1936 443 2011 negligentiam
458 1938 488 1994 in
506 1937 552 1995 iia
564 1939 614 1996 de·

51 2009 141 2077 ciant,
167 2014 195 2065 et
219 2009 295 2066 lame
322 2015 448 2081 pereant.
479 2009 615 2068 Conversi

26 2094 152 2150 namque
167 2087 332 2162 peccatores
340 2080 370 2137 iii
385 2081 534 2154 praesentis
551 2082 616 2139 ritae

25 2151 75 2209 via
93 2151 241 2221 deliciunt,
261 2151 285 2209 si
310 2152 340 2209 in
371 2169 423 2210 sua
442 2154 617 2210 conscientia

23 2221 90 2280 siue
106 2222 242 2281 doctrinae
258 2224 363 2296 pabulo
383 2224 474 2296 jejuni
489 2231 518 2282 et
536 2225 615 2282 iacui

24 2292 219 2353 dimittantur.
240 2298 280 2352 Ne
307 2295 394 2368 igitur
419 2297 561 2354 lassentur
586 2296 616 2353 in

23 2364 113 2437 hujus
127 2366 368 2439 peregrinationis
378 2367 490 2439 itinere,
500 2384 617 2441 pascen-

23 2435 57 2495 di
72 2443 140 2494 sunt
154 2453 236 2495 sacra
250 2439 457 2498 admonitione.

63 2509 237 2582 7Disciiario
256 2528 339 2568 auius
353 2530 478 2569 uinicuni
493 2531 511 2568 i
526 2530 616 2568 cousi·

23 2596 84 2637 iiim
94 2597 227 2638 iiiuscuco
235 2599 306 2639 mini
317 2601 410 2640 ricco.
421 2616 456 2625 —
468 2586 526 2641 lloc
537 2600 616 2652 iero,

24 2649 107 2710 inter
120 2652 195 2710 banc
218 2654 413 2724 relectionem,
428 2662 457 2713 et
483 2655 560 2712 illam
580 2655 616 2712 de

65 2722 153 2796 inque
171 2725 293 2798 panibus
312 2732 341 2783 et
359 2727 471 2785 duobus
491 2726 615 2798 piscibus

39 2794 122 2878 istst,
146 2796 281 2867 quodibi
307 2813 358 2880 per
396 2798 501 2869 uirique
526 2813 616 2870 panes

21 2866 206 2938 significatur
228 2869 359 2926 doctrina
407 2869 494 2927 eteris
515 2871 614 2927 Testa·

23 2936 127 3007 menti,
141 2940 296 2997 secundum
307 2940 430 3012 quinque
443 2941 532 2998 libros
545 2944 616 3014 bloy-

667 434 713 491 liae
728 434 868 506 praebent,
889 434 1104 507 doctrinamque
1119 431 1187 492 ltoit
1203 436 1256 491 Te·

667 508 800 563 stamenti
820 512 965 576 tamquam
985 505 1251 578 paneincondiunt3

666 594 787 649 quorum
803 577 862 649 ipsa
877 578 1024 648 Scriptura
1039 577 1137 646 tidem,
1156 577 1253 644 vitain,

666 654 694 706 et
715 648 861 721 passiones
885 650 1021 716 continet,
1049 648 1096 730 qui
1117 649 1252 705 dicuntur

665 720 804 794 pisciculi,
831 727 946 793 propter
966 720 1174 789 bumilitatem3
1201 720 1252 777 sed

666 792 760 865 pauci,
780 798 897 865 propter
920 791 1135 864 perlectionem,
1159 791 1252 864 quia:

666 866 819 922 scotorum
841 866 969 936 infinitus
987 870 1027 920 est
1044 879 1182 928 numeror,
1201 868 1230 919 et
1245 879 1253 918 ε

666 938 751 992 uuiti
760 941 824 991 sunt
834 939 934 999 uocati,
963 939 1099 992 oacivero
1111 936 1197 991 electi.
1213 935 1253 991 lbi

667 1023 753 1080 super
767 1008 886 1075 lienum,
902 1023 931 1064 se
966 1006 1013 1065 bic
1029 1024 1084 1064 nou
1096 1008 1157 1079 jani
1170 1022 1256 1078 super

667 1078 1255 1151 ioenum,sedsuperterraindiscumbuut:

666 1150 702 1207 ad
715 1151 923 1208 ostendendum
942 1152 1019 1222 quod
1034 1149 1063 1206 in
1077 1150 1170 1207 Veteri
1183 1151 1256 1222 Lege

667 1226 783 1278 terrena
797 1224 1048 1295 promittebantur,
1066 1221 1162 1278 sedin
1179 1223 1257 1277 ltova

667 1294 741 1366 Lege
756 1294 804 1350 illa
830 1293 972 1350 contemni
990 1301 1018 1350 et
1036 1291 1182 1365 subiugari
1200 1292 1257 1348 do-

669 1373 778 1434 centur,
794 1364 860 1436 quia
875 1370 999 1422 coniirae
1010 1366 1078 1422 Novi
1091 1367 1256 1422 Testamen-

669 1436 701 1506 ti,
716 1436 830 1494 diiitias
841 1442 869 1493 ct
880 1436 1009 1506 delicias,
1019 1454 1053 1494 ac
1067 1435 1152 1494 etiarn
1165 1436 1256 1508 ipsam

670 1524 795 1577 carnem,
817 1525 879 1581 qiiae
900 1509 1006 1566 ioenum
1025 1514 1079 1578 est,
1100 1509 1210 1565 calcare
1230 1514 1259 1564 et

670 1579 831 1653 relinquere
838 1581 991 1652 jubentur3
1003 1597 1082 1652 quos,
1094 1579 1170 1637 omni
1183 1581 1259 1652 cupi·

670 1651 758 1710 ditate
774 1652 901 1709 aeternali
922 1660 1043 1723 remota,
1059 1653 1118 1725 spei
1137 1667 1256 1725 perma-

671 1723 764 1781 nentis
777 1725 1001 1793 firmamentum,
1011 1730 1159 1796 tamquam
1172 1730 1256 1780 terrae

670 1795 815 1865 sterilitas,
828 1796 904 1852 nullo
916 1797 991 1852 loeno
1003 1795 1182 1868 interposito,
1192 1812 1258 1852 con·

671 1866 751 1924 tinet.
768 1869 808 1924 lbi
824 1868 937 1923 luerunt
952 1867 1077 1939 quinque
1094 1866 1183 1923 milta'
1204 1868 1257 1923 ho·

672 1938 791 2002 minum,
809 1939 885 2008 iuxta
910 1954 1060 1995 numerum
1087 1953 1203 2008 panum,
1229 1943 1258 1993 et

668 2011 748 2083 juxta
776 2024 925 2067 numerum
965 2009 1091 2083 quinque
1122 2025 1257 2066 sensuum

671 2081 773 2165 quibus
789 2081 985 2150 inliaerebant;
1001 2081 1178 2154 hicquatdor
1193 2079 1256 2137 mil-

671 2152 720 2221 lia,
740 2154 788 2225 qui
810 2153 976 2225 significant
999 2152 1173 2225 spirituales,
1193 2169 1257 2225 pro-

670 2229 734 2299 pter
743 2230 867 2296 quatuor
879 2224 1097 2297 Evangeliorum
1106 2223 1257 2296 perlectio-

672 2295 1256 2370 uem,iielpropterquatuorcardiualIum

671 2368 818 2437 virtutum,
835 2368 937 2439 quibus
953 2385 981 2424 in
998 2369 1051 2425 bac
1065 2368 1123 2425 vita
1137 2367 1258 2439 spiritu-

671 2440 754 2497 aliter
784 2439 896 2503 iiiitur.
924 2439 1168 2497 exercitationem.
1205 2441 1258 2496 Per

671 2518 794 2641 guatuor
810 2511 895 2568 etiam
923 2511 1012 2568 millia
1034 2511 1194 2579 bominum,
1209 2510 1258 2583 qui

694 2583 815 2639 hristum
846 2587 912 2639 sunt
938 2582 1052 2652 secuti,
1081 2582 1259 2653 significatur

671 2654 823 2712 multitudo
850 2655 1027 2711 credentium
1049 2654 1079 2710 in
1103 2653 1257 2722 Christum,

670 2727 707 2784 de
731 2733 855 2798 quatuor
885 2725 983 2783 mundi
1009 2725 1147 2800 partibus.
1171 2726 1258 2781 Erant

671 2803 765 2855 eutem
781 2803 832 2867 tot,
855 2799 979 2870 exceptis
999 2797 1124 2869 parvulis
1144 2803 1173 2854 ct
1193 2813 1255 2854 inii-

669 2870 798 2939 lieribus‚
814 2868 863 2942 qui
879 2886 937 2926 non
952 2875 1141 2927 numerantur
1161 2871 1189 2925 in
1208 2871 1257 2926 Le

670 2958 720 3027 ge,
739 2941 882 2999 neminem
902 2941 979 2999 enim
999 2940 1116 2998 dimittit
1130 2940 1257 2999 Christus

21 3007 84 3078 iiis;
100 3025 152 3082 per
167 3019 276 3083 septem
295 3028 385 3084 panes
399 3012 530 3070 doctrina
545 3013 614 3070 Novi
666 3030 807 3087 ieiunum,
833 3014 883 3071 sed
901 3030 1001 3071 omnes
1022 3015 1082 3071 iult
1099 3030 1150 3070 sua
1164 3013 1256 3085 gratia

22 3082 211 3153 Testamenti,
228 3087 257 3141 in
280 3099 338 3156 quo
362 3083 471 3154 plenius
490 3090 518 3141 et
541 3084 614 3142 rele·
668 3093 807 3143 saturare.
824 3088 864 3143 lbi
880 3086 1019 3157 cophinos
1033 3086 1158 3211 aguales
1174 3085 1258 3141 disci-

22 3158 111 3235 eatur
124 3158 153 3210 et
168 3154 252 3212 datur
264 3154 436 3227 septiformis
448 3156 541 3229 gratia
551 3158 614 3226 Spi-

22 3230 100 3283 ritus
119 3225 224 3284 Sancti.
252 3227 333 3296 item,
360 3235 477 3300 propter
504 3235 614 3299 septem

22 3295 229 3367 beatitudines,
251 3304 280 3357 et
301 3307 418 3372 propter
437 3304 545 3371 septem
569 3315 613 3355 sa·

22 3374 470 3449 eramentaetpropterseptcni
481 3369 613 3440 virtutes,

24 3437 137 3497 scilicet
152 3457 159 3496 :
178 3447 237 3498 tres
252 3441 436 3514 theologicas,
450 3448 478 3499 et
494 3447 616 3513 quatuor

23 3510 195 3594 cardinales.
215 3514 259 3570 llli
282 3519 433 3586 propterea
452 3513 614 3583 hordeacei,

24 3582 87 3664 isti·
101 3583 204 3662 triticei
223 3592 305 3642 erant
326 3603 332 3643 :
353 3586 421 3668 quia
443 3585 615 3655 deliciosior,

24 3652 164 3736 sapidior,
178 3661 207 3712 et
225 3656 404 3714 manifestior
427 3663 470 3714 est
486 3657 616 3714 doctrina

23 3724 96 3782 riou
121 3727 294 3785 Testamenti
334 3744 399 3786 uam
425 3727 547 3786 Veteris.
574 3727 614 3785 lbi

22 3812 78 3870 per
104 3797 176 3854 duos
195 3801 299 3871 pisces,
314 3744 379 3857 311ae
400 3816 531 3873 persona
551 3816 614 3873 quae

21 3869 165 3995 populum
195 3872 359 3941 pascebant,
393 3870 615 3942 intelliguntur,

24 3955 66 3996 sci
80 3946 136 3996 icet
145 3956 193 3998 rex
209 3948 238 3999 et
251 3944 395 4013 sacerdos,
408 3943 456 4026 qui
470 3945 616 4026 ungeban-

24 4015 90 4080 tur;
104 4011 151 4068 liic
165 4028 217 4084 per
235 4031 341 4084 paucos
351 4015 500 4087 pisciculos
511 4014 614 4070 intelli·

23 4089 134 4154 guntur
147 4084 243 4142 Sancti
265 4085 400 4143 lluctibus
419 4085 505 4143 seculi
528 4088 614 4157 tunsi,

23 4152 75 4226 qui
99 4153 135 4237 do
161 4157 335 4216 turbulentis
358 4158 491 4216 ductibus
512 4157 615 4230 erepti,

24 4224 213 4308 relectionem
228 4229 312 4287 nobis
326 4229 470 4287 internam
489 4230 616 4302 exempto

26 4311 88 4355 suae
102 4303 180 4372 rite,
195 4315 230 4359 ac
239 4317 343 4375 sopore
356 4302 456 4360 mortis
465 4318 498 4359 ac
510 4301 617 4375 patien-

669 3157 744 3230 pulis
759 3157 835 3225 tecit,
854 3165 885 3212 ut
907 3156 980 3212 sicut
999 3156 1055 3212 duo
1077 3155 1150 3211 ecim
1174 3161 1256 3212 erant

670 3227 773 3286 Cliiisti
801 3225 939 3299 Apostoli,
961 3226 1001 3282 sic
1024 3226 1175 3283 duodecim
1200 3228 1255 3282 tra-

669 3304 850 3371 gmentorum
861 3297 989 3369 cophini;
1001 3296 1048 3354 bic
1057 3312 1124 3353 iero
1134 3296 1258 3369 aeqiiales

670 3369 803 3445 panibus,
820 3375 851 3425 iit
865 3367 937 3424 sicut
952 3369 1064 3425 fuerant
1078 3376 1187 3441 septem
1202 3384 1258 3440 pa-

671 3458 732 3510 nes,
748 3441 788 3497 sic
802 3446 911 3511 septem
926 3445 1031 3513 sportae
1056 3440 1136 3508 Quod
1151 3446 1259 3510 autern,

670 3512 761 3571 turbis
783 3512 928 3571 saturatis.
950 3512 1077 3584 Apostoli
1099 3512 1260 3584 fragmenta

670 3584 818 3667 colligunt,
834 3591 863 3640 et
877 3591 986 3656 septem
1001 3590 1113 3655 sportas
1127 3583 1257 3656 impleut,

669 3656 773 3730 triplici
782 3657 817 3713 de
828 3672 914 3712 caiisa
924 3658 1029 3712 lactum
1041 3661 1094 3711 est.
1106 3687 1141 3696 -
1151 3655 1257 3725 Primo,

670 3735 786 3803 propter
800 3727 975 3810 mysterium,
992 3726 1059 3799 quia
1074 3733 1141 3785 sunt
1155 3727 1258 3785 altiora

669 3804 851 3874 perfectionis
864 3806 1006 3873 praecepta
1016 3800 1182 3867 etconsitia,
1192 3815 1256 3872 qum

669 3874 830 3930 communis
845 3874 929 3929 turba
954 3871 1053 3944 nequit
1069 3872 1208 3929 servando
1228 3876 1258 3927 et

670 3943 815 4017 implendo
828 3943 979 4017 attingere,
995 3958 1118 4016 quorum
1141 3958 1256 4000 exsecu-

670 4015 710 4073 tio
728 4015 841 4087 respicit
855 4015 932 4073 iiros
946 4015 1108 4087 spirituales
1121 4013 1235 4087 proprie
1243 4031 1252 4083 ;

671 4095 700 4144 et
714 4086 778 4143 ideo
791 4088 917 4159 Apostoli
933 4086 1087 4143 sustollunt
1100 4093 1128 4141 et
1140 4086 1259 4158 impient

671 4168 780 4230 septem
796 4164 917 4231 sportas,
929 4158 958 4214 id
969 4164 1010 4213 est
1021 4164 1160 4230 periectos
1174 4156 1259 4231 septi·

672 4229 771 4288 turmis
796 4230 918 4304 Spiritus
933 4229 1026 4302 gratia
1047 4228 1216 4298 illustratos,
1232 4233 1261 4285 et

673 4307 770 4360 tamen
788 4303 875 4360 turba
893 4306 1022 4358 saturata
1035 4316 1097 4359 esse
1116 4316 1260 4359 memora·
