2880 4942
188 327 266 383 nult.
294 323 484 378 anciranus
511 326 530 378 l
557 322 666 376 subto
694 323 844 376 lltlssltlr
871 323 991 377 vntris
1019 325 1057 378 ET
1084 325 1177 380 usal.
1272 329 1301 385 18

69 445 104 498 ut
115 452 220 509 magna
235 433 362 495 turbatio
376 445 526 505 magnum,
538 430 660 502 discipu·

70 511 260 571 intremeret
275 506 420 571 timorem,
433 508 464 558 et
487 518 606 574 magnus
621 504 657 558 ti·

71 598 137 642 mor
147 579 296 639 induceret
308 592 356 633 eos
370 575 406 632 ad
425 573 577 630 clamosam
597 590 659 630 ora-

72 653 190 720 tionem,
208 658 238 707 et
264 649 388 705 clamosa
402 647 494 703 oratio
508 645 659 701 induceret

71 724 213 784 Christum
233 722 270 778 ad
290 733 424 789 magum
443 718 572 773 miraculi
587 733 657 786 ope-

69 796 224 863 rationem,
240 798 270 849 et
284 806 419 864 magnum
434 789 601 845 miraculum
611 791 657 844 in-

70 868 189 926 duceret
203 865 334 922 bomines
347 862 382 919 ad
392 861 477 917 tidem
487 867 516 916 et
530 861 657 916 admira-

68 938 188 997 tionem.
209 936 291 993 Unde
322 935 521 1003 domesticam:
556 932 658 987 uideo

68 1014 242 1084 premuntur
257 1005 336 1078 justi,
355 1012 386 1060 ut
408 1003 498 1075 pressi
523 1003 658 1072 clament,

70 1081 229 1140 clamantes
243 1078 440 1142 exaudiantur,
454 1075 576 1130 exauditi
594 1075 657 1146 glo-

69 1152 190 1210 rillcent
200 1152 300 1206 [lenm.
313 1150 367 1204 lste
378 1153 474 1204 autem
483 1147 591 1202 clamor
603 1162 659 1201 non

70 1229 188 1282 tuntum
214 1220 299 1276 debet
327 1219 388 1276 lieri
410 1234 478 1274 voce
504 1221 533 1273 et
560 1217 659 1284 corde,

70 1295 126 1353 sed
146 1294 231 1349 etiam
245 1306 342 1362 opere,
358 1296 389 1346 ut
402 1289 536 1346 insistant
544 1288 662 1371 jejuniis

72 1371 104 1424 et
117 1365 241 1422 eleemos
261 1364 314 1429 nis,
324 1368 353 1417 et
366 1362 551 1418 macerationi
563 1376 662 1432 corpo-

71 1438 114 1496 ris
131 1453 138 1493 t
154 1436 215 1492 baec
256 1437 447 1503 apamenus-u

107 1510 257 1576 tllrsmce
281 1524 342 1562 isra
364 1520 498 1562 ramenta
510 1520 594 1560 rrrus
613 1519 661 1558 asr

71 1580 219 1639 Emesam.
235 1608 270 1620 -
285 1578 400 1649 llystice
415 1577 489 1632 istud
506 1580 596 1646 potest
613 1591 661 1629 ex-

71 1653 142 1725 poni
162 1649 361 1707 diversimode.
381 1647 478 1706 Primo
496 1647 662 1714 alleporiee,

73 1728 161 1795 prout
169 1723 291 1793 pertinet
299 1721 335 1777 ad
349 1725 440 1775 totum
452 1735 553 1788 corpus
563 1717 661 1773 Eucle-

36 1843 39 1846 Α
74 1794 137 1864 siae,
155 1801 187 1849 ut
199 1792 331 1849 navicula
350 1791 526 1862 intelligatur
540 1789 663 1844 Ecclesia

76 1865 216 1931 fidelium,
244 1879 310 1935 quae
331 1863 368 1919 ad
395 1863 512 1919 modurn
531 1861 611 1915 navis
633 1861 662 1914 in

75 1936 217 2065 principio
242 1934 294 1990 tuit
307 1940 396 2001 arcta,
415 1935 481 2004 quia
497 1947 599 2002 paucos
611 1931 661 1985 ba-

98 2008 141 2064 uit
154 2007 303 2063 credentes
313 2006 358 2075 ;in
371 2005 429 2060 line
446 2007 543 2063 etiam,
556 2002 665 2055 scilicet

76 2082 210 2149 tempore
242 2076 419 2144 antichristi,
447 2076 502 2129 crit
533 2079 663 2143 angusta,

77 2151 148 2222 quia
164 2156 231 2205 tunc
245 2149 328 2220 pauci
340 2153 424 2203 erunt
438 2144 555 2211 fidelesc
572 2142 664 2198 medio

79 2227 177 2279 antem
200 2225 242 2276 est
260 2221 327 2286 lata,
340 2220 407 2291 quia
432 2218 517 2273 modo
537 2215 607 2271 tides
622 2222 665 2269 est

77 2293 201 2350 multum
216 2291 343 2347 dilatata.
373 2292 404 2345 ln
422 2289 476 2361 bac
489 2289 553 2343 navi
577 2287 664 2342 conti-

78 2369 187 2422 nentur
208 2361 317 2429 fideles,
332 2361 381 2432 qui
400 2375 464 2416 cum
485 2358 597 2415 Christo
614 2373 664 2426 per

79 2451 160 2493 mare
172 2432 303 2490 seculiad
316 2447 435 2503 regnum
451 2432 586 2486 coelorum
598 2445 663 2498 per·

76 2508 209 2564 ueniunt.
223 2506 302 2560 llane
317 2505 412 2574 itaque
422 2518 522 2558 narem
536 2501 665 2557 ascendit

79 2577 220 2645 cbristus,
247 2591 299 2646 per
319 2575 448 2645 regimen
476 2579 504 2629 et
521 2574 663 2643 guberna-

81 2649 201 2719 tionem,
221 2647 289 2718 quia
306 2647 365 2718 ipse
384 2653 425 2701 ost
451 2650 544 2700 rector
570 2642 665 2698 Eccle-

80 2722 131 2778 siae
150 2727 180 2775 et
203 2719 389 2790 gubernator,
409 2718 439 2771 in
461 2731 517 2785 qua
536 2715 665 2783 discipuli

82 2791 276 2849 continentur.
292 2790 371 2845 Hanc
389 2793 483 2844 autmn
497 2787 624 2842 aseendit
638 2788 665 2841 in

81 2864 238 2934 Baptismo,
267 2859 336 2931 quia
352 2859 510 2929 Baptismus
526 2865 568 2913 cst
579 2859 668 2927 janua

81 2938 336 2992 sacramentorum.
348 2931 379 2987 ln
388 2932 510 2986 Ecclesia
519 2946 587 3001 ergo
598 2938 669 2984 tam-

82 3021 168 3079 quam
191 3005 221 3060 in
246 3003 312 3059 navi
339 3018 448 3072 sumus,
479 3007 507 3057 ct
532 3001 669 3056 Dominus

80 3077 232 3136 nobiscum
264 3081 381 3146 propter
410 3089 462 3129 sua
476 3077 666 3129 sacramenta.

82 3148 140 3209 Sed
153 3153 253 3203 contra
275 3146 431 3201 Ecclesiam
445 3146 516 3201 tlant
532 3144 607 3199 venti
618 3160 667 3196 va-

81 3219 120 3277 rii
135 3225 164 3275 et
193 3216 278 3274 validi
296 3217 450 3285 malorum,
475 3223 504 3272 et
522 3217 669 3270 elevantur

83 3292 188 3348 lluetus
211 3295 311 3345 contra
334 3305 408 3356 eam,
429 3293 460 3342 ut
479 3289 519 3343 sic
538 3286 669 3343 novioma

84 3361 167 3434 quasi
192 3359 336 3432 operiatur
359 3361 500 3425 ductibus,
525 3355 669 3428 submergi

84 3440 183 3491 tamen
212 3448 269 3488 non
286 3437 387 3502 potest.
405 3433 439 3485 Et
456 3433 529 3484 inter
543 3432 672 3484 bmcom-

83 3504 135 3562 nia
149 3503 277 3559 Christus
292 3504 416 3559 dormire
429 3501 551 3563 videtur,
572 3506 600 3552 et
615 3514 671 3551 non

83 3575 255 3642 attendere3
278 3575 369 3646 quia,
394 3572 551 3628 secundum
578 3571 673 3637 Ortpe·

85 3663 158 3712 mm,
186 3647 351 3718 patientiam
367 3646 518 3710 bonorum,
538 3649 567 3698 et
583 3644 672 3710 proeui-

715 439 786 515 ctus,
807 432 835 487 id
860 437 903 489 est
930 434 1020 490 malos
1039 434 1123 504 buius
1144 439 1243 496 mundi
1263 442 1300 499 ad

714 506 926 562 immittendum
943 506 1155 575 persecutiones
1175 512 1295 581 Sanctis,

713 575 855 648 facietque
888 578 1124 648 tranquillitatem
1154 596 1298 654 magnam,

715 662 813 715 pacem
830 649 971 715 Ecclesiae,
986 654 1015 705 et
1023 651 1205 709 serenitatem
1221 669 1301 712 mun-

714 718 750 773 do
763 736 813 790 per
823 722 1009 776 cessationem
1023 723 1215 780 tribulationis
1232 740 1300 783 con-

713 790 852 856 terendo,
882 792 927 848 vel
959 794 1123 863 patientiam
1155 797 1299 854 tribulatis

714 861 818 920 dando.
846 864 885 918 De
899 865 954 920 ista
966 863 1030 919 nari
1049 866 1089 920 sic
1103 867 1172 922 dicit
1186 869 1300 939 Gbrpso

713 939 838 1016 atomum:
867 953 881 988 u
905 938 967 992 Non
994 936 1111 993 dubium
1130 946 1172 995 est
1198 955 1299 997 narem

714 1012 796 1088 istam
826 1007 980 1064 Ecclesiam
996 1007 1144 1079 figurasse.
1161 1026 1236 1081 quae,
1252 1027 1301 1067 na·

714 1078 876 1141 ructantibus
890 1080 1040 1150 Apostolis,
1056 1082 1234 1151 gubernante
1244 1084 1301 1139 Do·

715 1151 804 1213 mino,
835 1151 921 1205 llante
952 1152 1058 1220 Spiritu
1086 1154 1200 1211 Sancto.
1228 1169 1301 1224 prae-

715 1218 869 1276 dicationis
899 1223 986 1277 verbo
1014 1223 1118 1292 ubique
1149 1225 1302 1295 discurrit;

716 1299 833 1362 portans
845 1308 940 1348 secum
957 1307 1092 1359 magnum
1106 1294 1303 1351 inestimabile

718 1365 849 1434 pretium.
876 1379 932 1434 quo
965 1369 1056 1421 toturn
1081 1366 1218 1421 mundum
1241 1380 1305 1423 san·

716 1436 802 1507 guine
818 1435 921 1490 Christi
938 1443 1063 1492 mercata
1078 1443 1129 1493 est.
1146 1439 1222 1492 blare
1236 1453 1304 1495 vero

716 1508 843 1564 seculum
861 1508 1038 1590 intelligitur,
1055 1509 1131 1578 quod
1151 1509 1302 1566 adirersis

717 1580 840 1648 peccatis
859 1587 888 1636 et
900 1582 986 1636 variis
999 1580 1205 1636 tentationibus
1224 1581 1302 1637 velut

716 1651 885 1722 quibusdam
907 1652 1039 1708 lluctibus
1063 1657 1163 1708 aestuat
1187 1670 1194 1721 ;
1225 1653 1304 1708 venti

716 1732 811 1778 autem
839 1725 974 1793 nequitiae
1000 1722 1162 1793 spirituales
1197 1731 1225 1777 et
1253 1726 1305 1780 im·

717 1793 815 1848 mundi
843 1796 960 1864 spiritus
974 1795 1180 1865 intelliguntur,
1197 1795 1246 1864 qui
1265 1795 1301 1851 ad

717 1866 897 1936 naufragium
923 1865 1064 1932 Ecclesiae,
1093 1881 1143 1933 per
1177 1865 1303 1921 ‹liversas

717 1936 804 1991 seculi
831 1936 1014 1997 tentationes.
1040 1936 1118 1990 velut
1132 1951 1182 2003 per
1200 1937 1303 1992 llurctus

719 2007 815 2064 maris.
835 2007 1003 2062 deseviunt.
1021 2007 1151 2060 Dormire
1171 2021 1237 2059 vero
1252 2008 1304 2061 Do

719 2079 813 2132 minus
837 2077 865 2131 in
881 2077 933 2131 bac
948 2076 1013 2132 nari
1037 2076 1215 2143 intelligitur,
1240 2092 1304 2133 cum

718 2147 754 2205 ad
764 2148 959 2217 probationem
971 2147 1047 2218 fidei,
1059 2146 1210 2202 Ecclesiam
1225 2162 1305 2205 suam

719 2221 857 2290 pressuris
884 2227 914 2276 et
942 2219 1183 2289 persecutionibus
1207 2221 1305 2276 mundi

718 2293 796 2348 istius
809 2290 912 2347 tentari
926 2293 1072 2362 permittit.
1089 2292 1222 2346 Exultatlo
1238 2307 1306 2347 vero

719 2364 919 2432 discipulorum
944 2363 1128 2421 excitantium
1153 2365 1305 2419 Dominum

718 2436 887 2490 etauxilium
902 2437 1127 2506 implorantium,
1142 2443 1173 2489 ut
1185 2436 1306 2490 liberen-

718 2512 775 2575 tur,
800 2523 899 2577 preces
921 2509 1090 2563 Sanetorum
1110 2509 1238 2560 omniun
1254 2521 1298 2560 os·

719 2578 886 2633 tenduntur.
917 2579 950 2631 Et
963 2579 1092 2647 quamvis
1118 2576 1298 2632 intest-itione

720 2649 828 2704 inimici
857 2648 981 2702 Ecclesia
1007 2648 1050 2701 vel
1079 2647 1166 2701 seculi
1193 2654 1303 2716 tempe·

719 2727 791 2776 state
818 2719 936 2786 laboret,
953 2718 1082 2790 quamvis
1114 2719 1303 2774 tertationem

722 2791 853 2846 lluctibus
867 2790 1000 2861 pulsetur,
1018 2789 1167 2861 nacrlragiu
1180 2806 1196 2843 ιι
1209 2794 1218 2843 t
1229 2805 1305 2846 tmen

721 2863 814 2918 lacere
840 2878 896 2917 non
917 2869 1018 2931 potest,
1046 2863 1112 2932 quia
1131 2863 1178 2916 Dei
1202 2863 1303 2917 Filium

722 2934 1035 3004 babetgubernatorcm
1062 2934 1305 3002 interipsosenim

723 3007 849 3060 turbines
879 3008 986 3072 mundi,
1015 3005 1092 3061 inter
1121 3007 1193 3072 ipsos
1220 3003 1307 3060 seculi

723 3076 942 3147 persecutiones,
957 3078 1018 3147 plus
1031 3078 1129 3148 glorius
1144 3093 1176 3130 ac
1192 3076 1306 3131 virtutis

723 3147 855 3218 acquirit,
874 3149 941 3204 dum
963 3148 991 3203 in
1008 3147 1063 3203 lide
1080 3149 1201 3204 tirmact
1222 3148 1308 3203 indis·

724 3219 834 3274 solubili
852 3225 1009 3287 permanet.
1023 3219 1142 3291 Navigat
1170 3218 1246 3273 enirn
1262 3219 1307 3273 in-

725 3298 831 3347 structa
842 3292 907 3346 fidei
926 3292 1130 3363 gubernaculo,
1142 3290 1214 3342 lelici
1225 3305 1308 3344 eursu

726 3379 776 3433 per
794 3362 877 3431 hujus
890 3364 977 3417 seculi
994 3378 1082 3427 mare,
1097 3360 1204 3415 liabens
1221 3361 1309 3415 Deum

727 3433 959 3503 gubernatorem,
970 3434 1093 3501 Angelos
1106 3430 1238 3498 remiges,
1251 3445 1313 3498 por·

727 3509 791 3557 tans
802 3504 902 3557 choros
914 3504 1041 3557 omnium
1055 3504 1234 3566 Sanctorum,
1251 3516 1314 3556 ere-

728 3581 772 3629 cta
799 3574 827 3629 in
856 3573 949 3629 medio
980 3576 1038 3644 ipsa
1064 3573 1179 3629 salutari
1207 3573 1311 3629 arbore

728 3646 831 3713 erucis,
847 3646 946 3717 inqua
971 3646 1148 3719 Euangeliou·
1163 3644 1227 3700 fidei
1248 3646 1311 3703 vela

84 3720 206 3800 tentiam
219 3717 373 3788 impiorum
387 3723 529 3798 exspectat
544 3733 551 3771 ε
570 3715 673 3771 Cbristi
725 3718 910 3788 suspendens,
926 3721 1012 3776 llante
1024 3720 1129 3790 Spiritu
1144 3719 1257 3787 Sancto,
1273 3717 1310 3773 ad

87 3805 164 3872 enlm
180 3791 324 3871 'dormitio
351 3795 399 3870 cst·
413 3789 507 3868 divina
525 3789 557 3842 in
577 3786 675 3867 tribu·
728 3797 840 3861 portum
857 3793 989 3860 paradisi.
1005 3801 1033 3847 et
1044 3792 1225 3847 securitatem
1245 3789 1310 3862 qui·

86 3861 244 3919 latronibus
270 3875 439 3932 permiss103
456 3874 505 3930 qur
524 3866 672 3925 excitatur,
728 3863 780 3918 etis
801 3867 915 3920 aeternae
931 3865 1097 3920 deducitur:
1114 3882 1128 3914 ι
1145 3864 1206 3918 bueo
1221 3863 1308 3930 Obrp·
1403 3858 1407 3865 '

88 3933 205 4060 qnando
222 3932 364 3988 bonorum
385 3932 516 4002 precibus
536 3934 672 4001 pulsatur.
727 3939 873 3991 coaternus.

112 4005 263 4060 cccdamus
287 4019 355 4074 ergo
372 4003 510 4071 adeum,
531 4003 673 4058 dicentes:
765 4009 780 4059 5
801 4007 970 4061 Annncoares
988 4022 1072 4061 rrrus
1091 4021 1138 4059 esu
1159 4019 1250 4059 cancrs
1266 4002 1321 4055 Do·

87 4078 246 4146 Euterpes
261 4090 348 4147 quare
364 4075 512 4142 ebdomata,
551 4076 675 4138 Domine,
730 4093 836 4132 ulmea.
850 4078 957 4133 -ollio
972 4079 1057 4132 modo
1073 4077 1126 4131 boc
1137 4076 1211 4128 idem
1231 4075 1321 4139 potest

88 4163 217 4217 murae,
233 4151 304 4202 etue
326 4148 444 4218 repellas
458 4149 487 4202 in
503 4149 582 4217 ptem
614 4147 675 4215 lpse
731 4148 833 4218 exponi
854 4148 1016 4219 allegorice,
1041 4152 1124 4216 prout
1147 4143 1269 4211 pertinet
1281 4140 1317 4197 ud

87 4226 185 4278 tutem
206 4224 346 4290 exsurget,
361 4224 391 4274 et
404 4217 558 4291 imperabit
572 4217 672 4285 ventis,
731 4227 815 4289 caput
837 4221 980 4286 Ecclesiae,
1010 4218 1086 4290 quod
1111 4221 1155 4275 est
1178 4210 1315 4277 constas.
1371 4241 1377 4252 ·

88 4291 121 4350 id
137 4295 182 4353 ut
195 4289 384 4364 demonibus,
396 4292 447 4364 qui
464 4292 609 4349 concitant
619 4290 674 4347 llu-
733 4299 763 4348 ut
778 4291 910 4351 navicula
934 4305 1022 4364 quam
1044 4284 1173 4344 Christus
1189 4283 1320 4341 ascendit
