2880 4942
97 309 147 365 228
437 305 551 362 ΡΙΙΙΙ
578 304 705 362 mm
729 304 837 362 citur
861 302 990 359 tulit

99 419 183 475 aaut
212 413 342 485 intrare,
367 410 517 488 permittit.
534 413 583 495 ,ile
611 428 687 485 pras·
709 430 717 505 1
742 418 788 471 est
814 410 949 492 resistere
972 424 1007 465 ac
1024 407 1150 479 instare,
1172 413 1203 464 α
1225 424 1261 491 ⁰⁸.
1286 407 1342 492 ein

100 486 197 545 missis
208 486 460 561 redargutionibus
482 484 644 542 &uberum
658 491 688 543 et
711 520 717 545 .
742 488 907 557 opprimere,
930 481 960 538 id
974 488 1020 537 est
1041 496 1216 539 sermonem
1230 496 1298 552 epus
1314 496 1342 536 ιι

100 560 310 619 Pharisaeorum
333 560 422 616 babes
440 557 527 613 latius
545 555 630 624 inira,
649 559 688 614 le·
743 556 873 630 pluribus
885 555 1022 612 internum
1061 570 1107 621 re,
1120 551 1341 610 murerbaon's

99 630 145 689 ria
157 633 242 690 tertia
256 636 320 705 post
337 630 461 697 ruma,
479 628 526 685 ubi
542 635 689 700 ponuntur
742 626 1000 701 eiuscalumuiari;
1060 626 1340 683 muttisinsida'nntet

100 704 193 761 multa
210 703 327 771 similia,
342 702 392 759 sed
411 718 470 758 non
490 706 557 757 sunt
572 701 688 771 eadem,
742 705 779 767 ei,
799 709 825 758 et
847 706 998 771 querentes
1017 697 1112 770 ipsum
1136 697 1293 765 terrendo,
1313 702 1340 753 et

99 774 169 849 quia
182 775 302 832 dirersis
316 773 492 846 bsmporibus
505 771 592 829 dicta.
743 772 969 843 stupefaciendo,
981 786 1050 841 quta
1062 769 1233 826 conturbati
1247 770 1339 826 miuus

136 847 333 921 possessorio
349 863 473 903 suenrus
488 845 687 902 Pninsnontu
743 844 911 918 praesident,
931 843 972 899 sic
993 858 1028 898 ex
1047 840 1137 898 variis
1159 841 1294 914 quaesitis
1312 846 1339 897 el

100 934 134 975 ιτ
150 919 395 976 Lmtsuenttonutt.
413 951 437 959 —
459 917 576 985 Ultimo,
590 934 690 989 exage-
742 916 863 989 objectis
881 915 993 986 aliquid
1013 912 1221 970 calumniabile
1246 928 1339 985 copes

101 994 148 1047 rat
172 992 380 1049 Pharisaeorum
399 994 429 1046 et
448 987 689 1062 legisperitorum
743 990 777 1044 de
791 1005 837 1044 ore
847 990 919 1058 ejus,
931 994 1130 1042 utoecnsnrent
1143 1002 1218 1042 mus.
1233 984 1338 1042 Dochi

101 1061 567 1193 1,ιὲᾙὶῑὶιᾶιςῑῑρῑιειὶιιιῑῖοιιειιιὶ
586 1061 691 1133 quiex
714 1114 717 1155 i
744 1057 1335 1188 naierggeeggisszhsahebgtgtrldelltletirigrg,

173 1150 197 1191 ιι
272 1152 333 1191 rtsr
359 1151 416 1192 non
463 1150 553 1190 uerun
592 1150 717 1195 emen-2
765 1150 783 1188 u
819 1150 846 1188 tu
1327 1171 1336 1186 .

101 1205 172 1271 dati,
188 1207 240 1264 sed
259 1206 350 1279 magis
367 1205 498 1279 pejorati.
519 1208 585 1264 Cum
597 1212 691 1261 autem
714 1218 718 1281 ς
743 1148 826 1262 ¹illude
845 1204 920 1260 Reda
938 1221 946 1259 z
965 1225 980 1253 «ι
999 1203 1089 1270 Quam
1110 1218 1181 1259 tera
1198 1201 1336 1274 perfidiae,

101 1277 240 1337 Dominus
252 1281 307 1336 hae
341 1278 521 1335 raemissaud
537 1280 602 1334 illos
615 1279 691 1334 dice·
746 1275 936 1333 simulationis
958 1280 988 1330 et
1015 1274 1173 1345 impietatis
1200 1291 1263 1332 suae
1289 1272 1338 1329 cri·

100 1355 144 1407 ret
156 1350 277 1408 veritate
289 1296 391 1408 offensi
406 1354 542 1422 copertoit
556 1351 693 1406 Pharisaei
746 1349 827 1406 mina
842 1346 1003 1431 audierint,
1026 1344 1081 1428 ipsi
1106 1344 1325 1429 testantur,·qui

102 1426 129 1478 et
140 1423 307 1505 bepispertti
320 1422 466 1480 doctorem
484 1420 611 1478 veritatis
625 1437 690 1493 per-
746 1425 827 1478 mulo
841 1426 992 1477 intonante
1007 1419 1132 1486 turbine,
1147 1435 1209 1475 non
1222 1434 1279 1502 ipsu
1292 1433 1338 1473 re·

104 1500 237 1564 aequmst
248 1494 349 1551 dolose
360 1493 414 1550 sibi
429 1492 579 1549 insidiari:
596 1496 693 1566 Cape
746 1491 891 1575 sipiscere,
902 1491 952 1549 sed
967 1491 1116 1548 doctorem
1125 1492 1260 1547 veritatis
1270 1488 1337 1545 insi·

103 1568 170 1622 ruut
193 1564 273 1623 euim
295 1567 355 1624 haec
369 1568 493 1637 praviter
509 1567 647 1635 insistere,
662 1564 693 1622 id
746 1565 802 1622 diis
816 1563 974 1623 moliuntur
986 1562 1105 1637 aggredi
1119 1580 1157 1620 :a
1174 1563 1240 1621 base
1251 1562 1335 1621 hedo.

656 1759 786 1818 ottarto
799 1816 803 1823 ,

139 1928 260 1990 Domine
270 1932 340 1989 lesu
353 1928 476 1999 Christe,
487 1929 524 1987 da
535 1928 604 1988 mibi
619 1935 686 1987 aute
720 1928 855 1986 nandium
865 1928 1024 2001 spirituale,
1037 1929 1147 1988 scilicet
1160 1934 1230 1988 aute
1245 1946 1339 2004 perna

104 2003 232 2080 pliorem
246 2010 352 2061 sancta
367 2002 561 2071 Eucharistiae,
580 2018 631 2073 per
645 1945 852 2059 confessionem
870 2018 972 2074 puram
991 2002 1180 2075 spiritualiter
1198 2000 1339 2076 baptizari

105 2083 136 2135 et
148 2074 248 2145 lavari,
261 2084 293 2132 ut
312 2076 348 2133 ah
370 2074 549 2131 inimicorum
569 2073 681 2131 insidiis
695 2077 725 2132 et
737 2073 976 2143 accusationibus,
991 2082 1019 2132 te
1037 2080 1217 2148 protegente,
1230 2078 1339 2131 taleam

106 2146 233 2205 liberari.
248 2150 288 2204 ila
304 2147 371 2204 mihi
386 2147 473 2204 vitare
487 2162 601 2204 omnem
617 2144 788 2218 hypocrisim
801 2151 829 2203 et
843 2146 1065 2215 simulationem,
1077 2161 1192 2204 omnem
1203 2162 1339 2218 arrogan-

107 2218 176 2277 tiam
192 2223 221 2274 ct
235 2217 432 2287 ambitionem,
446 2235 482 2275 ne
497 2235 609 2301 peccem
625 2216 653 2274 iu
669 2223 709 2286 te,
723 2218 767 2273 vol
781 2217 811 2273 iu
827 2218 984 2290 proximum
1000 2235 1093 2276 mcum
1105 2235 1157 2292 per
1170 2218 1339 2275 mendacem

107 2289 323 2360 usurpationem
341 2290 533 2362 perfectiouis,
549 2306 600 2362 per
614 2288 808 2346 excellentiam
825 2290 1010 2360 singularitis,
1027 2307 1078 2362 per
1092 2289 1285 2347 temeritatem
1300 2290 1339 2346 in·

105 2362 176 2435 justi
191 2360 302 2432 judicii,
319 2361 362 2417 vel
377 2376 428 2433 pur
446 2361 612 2434 pravitatem
626 2362 829 2433 cuiuscumque
844 2361 994 2432 mendacii,
1013 2379 1049 2419 ne
1063 2378 1127 2419 cum
1143 2362 1299 2419 Pharisaeis
1312 2361 1340 2416 iu

108 2431 234 2489 ratiitate
254 2432 431 2506 participem,
448 2433 508 2502 sed,
525 2432 697 2507 teneritate,
717 2449 763 2492 me
781 2434 914 2505 ducente,
929 2449 982 2507 per
1004 2440 1032 2492 tc
1051 2433 1138 2506 riam,
1152 2434 1190 2492 ad
1205 2441 1234 2492 te
1254 2433 1341 2491 ritatn

109 2503 335 2564 misericorditer
351 2505 528 2580 perreriam.
542 2507 643 2564 husen.

571 2841 709 2917 CAPUT
734 2843 885 2917 Lxxvtt

110 3037 149 3085 llil
170 3037 285 3087 mm
309 3039 445 3087 taratra
466 3040 560 3090 tilithi
578 3043 805 3106 naaabtrsrstt,
825 3047 864 3093 tir
887 3045 926 3091 titi
946 3044 1049 3095 umas
1066 3044 1202 3093 votattrs
1223 3046 1343 3095 nonnisi

645 3143 805 3191 miuus.

608 3295 691 3354 Luca
704 3310 768 3370 cap.
781 3296 840 3354 llll.

151 3482 371 3554 tCnn1srus,tu
390 3499 558 3542 nnuutnrtuos
572 3485 699 3543 Euthen-
753 3490 866 3544 mutum
892 3483 1025 3616 colligere
1046 3489 1075 3544 et
1096 3501 1156 3544 non
1178 3485 1260 3561 dispe
1312 3503 1344 3546 re

112 3571 148 3613 ιιι
173 3573 389 3625 enucleatores,
416 3572 507 3613 mutuis
534 3574 617 3615 runsx
636 3576 700 3614 nsss
753 3558 951 3616 venerabilli
973 3559 1257 3631 eoillerespondeus
1289 3563 1344 3617 icit

112 3642 221 3685 nouum.
240 3657 274 3668 -
301 3628 421 3695 Quidam
448 3634 539 3684 autem
565 3631 599 3684 cle
619 3632 700 3686 turba
753 3632 799 3687 iili
813 3651 822 3687 ε
834 3634 930 3700 Homo,
947 3630 1054 3687 scilicet
1068 3631 1193 3689 carnalis
1209 3640 1239 3689 et
1253 3636 1343 3689 terre·

112 3713 287 3769 cognoscens
314 3700 412 3755 lesum
439 3715 502 3756 esse
522 3701 643 3772 iustum,
659 3704 701 3758 ait
752 3718 815 3773 nus,
836 3703 954 3760 humum
978 3702 1104 3775 sapiens,
1128 3708 1158 3760 et
1184 3705 1342 3762 secundum

113 3772 161 3826 et':
182 3770 328 3853 liupister,
343 3771 388 3825 clio
406 3771 494 3838 fratri
508 3788 576 3834 mco,
593 3778 623 3828 ut
645 3789 700 3828 me·
752 3772 897 3831 hominem
913 3774 1075 3842 ambulans,
1095 3778 1159 3846 quis
1173 3792 1215 3832 me
1241 3779 1342 3833 consti·

111 3856 172 3925 cum
202 3840 312 3895 dividat
342 3841 528 3898 hereditatem.
558 3845 619 3900 Nou
649 3843 701 3901 tuit
752 3849 807 3902 tuit
817 3848 951 3916 ,adicem
967 3845 1344 3916 scilicetlitium,outdiui·

111 3918 166 3996 iste
187 3916 320 3984 expertus
339 3928 422 3983 quum
443 3914 540 3969 bonum
568 3919 594 3971 ct
618 3932 701 3987 quom
752 3933 851 3987 sorem,
866 3917 973 3975 scilicet
988 3918 1166 3988 facultatum,
1180 3935 1265 3991 super
1282 3934 1342 3989 uos,

108 3984 274 4066 pacandum,
294 3984 421 4039 habiture
436 3985 541 4052 fratres
556 3989 584 4042 in
604 4003 699 4044 onum.
753 3989 861 4047 scilicet
885 3989 933 4062 qui
954 3991 1058 4047 iratres
1079 3990 1159 4058 estis,
1178 3990 1256 4048 iuler
1272 4006 1344 4063 quos

112 4058 350 4113 inconvenienter
376 4061 471 4113 autem
494 4059 618 4129 petebat,
635 4061 701 4188 tffia
753 4077 810 4118 non
826 4061 925 4133 judex,
942 4062 991 4118 sed
1011 4061 1102 4134 pietas
1121 4061 1206 4118 debet
1218 4078 1282 4120 esse
1298 4078 1343 4119 se·

113 4142 167 4184 nec
188 4135 312 4197 tempus,
330 4143 382 4211 uec
395 4127 474 4185 locus
488 4136 564 4198 erat;
581 4131 644 4189 etC
667 4131 702 4188 ri·
752 4132 891 4205 questrat
915 4132 1002 4200 Quasi
1029 4133 1163 4191 diceret:
1189 4136 1251 4191 Non
1280 4149 1344 4191 sum

111 4204 171 4282 stus
198 4200 403 4272 temporalibus
431 4216 489 4258 uon
522 4200 700 4275 intendebat,
753 4203 867 4274 missus,
888 4202 946 4262 sive
968 4204 1138 4262 constitutus
1152 4204 1344 4278 adjudicium

112 4271 699 4348 imoeacontamneredocebat,quietiam
753 4280 932 4353 micenarum
958 4276 1181 4349 possessionum,
1210 4278 1260 4335 sed
1288 4294 1344 4335 coe·
