2880 4942
126 316 172 371 1oe
510 314 619 369 tulus
646 315 764 370 PARTIS
791 312 895 366 ullus
925 307 964 363 LX

125 418 245 480 blicauis
269 426 297 477 et
320 418 528 493 peccatoribus,
549 425 581 476 ut
605 437 654 477 eos
674 420 711 477 ad

124 491 324 566 poenitentiam
339 498 518 562 provocaret,
535 491 609 548 sicut
623 508 712 564 quan·

127 563 163 620 do
189 564 218 620 iu
234 564 319 620 domo
332 563 455 620 blaltbaei
475 579 538 620 cum
552 562 711 634 publicanis

125 635 267 703 comedit;
285 635 363 706 item,
379 651 442 691 cum
459 634 544 707 y'uslis
563 651 627 690 eurn
647 634 710 690 dili-

125 707 268 778 gentibus,
285 712 314 762 ut
334 722 433 761 comm
445 722 572 763 amorem
587 712 617 762 et
629 706 711 762 devo·

125 777 233 834 tionem
268 776 387 834 nutriret
415 783 443 834 et
475 782 603 849 augeret,
639 776 711 833 sicut

124 847 228 904 dicitur
251 848 286 905 de
312 849 422 905 Martha
451 855 479 904 et
505 848 606 917 blaria;
631 848 710 916 item,

123 934 186 976 cum
202 920 331 989 cognatis
358 925 386 976 ct
402 919 585 992 pauperibus,
606 927 637 976 ut
662 936 710 976 eo·

123 1005 188 1047 rum
208 991 333 1062 inopiam
353 992 508 1072 suppleret,
535 991 608 1047 sicut
622 993 709 1048 babe-

123 1064 171 1117 tur
185 1062 220 1118 de
237 1061 353 1134 nuptiis,
369 1068 416 1118 ubi
435 1078 540 1130 aquam
560 1062 588 1117 in
608 1063 706 1117 vinum

123 1133 227 1201 verlit;
248 1133 328 1201 item,
349 1148 413 1189 cum
439 1133 590 1190 Pbarisaeis
609 1149 709 1204 super·

124 1202 279 1273 bienlibus,
302 1209 454 1260 uteorum
480 1203 643 1276 superbiam
663 1220 709 1260 re·

124 1274 261 1347 primeret
274 1281 358 1347 atque
373 1291 471 1331 eorum
485 1276 553 1333 vitia
565 1281 708 1347 argueret,

125 1344 197 1402 sicut
223 1345 253 1402 in
282 1347 336 1402 boc
360 1346 422 1403 loco
447 1346 522 1403 lacit,
548 1346 708 1418 Aliquando

125 1417 211 1474 etiam
240 1417 385 1474 humililer
411 1422 524 1474 etcum
551 1417 708 1489 gratiarum

125 1488 248 1556 actione,
276 1504 340 1545 cum
355 1488 538 1557 invitabatur,
555 1488 709 1560 recipiebat

125 1573 178 1630 pro
192 1558 253 1614 loco
277 1565 306 1614 et
326 1564 463 1630 tempore,
481 1576 513 1616 ex
532 1560 708 1632 paupertatis

125 1644 238 1697 amore;
254 1629 320 1699 quia
334 1646 443 1702 pauper
466 1637 538 1699 erat,
555 1641 583 1688 et
602 1632 637 1687 de
655 1632 693 1687 bu

121 1699 170 1827 {ys
186 1700 282 1755 muudi
292 1701 451 1757 substantia
461 1717 560 1773 parurn
574 1704 706 1760 babebat.

149 1788 185 1827 on
206 1770 348 1827 immerito
362 1774 428 1828 talis
442 1781 471 1829 et
488 1778 585 1830 tantus
604 1775 708 1845 hospes

124 1847 168 1898 est
198 1842 371 1911 invitandus,
396 1850 434 1911 et,
454 1860 518 1901 cum
543 1861 574 1902 sc
596 1845 707 1914 invitat,

125 1912 260 1970 libentius
283 1914 495 1986 suscipiendus:
509 1917 709 1973 veniunteuim

125 1988 218 2042 omnia
237 1987 309 2041 bona
325 1993 432 2056 puriter
445 2004 509 2045 curn
524 1987 583 2044 illu.

162 2058 305 2113 odacrum
320 2076 355 2114 an
374 2061 500 2116 llouruuu
527 2061 707 2128 Macrianus,

125 2144 160 2183 m
172 2145 235 2190 oum
249 2146 319 2185 snos
336 2148 415 2186 rrsuu
436 2149 508 2187 sorr.
525 2163 560 2172 —
585 2131 709 2188 dudieus

125 2204 219 2280 autom
233 2201 286 2255 boc
298 2202 474 2271 Magdateua,
489 2219 552 2272 quae
563 2205 623 2274 jam
637 2203 708 2259 torte

124 2284 216 2324 rsum
236 2270 439 2340 praedicantem
464 2273 604 2342 audierat,
635 2279 709 2329 tacta

144 2339 222 2395 olore
237 2341 333 2396 cordis
345 2341 525 2403 intrinsecus.
543 2360 594 2415 pro
608 2360 707 2415 pecca-

124 2409 160 2464 tis
187 2411 257 2492 suis,
275 2424 304 2467 et
318 2411 353 2468 de
376 2412 417 2468 eis
442 2414 524 2485 plene
541 2422 570 2470 et
587 2415 708 2483 perfecte

123 2487 256 2551 coutrita,
273 2482 436 2555 amorisque
451 2487 512 2557 ejus
524 2485 590 2556 igne
605 2502 708 2542 acceu-

123 2565 167 2621 sa,
183 2569 246 2609 curn
260 2555 414 2623 alabastro,
428 2555 457 2612 id
468 2563 511 2612 est
521 2556 568 2613 tali
582 2573 647 2614 vase
660 2574 709 2613 uu-

124 2624 233 2751 ffiuenli,
254 2626 377 2698 perrexit
395 2628 433 2685 ad
459 2628 552 2685 locum
575 2629 706 2685 convivii.

149 2697 248 2752 teuim
274 2697 342 2753 dicit
355 2701 440 2756 Beda.
464 2700 637 2757 alabastrum
664 2705 708 2757 cst

123 2781 215 2837 genus
230 2769 379 2825 marmoris
394 2770 506 2826 candidi
530 2771 616 2827 variis
631 2772 707 2828 colo·

123 2836 203 2893 ribus
227 2838 393 2910 intertincti,
419 2842 494 2912 quod
513 2842 550 2897 ad
570 2859 637 2899 vasa
655 2859 707 2899 un·

123 2908 274 2989 guelnlaria
292 2925 393 2967 cavare
412 2913 552 2981 solebant,
574 2929 608 2970 eo
632 2913 708 2995 quod

123 2984 231 3048 optune
258 2996 372 3037 servare
400 2981 564 3054 incorrupta
592 2983 706 3040 dicitur.

123 3049 178 3130 Iste
195 3051 365 3117 Pharrsaeus,
380 3054 548 3123 quandoque
566 3053 596 3110 in
613 3057 707 3111 Evau-

122 3120 198 3247 felro
217 3124 312 3179 Simon
338 3126 461 3194 leprosus
488 3124 602 3194 dicitur,
627 3127 708 3198 cuius

134 3206 202 3262 epra
231 3208 288 3249 non
319 3193 381 3251 siue
411 3211 497 3253 causa
522 3205 706 3254 memoratur.

100 3270 103 3277 '
123 3263 203 3319 Unde
219 3265 424 3333 chrysostomus
439 3287 448 3323 ε
466 3289 478 3319 v
494 3270 556 3324 Non
570 3268 707 3341 simplici·

122 3337 168 3390 ter
193 3341 288 3392 aulem
315 3336 401 3409 leprae
433 3338 555 3395 Simonis
579 3339 710 3397 meminit

122 3407 313 3479 Evangelista,
338 3412 387 3466 sed
410 3415 441 3467 ut
471 3411 604 3467 ostendat
631 3412 708 3469 uude

122 3479 270 3559 considens
289 3480 406 3538 accessit
422 3482 482 3539 baec
502 3483 624 3540 mulier:
643 3484 709 3555 quia

121 3563 199 3604 enim
216 3552 295 3632 lepra
307 3552 456 3610 videbatur
468 3555 549 3612 valde
560 3553 709 3611 immunda

122 3634 185 3674 esse
205 3636 299 3691 passio
323 3629 352 3678 et
372 3623 582 3693 abominabilis,
610 3625 709 3682 videus

121 3689 299 3770 blagdalvrna,
329 3692 404 3762 quod
436 3696 520 3750 lesus
560 3700 709 3752 curaverat

121 3758 201 3839 illuni
222 3760 377 3830 bominem,
393 3764 511 3820 conlidit
526 3765 662 3836 quoniam
679 3772 707 3822 et

121 3844 309 3911 anrmaesuae
334 3831 543 3891 immunditiam
563 3835 646 3892 iacile
659 3852 707 3892 ex·

121 3903 254 3974 purgabit
281 3918 288 3956 :
319 3923 334 3952 n
359 3903 419 3959 haec
440 3906 655 3974 chrysostomus.
675 3910 709 3963 Et

121 3988 187 4030 curu
214 3972 314 4030 mulier
338 3974 375 4030 ad
403 3974 496 4032 locum
520 3976 707 4047 pervenisset,

120 4043 195 4103 facie
211 4044 347 4103 inclinata
361 4050 389 4102 et
403 4046 530 4103 oculisin
545 4053 650 4105 terram
662 4051 709 4105 de-

121 4117 226 4187 missis,
245 4124 312 4175 aute
331 4116 463 4175 convivas
480 4119 630 4188 transiens,
652 4137 710 4178 nou

121 4188 228 4259 quievit
247 4189 337 4247 donec
361 4190 398 4246 ad
416 4192 513 4247 lesum
533 4190 707 4263 perveniret;

121 4263 148 4315 et
162 4265 239 4333 tunc,
260 4260 347 4333 illico,
366 4267 531 4336 atoasaecus
546 4263 629 4336 pedes
649 4263 708 4334 cy'ua

766 423 921 492 prostrata,
945 416 1012 489 quia
1035 432 1066 473 se
1081 423 1147 473 aute
1171 431 1279 487 ponere
1295 432 1355 476 uon
1397 422 1402 429 “

767 491 900 558 audebat,
929 505 989 561 prae
1019 493 1201 561 peccalorum
1233 503 1354 546 suorum

766 560 947 628 verecundia,
962 566 990 616 et
1004 560 1193 632 procumbens
1210 559 1289 616 vultu
1305 577 1351 617 su·

766 648 818 706 per
841 634 928 705 pedes
943 632 1030 703 ipsos,
1050 648 1114 688 cum
1130 631 1252 702 quadarn
1266 631 1353 688 conti-

766 704 874 772 dentia,
900 703 968 774 quia
984 704 1045 773 jam
1071 704 1180 758 intense
1206 710 1233 758 et
1264 718 1353 774 super

766 777 864 832 omnia
894 791 959 832 eum
988 773 1135 844 diligebat,
1168 778 1197 829 et
1224 772 1255 828 in
1289 775 1352 845 ejus

765 863 863 903 amore
875 847 1006 913 ardebat;
1022 849 1102 916 coepit
1112 845 1223 899 sortiter
1237 844 1352 902 lletibus

765 925 793 974 et
810 917 979 989 singultibus
993 916 1149 979 abundare,
1166 930 1200 971 ac
1219 917 1352 984 lacrymis

764 989 882 1060 largiter
901 986 1117 1044 decurrentibus
1135 987 1217 1056 pedes
1240 985 1350 1043 [lumini

765 1061 900 1117 balneare
917 1066 945 1116 et
972 1062 1076 1115 lauare.
1096 1058 1177 1114 Unde
1192 1063 1272 1128 patet
1287 1074 1349 1115 ma·

763 1131 882 1204 gnitudo
890 1131 1079 1196 contritionis,
1093 1146 1126 1186 ex
1141 1144 1198 1200 qua
1210 1129 1349 1201 lacrymas

763 1202 936 1276 poenitentiae
968 1200 1136 1273 sanguinem
1167 1200 1259 1256 cordis
1286 1201 1350 1257 luu-

763 1275 843 1339 dens,
856 1274 1062 1342 lantumllevit,
1074 1273 1149 1344 quod
1160 1271 1292 1343 lacrymae
1304 1288 1350 1344 pe·

763 1348 812 1403 des
830 1346 914 1403 unius
928 1345 1051 1401 hominis
1066 1344 1161 1400 lavare
1178 1347 1347 1414 potuerunt3

762 1427 787 1473 ct
801 1421 902 1488 capitis
916 1417 1032 1473 tandem
1048 1432 1064 1472 a
1083 1417 1151 1471 tletu
1166 1430 1292 1482 cessans,
1307 1430 1350 1469 ca·

761 1486 1348 1560 pillissuis,pedeslesulotoseateryebot,

762 1567 798 1623 ct.
816 1576 912 1616 amore
932 1565 1089 1626 crescente,
1107 1559 1286 1613 osculabatur
1300 1572 1349 1613 eos

763 1648 839 1704 saepe
862 1630 983 1687 dulciter
1008 1637 1035 1686 ct
1062 1637 1204 1696 amanter,
1234 1644 1286 1684 uec
1313 1628 1349 1684 de

763 1705 817 1759 boc
845 1701 941 1758 satiari
957 1701 1057 1774 potuit.
1081 1705 1118 1757 Et
1141 1700 1206 1771 quia
1233 1703 1350 1771 propter

763 1774 866 1830 itinera
893 1772 1013 1844 squalidi
1049 1778 1078 1829 et
1104 1771 1170 1828 lassi
1195 1776 1271 1838 erat,
1300 1785 1351 1826 eos

762 1846 849 1903 etiam
864 1851 1001 1914 unqueuto
1016 1843 1140 1915 pretioso
1164 1843 1294 1910 annelat,
1311 1841 1349 1897 ad

763 1916 943 1988 rel'rigerium
958 1915 1061 1972 caloris
1086 1919 1114 1970 et
1141 1912 1348 1984 mitigationem

763 1988 880 2058 doloris,
906 2005 939 2044 ex
965 1988 1063 2042 labore
1086 1984 1206 2041 itineris.
1232 1986 1265 2040 Et
1289 1984 1349 2040 baec

764 2060 890 2132 quidem,
916 2075 978 2130 quae
998 2057 1074 2114 dicta
1102 2061 1168 2113 sunt
1191 2056 1350 2126 agebantur

764 2131 907 2200 exterius3
930 2147 993 2203 quae
1011 2145 1078 2185 vero
1102 2127 1265 2185 revolvebat
1287 2127 1349 2198 ejus

764 2202 894 2267 intentio,
928 2202 1017 2257 multo
1050 2198 1223 2256 ferventiora
1254 2202 1348 2266 erant,
1376 2263 1380 2271 ι

764 2288 829 2344 quae
853 2273 930 2329 solus
960 2275 1035 2328 Deus
1064 2269 1242 2342 inspiciebat.
1269 2268 1348 2325 Unde

765 2345 912 2412 Gregorius
930 2346 1070 2412 Nysaeaus
1088 2360 1094 2398 :
1112 2363 1128 2393 «
1146 2339 1349 2411 indignitatem

763 2422 859 2472 autem
880 2430 962 2470 suam
987 2413 1141 2470 ostendens
1168 2414 1261 2469 stabat
1286 2414 1349 2475 post

763 2491 885 2556 tergum,
902 2484 1019 2558 dejectis
1035 2483 1199 2550 luminibus,
1215 2488 1244 2539 et
1258 2482 1349 2538 ellusa

763 2574 844 2616 coma
863 2558 950 2629 pedes
964 2557 1140 2628 amplectens
1160 2555 1348 2635 lacrymisque

763 2646 813 2687 eos
846 2629 1030 2701 perfundens,
1061 2627 1101 2683 sic
1127 2627 1212 2682 rebus
1239 2630 1348 2681 tristem

762 2700 890 2758 animum
915 2699 1094 2768 ostendebat,
1114 2697 1225 2754 veniam
1247 2694 1349 2768 implo-

763 2788 832 2828 rans
849 2789 855 2826 :
872 2792 886 2822 a
904 2772 964 2827 baec
985 2771 1132 2838 Greqorius
1148 2771 1297 2838 itys-senus.
1314 2768 1347 2822 lu

764 2859 798 2900 eo
814 2858 882 2913 ergo
901 2843 977 2912 quod
993 2841 1094 2898 mulier
1112 2846 1189 2896 retro
1209 2844 1277 2907 stat,
1297 2837 1347 2894 de·

763 2913 839 2969 volio
854 2918 883 2969 ct
899 2913 1043 2969 humilitas
1062 2910 1225 2985 agnoscitur
1241 2928 1248 2978 ;
1269 2910 1298 2965 iu
1314 2924 1347 2965 eo

763 3001 831 3041 vcro
846 2984 924 3055 quod
938 2983 1068 3056 lacrymis
1082 2983 1168 3055 pedes
1181 2981 1265 3052 rigat,
1281 2995 1353 3037 vera<

763 3055 931 3129 poeniteutia
952 3061 980 3111 et
994 3055 1087 3112 cordis
1103 3052 1280 3123 compunctio
1296 3050 1348 3107 de·

765 3131 948 3183 monstratur.
966 3129 999 3183 Et
1019 3126 1155 3198 quoniam
1176 3124 1292 3180 easdem
1306 3122 1347 3177 la·

765 3214 876 3270 crymas
900 3196 1011 3269 capillis
1035 3196 1172 3268 tergendo
1197 3194 1349 3251 abscondit

764 3275 793 3325 et
811 3269 897 3339 delet,
909 3285 971 3325 sese
984 3269 1018 3324 dc
1031 3267 1084 3324 illis
1101 3283 1158 3323 uon
1173 3282 1235 3323 csse
1253 3271 1348 3321 osteu-

764 3339 816 3410 dit,
825 3344 875 3410 qui
885 3357 967 3412 opero
978 3356 1029 3395 suo
1038 3341 1148 3407 sumunt
1158 3343 1189 3392 ut
1199 3337 1347 3392 videantur

764 3414 800 3468 ab
827 3413 993 3468 bominibus.
1019 3442 1042 3451 -
1067 3414 1099 3466 la
1118 3410 1208 3465 osculo
1235 3421 1345 3478 pacem,

764 3499 892 3540 amorem
905 3489 933 3539 et
947 3482 1127 3539 dilectionem
1151 3479 1345 3545 monstrabat,

765 3558 794 3610 ta
808 3561 949 3623 coquente
962 3569 1029 3610 vero
1045 3551 1138 3608 cordis
1157 3549 1257 3606 intima
1270 3550 1348 3606 blau·

764 3624 890 3682 dimaota
917 3630 945 3682 et
971 3623 1065 3680 devoti
1093 3621 1221 3693 obsequii
1237 3618 1346 3676 affecti·

764 3711 848 3752 onem
874 3696 1063 3767 significabat.
1095 3694 1149 3748 Per
1173 3696 1349 3748 alabastrum

783 3773 863 3822 ectus
877 3774 905 3823 et
919 3766 1013 3823 cordis
1025 3763 1220 3826 secretarium,
1250 3762 1346 3818 lenum

764 3781 821 3892 Ede
835 3842 863 3892 et
875 3837 991 3893 caritate
1006 3778 1347 3917 possumusiutesligerm

764 3908 821 3964 tale
836 3908 911 3964 cuim
927 3909 1101 3965 alabastrum
1115 3905 1279 3977 buyusmodr
1295 3918 1348 3959 un·

764 3985 901 4050 guantum
919 3979 1063 4036 consuevit
1078 3992 1202 4035 servare.
1221 3975 1276 4034 Ubi
1288 3974 1352 4031 θνα·

764 4054 882 4120 portus:
909 4070 923 4103 v
952 4049 1093 4121 Cogitanti
1117 4046 1187 4105 mibi
1206 4047 1242 4104 de
1262 4060 1351 4118 poenr·

764 4121 854 4178 tentia
893 4122 999 4185 llariae,
1037 4122 1105 4177 licre
1143 4117 1232 4189 magis
1267 4116 1338 4173 libet

765 4208 849 4265 quam
867 4191 975 4264 aliquid
988 4191 1083 4248 dicere
1109 4191 1195 4262 Cujus
1208 4189 1285 4245 enim
1299 4157 1350 4270 vel

765 4279 880 4322 saxeum
893 4269 1004 4337 pectus,
1018 4263 1075 4320 illa
1087 4263 1173 4336 hujus
1182 4264 1351 4334 peccatricis
1385 4328 1390 4337 Ι
