2880 4942
100 320 148 378 268

107 446 218 489 marum
240 439 269 490 et
292 432 440 491 inebrieris
462 435 529 488 vino
549 447 687 502 compun-

107 503 217 571 ctionis,
240 505 298 562 noli
325 508 445 562 invitare
464 504 581 573 amicos,
598 506 625 559 id
645 509 689 559 cst

104 575 162 631 noli
179 592 262 632 orare
280 581 389 633 tantum
406 594 455 647 pro
470 576 567 632 amicis
584 582 612 631 ct
624 591 689 631 con-

104 649 268 719 sanguineis
294 648 361 717 tuis,
378 657 406 704 et
426 665 476 719 pra
496 647 639 717 divitibus,
661 646 689 703 id

107 723 150 773 est
165 734 215 785 pro
229 719 321 789 justis,
334 719 382 791 qui
396 726 461 775 sunt
473 719 574 776 divites
590 719 618 775 in
633 718 689 774 vir-

106 788 225 858 tutibus;
239 791 289 847 sed
303 807 353 862 pro
368 791 492 847 inimicis
511 796 540 847 ct
559 796 690 862 peccato·

108 859 195 917 ribus.
212 863 260 932 qui
276 878 341 919 vere
363 878 502 936 pauperos
521 871 596 919 sunt.
611 863 691 919 Unde

107 931 201 1013 subdit
224 934 307 1015 :bed
332 951 399 991 coca
425 951 569 1018 pauperes,
593 934 621 991 id
649 940 693 990 est

108 1017 219 1059 associa
243 1022 272 1061 in
295 1010 344 1062 tua
363 1015 492 1065 oratione
513 1010 690 1078 {incentorem

108 1078 137 1130 ei
151 1075 306 1133 subdividit
321 1095 369 1135 eos
386 1081 413 1135 in
431 1078 487 1135 tria
506 1095 612 1150 genera
627 1093 691 1148 pen-

108 1150 248 1214 catorom,
265 1150 361 1205 dicens
377 1170 382 1207 :
400 1152 513 1215 debiles,
529 1150 556 1205 id
572 1156 612 1206 est
626 1165 690 1221 pec·

106 1222 203 1275 cantes
213 1236 245 1276 ex
257 1222 433 1289 indemitate,
443 1229 468 1280 et
477 1224 600 1286 claudos,
610 1221 637 1277 id
649 1225 692 1277 est

107 1297 259 1418 Reccantes
273 1308 306 1348 ex
322 1293 441 1362 matitia,
455 1294 562 1350 scilicet
574 1293 623 1365 arri
639 1294 690 1349 ha-

127 1367 175 1417 ent
200 1366 301 1434 pedem
329 1366 489 1421 intellectus
515 1363 692 1432 sanum,sed

106 1442 207 1514 pedem
229 1435 348 1491 affectus
369 1438 528 1505 infirmum3
549 1443 575 1491 et
599 1452 689 1499 cacos,

107 1504 134 1558 rd
151 1509 194 1558 est
212 1511 360 1574 peccantes
376 1524 408 1563 ex
424 1508 596 1578 ignorantia.
613 1509 690 1563 Prte-

106 1575 215 1630 dicator
230 1579 315 1632 etiam
331 1577 409 1634 verbi
424 1578 513 1634 divini
531 1579 597 1634 iacit
611 1578 692 1649 spiri·

109 1646 184 1701 tuale
211 1647 389 1717 convivium,
411 1649 460 1705 sed
491 1649 513 1704 si
546 1652 612 1705 iacit
638 1651 692 1706 hoc

106 1723 224 1788 propter
241 1718 359 1775 honoris
381 1723 424 1776 vei
441 1721 511 1777 tucri
526 1721 692 1794 temporalis

107 1789 348 1860 consecutionem,
370 1807 426 1848 non
450 1793 605 1849 habebrta
635 1795 691 1849 Deo

108 1862 283 1932 mercedem
298 1862 321 1919 si
336 1880 404 1920 vero
419 1865 485 1921 iacit
497 1870 613 1937 propter
627 1864 691 1921 ani-

107 1947 218 2014 marum
238 1937 369 2004 salmom,
387 1936 505 2009 recipiet
524 1953 588 1993 cum
606 1937 691 2009 justis

107 2011 193 2060 utam
221 2011 368 2063 aternam.
385 2010 423 2064 Ex
442 2025 476 2065 eo
495 2017 591 2064 autem
616 2008 692 2081 quod

107 2075 243 2134 Dominus
257 2078 304 2135 hie
323 2078 384 2135 ait:
403 2081 585 2136 Retribuetur
601 2082 628 2135 in
646 2096 691 2136 re·

105 2152 282 2205 surrectione
303 2151 456 2221 justarum,
472 2153 587 2221 quidam
605 2153 638 2207 de
652 2154 690 2206 si-

103 2221 162 2273 mui
177 2220 422 2283 discumbentibus.
431 2222 509 2278 rudis
519 2230 549 2279 et
560 2224 690 2292 carnaiis,

104 2290 160 2344 baec
174 2307 234 2346 eum
250 2292 384 2361 audisset,
400 2299 493 2349 motus
506 2293 598 2349 verbis
613 2294 691 2351 Chri·

104 2361 151 2428 sti,
172 2361 292 2417 credidit
312 2365 387 2434 quod
407 2365 577 2421 resurrectio
598 2367 692 2422 iutura

105 2437 180 2488 esset
195 2433 231 2489 ad
247 2434 334 2490 vitam
351 2435 421 2492 cibis
436 2436 631 2519 corporatibus
647 2440 690 2493 in-

107 2503 262 2575 digentem,
277 2512 306 2562 et
329 2509 406 2580 quod
426 2510 555 2566 Christus
575 2512 691 2580 promit·

107 2581 180 2632 teret
195 2593 273 2634 esras
286 2582 458 2648 corporales,
471 2582 499 2636 in
510 2598 598 2649 regno
609 2583 693 2638 coeio

458 328 566 381 nabun
594 326 713 379 rtnnts
741 323 844 377 CAPUT
871 325 970 377 LXXX

738 428 954 499 nondiiigenter
963 430 1171 500 percipiensea
1180 447 1245 503 quae
1258 431 1329 488 Chri·

740 507 799 557 stns
814 504 985 573 protuleram
1013 506 1123 574 putavit
1142 503 1254 559 etenim
1275 521 1329 558 cnr·

740 590 840 646 porcas
860 589 921 629 esse
944 576 1195 630 remunerationes
1212 580 1329 631 Sancto·

741 661 842 701 rum.»
858 646 912 701 Sed
927 645 1042 716 quidam
1058 646 1173 715 dicunt,
1192 647 1270 719 quod
1284 662 1329 717 prr

742 733 842 788 {ranem
855 716 908 773 iste
919 717 1003 772 homo
1018 718 1198 783 intelligebat
1213 720 1328 774 beatitu-

742 789 837 845 dinem
849 805 955 856 reram,
965 805 1027 860 quae
1037 789 1172 845 consistit
1183 792 1212 845 in
1228 789 1328 845 visione

742 866 770 917 ct
784 861 918 916 fruitione
933 860 1046 916 deitatis
1065 860 1170 917 Christi
1191 861 1326 933 principa·

742 932 816 1001 liter,
834 938 862 988 ct
878 932 1062 988 humanitatis
1077 933 1266 1000 secundario,
1283 934 1324 1003 qui

741 1010 824 1060 vorat
837 1020 866 1060 se
879 1020 982 1076 panem
997 1003 1071 1059 vitre.
1087 1005 1168 1060 Unde
1182 1006 1223 1060 ait
1237 1008 1326 1069 Auriu-

741 1080 852 1132 stinus:
869 1096 881 1126 ι(
899 1078 947 1132 Vei
961 1075 1041 1146 quasi
1057 1077 1083 1130 in
1100 1075 1263 1145 longinqua
1282 1075 1326 1131 iste

741 1149 911 1219 suspirabat,
924 1152 950 1202 et
959 1147 1041 1218 panis
1050 1147 1103 1202 iste
1113 1147 1251 1216 ccelesiis,
1264 1149 1327 1202 scili·

742 1225 786 1275 cet
800 1235 883 1291 qrrem
895 1219 1085 1287 desiderabat,
1099 1225 1167 1275 ante
1184 1219 1264 1275 diurn
1279 1218 1327 1274 dis

742 1292 900 1347 cumbebat.
917 1291 984 1358 Quis
1002 1290 1134 1346 animost
1151 1290 1236 1363 panis
1251 1289 1326 1361 regni

742 1364 802 1424 Dei.
823 1362 875 1419 nisi
900 1361 948 1433 qui
968 1361 1057 1417 dicit:
1078 1365 1136 1431 Epo
1162 1379 1223 1416 suin
1253 1365 1327 1433 panis

742 1439 831 1503 cirus,
848 1437 897 1505 qui
915 1437 949 1490 de
963 1437 1025 1489 culo
1039 1434 1193 1490 descendi?
1209 1435 1271 1489 Noh
1287 1449 1327 1504 pa·

742 1520 807 1561 rare
821 1512 925 1573 lauces,
936 1505 986 1561 sed
1001 1522 1072 1562 cor:
1089 1524 1104 1559 u
1119 1507 1183 1561 haec
1199 1508 1326 1574 Augusti·

741 1594 802 1634 nus.
821 1581 923 1633 Beatus
942 1578 1027 1648 igitur
1046 1576 1093 1648 qui
1114 1577 1192 1634 huno
1214 1592 1325 1649 panem,

742 1650 789 1719 qni
804 1649 922 1704 reiectio
937 1648 1097 1705 anirnarum
1113 1655 1168 1707 est.
1182 1648 1328 1704 manduca·

743 1722 783 1775 bit
805 1721 833 1775 in
852 1736 940 1791 regno
958 1721 1018 1788 Dei,
1037 1720 1161 1777 videndo
1178 1719 1288 1776 scilicet
1304 1726 1328 1776 et

741 1791 871 1860 fruendo,
888 1793 923 1847 dc
942 1809 997 1862 uuo
1021 1791 1125 1847 dicitnr
1148 1794 1177 1847 in
1198 1790 1329 1847 Ecclesia·

742 1863 837 1919 stica:
858 1866 912 1931 Qui
926 1865 1009 1920 edunt
1028 1880 1070 1919 me
1090 1864 1183 1918 adbuc
1202 1866 1326 1929 esurient,

741 1952 799 1992 non
815 1941 929 2006 propter
942 1935 1023 1991 samis
1040 1935 1186 2003 inediem;
1203 1936 1256 1991 sed
1270 1950 1327 2006 pro·

740 2013 804 2079 pter
824 2006 928 2063 fastidii
948 2008 1118 2063 absentiam.
1135 2006 1216 2063 Unde
1230 2007 1325 2063 Beda:

742 2099 756 2131 a
777 2081 863 2136 Panis
886 2077 934 2149 qui
963 2082 1162 2145 manducatur,
1187 2077 1217 2134 in
1241 2092 1330 2148 regno

742 2151 802 2220 Dei,
818 2167 875 2207 non
892 2151 1045 2217 corporatis
1063 2150 1270 2221 intelligendus
1287 2153 1326 2204 cst

742 2222 832 2289 cibus,
852 2222 901 2277 scd
929 2221 975 2276 iiie
997 2226 1096 2294 utique
1116 2239 1165 2293 qut
1191 2222 1233 2276 ait
1253 2222 1328 2291 :ch

741 2295 891 2367 sumpanis
904 2296 984 2347 ciuus
998 2298 1047 2365 qui
1059 2295 1092 2349 de
1105 2295 1170 2349 caio
1184 2291 1326 2359 descendi,

740 2369 766 2422 si
788 2369 851 2436 quis
874 2366 1082 2421 manducaverit
1107 2382 1142 2420 ee
1173 2365 1222 2420 hoc
1248 2377 1328 2436 pauo,

740 2443 812 2494 ciaet
827 2440 856 2493 in
871 2444 1011 2506 aeternum,
1027 2437 1053 2493 id
1071 2443 1123 2506 est,
1140 2435 1164 2492 si
1181 2434 1247 2507 quis
1263 2450 1329 2491 ntea

742 2508 1137 2566 incarnationissacramento
1148 2511 1277 2579 perfecte
1288 2506 1329 2564 in·

741 2588 915 2651 corporatus,
939 2596 1009 2637 meae
1037 2581 1139 2636 divina
1172 2577 1330 2648 majestatis

107 2663 189 2716 rum;
210 2649 272 2705 ideo
290 2651 367 2707 dixit
378 2654 424 2708 iiii
439 2670 446 2708 :
461 2655 560 2709 Beatus
573 2660 626 2722 est,
642 2657 692 2724 qui

106 2720 287 2776 manducabit
319 2740 397 2778 auem
411 2727 440 2778 in
449 2741 532 2792 regno
543 2729 601 2781 Dei.
613 2727 691 2782 Unde

107 2790 228 2858 Curidius
242 2810 250 2847 :
266 2810 280 2844 «
296 2739 384 2850 iiomo
398 2794 451 2851 iste
466 2796 599 2853 animalis
618 2801 689 2865 erat,

740 2652 847 2709 visione
873 2652 929 2708 irni
952 2652 1097 2714 meruerit,
1119 2650 1166 2707 hic
1189 2655 1330 2721 perpetua

740 2724 805 2780 rita
830 2723 997 2780 immortalis
1019 2722 1196 2781 beatitudine
1219 2720 1328 2792 gaude·

740 2797 782 2853 bit
797 2814 804 2852 :
822 2817 836 2846 »
850 2797 912 2852 haec
926 2796 1011 2852 Beda.

659 3055 788 3114 ORATIO

143 3218 261 3279 Domine
275 3223 342 3281 Jesu
359 3222 481 3294 Christe,
495 3240 581 3282 manu
598 3225 801 3284 misericordiae
823 3234 878 3284 tuae
894 3242 938 3282 me
957 3225 1141 3298 apprehende
1156 3230 1186 3282 et
1200 3231 1332 3301 protege,

107 3307 144 3349 ne
152 3295 309 3420 [praevaleat
324 3295 354 3352 in
369 3312 414 3354 me
429 3297 590 3370 hydropisis
600 3298 723 3356 carnaiis
732 3298 896 3372 voluptatis,
913 3298 956 3354 vei
970 3297 1100 3366 avaritia,
1115 3302 1163 3353 aut
1178 3301 1329 3371 superbia3

109 3370 138 3420 et
171 3381 188 3421 a
206 3366 273 3423 mihi
291 3373 320 3425 ut
332 3385 384 3441 per
397 3385 494 3426 veram
507 3370 612 3441 cordis,
627 3374 686 3428 oris
699 3375 728 3426 et
740 3372 832 3443 operis
848 3369 1035 3427 inuenititatem
1055 3373 1083 3424 in
1098 3368 1255 3426 novissimo
1271 3372 1331 3429 loco

107 3440 272 3520 recumbam
292 3440 430 3497 nrirrorem
454 3458 500 3498 rue
520 3442 584 3499 aliis
605 3442 773 3515 reputando,
790 3450 818 3499 et
845 3459 895 3515 per
923 3440 1146 3498 misericordiam
1170 3440 1332 3513 indigentes

106 3516 228 3568 invitare
244 3528 301 3569 non
314 3516 454 3581 omittam,
470 3530 570 3571 eornm
583 3513 800 3571 necessitatibus
814 3530 865 3586 pro
879 3530 961 3585 posse
975 3514 1179 3569 succurrendo.
1198 3514 1329 3586 Largitur

108 3582 321 3663 opulentissime
336 3587 419 3654 Dens,
433 3586 469 3641 da
482 3585 550 3642 mihi
562 3587 665 3643 misero
680 3602 780 3654 {ranem
796 3586 937 3654 caticum,
949 3584 996 3657 qui
1011 3591 1040 3641 tu
1052 3583 1112 3656 ipse
1124 3600 1168 3651 es,
1180 3592 1331 3643 manduca·

112 3669 143 3735 re
158 3669 186 3708 in
199 3669 287 3735 regno
300 3656 368 3723 Dci;
384 3672 436 3728 pro
450 3672 586 3729 qnopane
597 3659 658 3727 tibi,
668 3660 798 3725 Domine,
810 3657 935 3728 quotidie
952 3656 1119 3727 militamus,
1134 3671 1186 3728 pro
1201 3673 1258 3729 quo
1271 3663 1331 3715 tota

106 3723 152 3778 dre
167 3726 385 3796 mortificamur,
400 3732 431 3784 ut
445 3728 475 3785 in
488 3735 535 3786 tua
547 3730 604 3786 vita
619 3730 757 3786 vivamus.
777 3732 879 3785 Arnen.
