2880 4942
122 337 168 391 tte
462 338 574 392 illlis
600 337 716 394 Pullis
743 337 848 394 eleni
876 336 1001 391 bllxlll

131 442 198 519 qula
207 449 453 522 oeusnanpeusat
462 453 611 521 quantun,
620 449 670 506 sed
683 462 715 506 eir

130 527 246 591 quanto.
262 524 301 577 De
320 521 455 593 praedicta
470 521 655 577 similitudine
669 538 715 578 ar·

130 589 209 648 horis
223 598 252 649 et
265 592 329 649 alils
337 594 400 720 Aeni
419 592 512 661 tactis,
528 595 617 650 babes
630 593 716 649 eliam

129 677 216 735 supra
240 665 315 720 circa
360 678 423 720 ucrn
439 664 579 720 sermonis
605 665 715 721 Domini

130 733 161 790 in
189 738 300 817 monim
317 733 365 792 uhi
391 737 474 809 plura
500 737 536 794 de
556 736 601 793 his
621 736 717 794 videre

129 811 250 878 poteris.

170 884 200 933 15
216 881 255 934 De
272 894 337 936 oum
352 895 439 936 tuneo
454 896 549 939 orioso
561 896 640 938 nario
655 896 719 937 neo-

130 964 220 1031 assm
239 966 296 1007 ser.
314 980 344 992 -
368 954 521 1025 Postquam
541 960 636 1011 autem
655 967 719 1026 pro·

131 1027 216 1077 cessit
230 1022 377 1094 probando
397 1030 423 1080 et
440 1027 597 1098 arguendo,
618 1040 718 1082 conse·

130 1100 252 1164 quanter
286 1096 413 1167 procedit
441 1097 653 1165 comminando,
682 1110 718 1153 ne

129 1165 248 1222 credant
271 1181 391 1238 parvum
415 1168 515 1225 vitium
542 1169 614 1225 male
629 1166 717 1240 loqui,

130 1240 160 1292 et
175 1238 249 1294 mala
271 1238 359 1296 verba
377 1254 436 1296 uon
463 1240 567 1313 puniri.
584 1243 625 1297 lta
650 1256 717 1311 ergo

129 1309 222 1366 malus
241 1309 350 1382 profert
365 1311 440 1368 mala
459 1314 556 1379 verba,
574 1328 637 1384 quae
651 1309 718 1383 qui·

129 1379 194 1435 dem
223 1396 281 1438 non
310 1388 375 1439 sunl
392 1384 633 1455 parvipendenda,
650 1398 717 1454 qtto·

128 1453 204 1506 atum
220 1468 297 1507 omne
315 1456 426 1509 verbum
445 1459 572 1525 otiosum,
587 1470 643 1510 nou
659 1461 718 1510 tan·

131 1525 192 1577 tum
211 1524 404 1594 perniciosum
424 1527 497 1595 quod
512 1529 596 1581 locuti
612 1529 719 1594 fuerint

133 1594 265 1674 lio-mines,
277 1597 392 1651 reddent
402 1598 435 1651 de
444 1613 472 1652 eo
487 1601 631 1659 rationem,
643 1597 718 1668 quod

131 1670 185 1746 erit
208 1665 290 1722 valde
312 1665 439 1736 difficile,
456 1668 522 1739 quia
542 1668 626 1725 locuti
653 1673 718 1724 sunt

129 1751 193 1818 sina
218 1737 343 1807 ralioae;
359 1739 414 1807 tol,
437 1741 552 1796 reddent
570 1743 715 1803 retronea,

127 1807 156 1862 id
173 1813 216 1864 est
231 1810 340 1866 solvent
361 1813 389 1867 in
406 1812 451 1866 die
462 1812 568 1882 judicii
580 1826 715 1884 pcenam3

127 1881 203 1962 quod
228 1879 367 1953 judicium
396 1883 451 1939 erit
485 1884 621 1953 terribile,
650 1883 717 1956 quia

127 1964 189 2007 sine
220 1968 270 2025 spe
294 1951 394 2011 venie.
424 1955 452 2013 Si
480 1962 574 2013 autem
600 1956 715 2025 dicitur,

130 2024 206 2095 quod
222 2028 339 2084 verbum
353 2027 528 2085 otiosumest
541 2029 617 2101 quod
631 2027 718 2085 ratio·

128 2110 300 2179 nevernum
316 2105 369 2168 θεῖ,
385 2114 452 2171 ergo
463 2101 498 2156 de
513 2116 546 2157 cu
562 2116 618 2156 uon
633 2100 717 2157 debet

131 2182 230 2237 quaeri,
253 2186 306 2226 nec
333 2176 425 2243 pote-t
449 2171 522 2228 ratio
544 2172 644 2240 reddi;
668 2187 715 2227 re-

127 2241 325 2308 spondendum
342 2244 418 2312 quod
445 2241 510 2299 licet
535 2243 656 2299 otiosum
680 2238 717 2298 sit

128 2308 240 2390 ratione
256 2327 386 2380 vacuum,
402 2319 499 2369 lamen
517 2313 583 2395 quia
598 2315 717 2370 verbum

127 2379 227 2462 delictit
242 2382 347 2439 habere
363 2384 512 2453 rationem,
529 2385 591 2440 ideo
607 2385 642 2440 de
656 2387 716 2456 ipso

128 2457 250 2534 exigitur
266 2455 348 2517 ratio,
363 2456 473 2512 scilicet
488 2455 653 2513 omissionis
669 2471 715 2512 ra·

128 2524 222 2607 tionis.
240 2528 273 2582 Et
296 2542 329 2584 eii
350 2528 403 2584 hoc
424 2534 512 2600 patet,
533 2527 608 2600 quod
632 2529 718 2600 longe

128 2610 219 2668 magis
244 2601 361 2657 verbum
379 2601 512 2657 nocivum
531 2608 559 2657 et
583 2600 717 2657 crimino·

128 2683 190 2750 sulm
208 2670 312 2728 acriter
332 2672 476 2743 punietur,
497 2678 525 2730 et
544 2673 644 2729 reddet
665 2676 717 2728 bo·

128 2754 221 2796 mines
242 2740 270 2797 iu
292 2742 338 2799 dic
356 2742 453 2812 judicii
470 2743 715 2811 condemnabiles;

128 2812 211 2882 quale
232 2819 275 2868 est
293 2816 411 2871 verbum
431 2830 539 2877 eorum,
558 2830 614 2886 quo
632 2828 719 2885 opera

128 2882 249 3007 Spiritus
279 2885 373 2940 Sancti
402 2885 670 2954 calumniabantur,
691 2891 719 2942 et

129 2953 377 3024 haspbemalient,
396 2957 522 3012 dicentes
538 2973 545 3012 :
563 2959 594 3013 ln
610 2957 719 3013 Beelze-

129 3024 187 3081 bub
202 3024 279 3097 ejicit
293 3026 443 3083 damonia.
455 3030 487 3083 lit
498 3028 552 3095 bic,
565 3029 718 3085 secundum

129 3097 335 3167 Hieronymum,
348 3114 450 3155 sensus
474 3105 527 3168 est,
548 3100 571 3156 si
596 3100 719 3156 otiosum

131 3169 247 3250 verbum
264 3186 320 3227 uon
335 3176 379 3228 est
395 3172 503 3244 absque
517 3171 642 3244 periculo
657 3173 719 3244 ejus

132 3254 180 3366 gur
196 3241 329 3313 loquitur.
343 3248 371 3300 et
385 3246 419 3308 si,
434 3243 462 3299 in
476 3244 521 3300 die
532 3243 640 3314 judicii,
657 3244 719 3301 red·

153 3319 181 3368 et
196 3315 391 3388 unusquisque
402 3315 543 3372 rationem
555 3330 720 3374 sermonum

130 3398 245 3466 suorum
259 3404 265 3456 ;
278 3395 384 3460 querito
401 3387 492 3453 maris
511 3403 559 3445 ros
579 3386 719 3446 reddituri
743 3442 744 3447 ,

127 3461 197 3513 estis
211 3460 351 3517 rationem
368 3460 518 3517 calumnias
531 3462 654 3518 vestrae‘l
670 3464 720 3516 da·
743 3454 745 3487 ⁵

127 3534 213 3610 aeaut
244 3547 312 3603 ergo
337 3532 390 3588 sibi
420 3534 606 3597 de'ractores,
631 3547 720 3605 opera

126 3614 323 3671 proximorum
340 3603 501 3661 minuentes
519 3605 560 3661 vel
576 3604 718 3662 inlamen-

127 3671 317 3751 tes,'dicendo
342 3675 391 3730 ille
412 3690 475 3731 esse
491 3677 564 3733 lacte
586 3676 615 3732 in
631 3678 719 3759 bypa-

128 3756 204 3823 crisi,
219 3744 262 3823 ¹vel
279 3760 329 3815 pro
348 3760 421 3800 rana
435 3748 537 3829 gloria,
556 3748 599 3803 vel
622 3749 719 3818 aliquo

129 3815 256 3896 indebito
283 3815 356 3885 llue;
386 3821 414 3872 et
445 3821 484 3873 ita
509 3818 537 3873 in
563 3818 719 3874 Beelzebub

127 3883 333 3942 daeruomorum
361 3887 499 3960 principe.
520 3888 547 3945 Si
572 3889 658 3956 enim,
680 3888 719 3945 ite

125 3957 236 4029 judicat
263 3957 400 4016 Dominus
427 3959 462 4015 de
492 3962 579 4016 verbo
607 3960 717 4029 otioso;

127 4036 233 4101 querito
247 4031 338 4102 magis
348 4032 383 4087 de
392 4032 493 4087 nocivo
506 4038 534 4089 et
545 4031 721 4089 criminoso?

129 4102 164 4157 Ut
190 4109 285 4159 eutem
313 4104 381 4159 dicit
408 4103 483 4160 idem
506 4106 688 4173 llieronqmus
711 4124 720 4161 .·

129 4192 143 4255 q
159 4174 286 4231 Otiosum
304 4178 422 4234 verbum
435 4181 478 4233 est
494 4176 569 4248 quod
583 4177 644 4234 siue
664 4175 720 4234 uti·

126 4244 204 4301 litate
227 4247 366 4318 loquantis
390 4248 493 4305 dicitur
509 4255 537 4305 et
552 4249 719 4319 audientis;

128 4315 164 4384 si,
183 4316 297 4375 omissis
322 4320 415 4391 seriis,
442 4321 478 4378 de
500 4320 586 4380 rebus
612 4319 721 4378 lrivolis
746 4330 749 4391 t

769 450 931 520 loquamur,
952 450 981 502 et
1007 445 1118 502 tabulas
1139 458 1297 504 narremus
1317 462 1374 504 an·

770 521 872 592 tiques.
890 522 1032 583 Ceterum,
1053 517 1101 590 qui
1119 519 1255 576 scurrilia
1280 519 1375 592 repli-

771 599 827 659 cat,
843 598 871 649 ct
887 588 1035 647 cecbinuis
1048 605 1099 645 ora
1114 590 1258 660 dissolvit,
1275 596 1307 649 et
1321 590 1375 648 ali·

771 665 839 737 quid
851 663 958 736 prolert
970 661 1166 733 turpitudinis,
1179 662 1226 718 hic
1240 679 1300 719 non
1319 662 1373 720 oli·

771 737 812 794 osi
826 736 977 802 sermonis,
993 735 1043 790 sed
1057 733 1202 789 criminosi
1220 735 1374 791 tenebitur

773 822 850 876 reus;
873 808 997 877 ideoque
1015 805 1044 861 iu
1063 807 1215 862 verborum
1237 807 1372 878 pondere

772 879 903 953 probatio
932 878 1061 934 consistit
1088 878 1223 934 humanae
1250 878 1329 936 ritae.
1356 896 1370 932 a

773 947 1373 1020 Etilerum:‹rQuidquidnoucedilrcatau

774 1024 895 1091 dientes,
906 1020 936 1077 in
947 1021 1105 1093 periculum
1117 1021 1239 1077 vertitur
1252 1021 1369 1078 audien·

775 1095 888 1152 tium.»
911 1094 989 1149 Unde
1008 1097 1036 1149 et
1052 1093 1183 1162 Oriqenes
1204 1111 1212 1148 r
1236 1114 1251 1144 u
1271 1093 1369 1150 luanis

775 1174 818 1224 est
832 1164 925 1222 omnis
940 1179 1045 1232 sermo,
1061 1164 1090 1220 in
1112 1180 1167 1235 quo
1192 1172 1312 1221 nonest
1327 1164 1369 1220 in·

775 1235 917 1294 trinsecus
943 1233 1052 1308 aliquid
1076 1251 1127 1307 pru
1155 1238 1225 1304 Deo,
1246 1236 1291 1292 ael
1318 1252 1368 1309 pro

776 1310 825 1367 Del
836 1308 981 1365 mandato.
992 1328 1004 1359 o
1016 1308 1095 1364 Unde
1106 1306 1192 1363 etiam
1201 1308 1368 1376 Greporius:

777 1403 792 1433 a
808 1381 935 1438 Otiosum
958 1381 1075 1436 verbum
1094 1380 1232 1450 estquod
1249 1386 1302 1435 aut
1324 1395 1368 1436 rs·

775 1453 854 1510 tione
867 1454 950 1524 justas
968 1449 1157 1518 necessitatis,
1173 1454 1223 1507 aut
1238 1450 1369 1507 intentio·

776 1540 813 1581 ne
830 1524 882 1596 pias
896 1522 1026 1579 utilitatis
1041 1526 1129 1578 caret.
1146 1524 1180 1577 Et
1194 1521 1217 1578 si
1231 1522 1268 1578 de
1282 1522 1368 1579 verbo

776 1594 1083 1659 otioroetcorritatioue
1097 1592 1294 1649 minutissima
1308 1594 1369 1651 red·

777 1668 871 1724 denda
885 1672 928 1722 est
942 1666 1015 1723 ratio
1027 1665 1111 1721 indie
1125 1664 1293 1733 novissimo,
1305 1680 1370 1736 pen·

777 1740 897 1796 sendum
923 1744 967 1794 est
986 1744 1095 1821 quanta
1110 1743 1227 1808 peccata
1243 1752 1370 1808 sequan-

778 1816 824 1868 tur
839 1813 951 1866 multos.
972 1811 1018 1867 Sic
1038 1808 1116 1865 enim
1140 1811 1213 1864 [leus
1239 1808 1371 1866 uuiuscu-

775 1885 879 1954 jusque
895 1882 954 1938 vias
970 1881 1142 1950 considerat,
1155 1885 1182 1936 et
1198 1881 1239 1936 sic
1254 1895 1370 1953 gressus

778 1958 938 2022 enumerat,
954 1959 985 2010 ut
999 1969 1052 2009 nec
1073 1951 1270 2008 minutissimae
1291 1951 1368 2025 cogi-

777 2026 910 2091 tationes,
927 2032 976 2082 aut
1001 2024 1168 2080 tenuissima
1185 2026 1285 2091 verba,
1303 2038 1368 2095 que

777 2098 852 2181 apud
872 2112 925 2153 nos
944 2096 1097 2165 viluerunt,
1114 2097 1176 2168 eJus
1193 2095 1302 2166 judicio
1326 2094 1368 2150 in·

777 2171 905 2226 discussa
933 2173 1142 2224 remaneant.»
1173 2168 1251 2223 Unde
1278 2165 1364 2223 etiam

778 2244 984 2310 Ubrpsostomus
999 2258 1008 2295 e
1024 2258 1037 2293 u
1052 2239 1180 2296 Otiosum
1192 2240 1312 2295 verbum
1325 2238 1366 2294 in·

777 2312 924 2384 telligitur,
943 2328 999 2367 non
1020 2311 1138 2379 malum,
1152 2311 1202 2366 sed
1219 2311 1298 2382 quod
1319 2310 1368 2366 ba-

778 2399 846 2440 num
867 2398 924 2439 non
944 2390 1090 2510 uferatur,
1111 2382 1198 2439 idest
1217 2382 1295 2453 quod
1311 2396 1368 2438 non

778 2456 901 2512 edificat
916 2470 960 2511 aui
974 2454 1090 2511 lentem.
1107 2453 1133 2511 Si
1143 2468 1211 2526 ergo
1226 2468 1279 2525 pro
1293 2455 1368 2510 bono

777 2529 864 2585 aerbo
881 2531 909 2583 ct
924 2527 1014 2583 otioso
1032 2527 1171 2583 rationem
1185 2538 1284 2581 snmus
1302 2524 1369 2580 red·

778 2599 875 2667 dituri,
891 2597 958 2670 quid
972 2611 1121 2671 speramus
1135 2598 1171 2652 de
1186 2597 1263 2652 malo
1273 2596 1288 2652 i
1299 2598 1332 2652 st
1346 2594 1370 2652 si

778 2672 814 2728 de
841 2671 915 2727 melo
934 2671 1021 2727 verbo
1046 2669 1185 2725 rationem
1205 2667 1302 2724 daturi
1323 2680 1369 2725 su-

779 2758 852 2811 mus,
862 2742 930 2815 quid
942 2756 1090 2813 speramus
1101 2741 1136 2796 de
1148 2754 1235 2811 opere
1248 2736 1368 2795 maloin

778 2815 839 2870 liaeo
852 2818 1068 2883 Ultrpsostomus.
1083 2814 1117 2868 Et
1131 2810 1195 2867 idco
1210 2811 1372 2867 cavendum

778 2890 820 2942 est
837 2900 854 2942 a
867 2886 962 2943 verbis
973 2884 1072 2941 otiosis
1086 2889 1114 2940 et
1123 2883 1215 2940 malis.
1224 2886 1269 2939 Ea
1282 2883 1373 2938 verbis

778 2960 850 3013 enim
867 2963 922 3012 tuis
938 2957 959 3012 si
978 2957 1083 3013 luerint
1099 2957 1184 3019 bona,
1200 2969 1235 3010 ac
1251 2951 1373 3010 bonitati

778 3028 882 3085 mentis
908 3042 1043 3096 consona,
1060 3031 1087 3082 et
1114 3028 1165 3083 sub
1191 3025 1297 3082 debitis
1316 3024 1371 3081 cir-

778 3100 957 3157 cumstantiis
972 3101 1092 3171 prolata,
1111 3099 1325 3168 iustificaberis,
1341 3095 1369 3151 id

778 3181 821 3229 cst
847 3172 1014 3240 mereberis,
1036 3171 1079 3226 vel
1108 3176 1255 3241 tamquam
1275 3170 1370 3240 justus

779 3243 1019 3312 remuneraberis
1033 3248 1068 3310 et,
1080 3259 1096 3298 e
1107 3257 1254 3302 converso,
1266 3256 1302 3296 ea
1313 3255 1371 3295 acr-

780 3317 820 3371 bis
829 3316 1125 3376 tuiscondemnuteris.
1136 3317 1158 3370 si
1171 3312 1276 3369 luerint
1285 3310 1370 3379 mala,

778 3392 807 3445 et
823 3387 967 3460 predictis
987 3385 1140 3443 contraria.
1162 3383 1370 3456 scriptumest

778 3459 873 3528 enim,
890 3460 956 3532 quia
977 3474 1050 3515 mors
1073 3463 1098 3513 et
1117 3459 1177 3512 otto
1193 3461 1222 3511 ia
1243 3455 1371 3535 maraldus

778 3535 889 3600 linque.
906 3535 938 3587 Et
964 3529 1028 3587 ideo
1059 3545 1091 3586 ex
1113 3527 1296 3585 sermonibus
1314 3533 1370 3583 tuis

774 3595 1370 3675 justiilcaberisvelcondemnaberisquod

778 3690 906 3732 omnium
928 3683 971 3731 est
987 3672 1177 3746 justissimum
1194 3687 1201 3726 ε
1218 3668 1326 3727 etenim
1339 3672 1371 3724 tu

777 3746 914 3802 domiuus
930 3763 961 3802 es
974 3751 1001 3801 ct
1017 3742 1142 3810 dicendi,
1155 3749 1184 3799 et
1198 3756 1256 3798 non
1273 3740 1371 3797 dicen·

777 3817 816 3875 dl.
835 3817 913 3873 Unde
928 3817 1004 3872 idem
1021 3819 1249 3886 Ubrysoetemus:
1265 3830 1281 3865 <i
1298 3814 1372 3893 blau·

776 3896 888 3945 suetum
906 3887 1064 3960 judicium!
1089 3888 1150 3943 Non
1165 3884 1244 3942 enim
1261 3900 1295 3941 ex
1311 3898 1370 3953 qui·

776 3962 830 4018 bus
846 3960 917 4017 alius
942 3958 1010 4015 dicit
1030 3961 1064 4016 de
1083 3963 1121 4023 te,
1139 3958 1189 4013 sed
1215 3972 1248 4013 ex
1268 3954 1371 4028 quibus

776 4033 784 4090 i
808 4037 897 4090 semet
913 4032 1024 4088 locutus
1044 4047 1084 4097 es,
1102 4027 1306 4086 calculationes
1320 4029 1370 4083 Ju-

778 4048 829 4161 Xes
845 4106 929 4172 l'erel;
945 4109 972 4160 et
985 4109 1014 4159 tu
1026 4101 1160 4159 domiuus
1172 4116 1204 4156 es
1215 4098 1340 4155 dicendi.
1353 4114 1367 4149 u

776 4178 811 4233 Et
824 4176 928 4233 ilerum
943 4191 949 4230 ε
967 4193 979 4228 i
998 4173 1196 4245 Unusquisque
1222 4170 1371 4227 homiuum

778 4264 811 4306 ex
826 4249 970 4305 voluntate
993 4262 1045 4303 sua
1066 4245 1137 4311 sola,
1152 4249 1201 4301 aut
1225 4249 1370 4316 peccator,

777 4326 826 4378 aut
850 4320 944 4393 justus
973 4316 1166 4377 constituitur.
1185 4312 1372 4374 conrmeitur
