2880 4942
155 357 187 416 di
538 351 648 406 Pltllln
674 348 793 403 rlnrls
821 347 926 403 CAPUT
954 348 1001 403 LII

157 463 319 525 ostensione
340 460 471 528 armavit,
486 475 519 514 ac
532 457 642 513 ferreos
661 471 743 526 quos·

158 539 225 596 dam
243 537 464 607 operatusestct
478 530 554 598 lecit,
565 528 601 585 ab
611 527 744 583 omnibus

158 610 243 681 hujus
259 608 325 661 vitae
344 603 466 675 negotiis
483 616 531 657 eos
545 615 650 655 eruens
665 605 693 654 ct
709 598 745 654 ab

160 679 240 738 omni
260 683 444 746 temporanea
460 673 585 729 liberans
605 670 743 752 sollicitu-

159 751 242 816 dine;
256 763 332 804 nunc
344 751 408 816 post
421 759 558 816 prospera
574 743 642 798 dicit
657 741 743 797 etiam

159 822 209 878 illa
220 835 284 891 quae
301 818 406 873 debent
425 817 466 872 eis
482 815 647 885 contingere
660 813 743 876 mala,

159 892 195 950 ad
223 888 410 961 praeliandum
434 892 534 943 contra
561 884 697 941 mundum
717 889 746 940 et

160 962 317 1032 diabolum,
327 975 375 1017 eos
385 959 425 1015 sic
436 973 598 1030 praeparans
613 957 688 1012 etad
701 971 747 1025 pa-

159 1033 290 1090 tientiam
314 1035 413 1088 contra
447 1031 582 1085 adversa.
597 1027 747 1083 toleranda

160 1104 312 1162 instruens.
325 1103 407 1170 Quia,
417 1106 448 1157 ut
459 1099 528 1157 dicit
538 1101 650 1164 Seneca,
659 1099 746 1154 cuivis

161 1172 632 1244 doloriestremediumpatientia.
643 1171 675 1226 Et
686 1171 747 1225 lraec

160 1246 303 1320 praecipue
322 1245 467 1315 discipulis
490 1249 551 1299 erat
576 1240 745 1298 necessaria.

162 1319 215 1388 Qui
234 1316 321 1385 enim,
339 1323 370 1372 ut
388 1315 457 1372 dicit
476 1315 634 1384 Greporins,
654 1313 747 1368 locum

160 1389 372 1461 praedicationis
394 1388 525 1455 suscipit,
548 1385 623 1441 mala
643 1383 747 1464 inferre

161 1476 221 1517 non
243 1459 337 1526 debet,
358 1458 409 1514 sed
428 1458 568 1523 tolerare;
588 1460 618 1510 ut
636 1471 667 1509 ex
689 1469 749 1525 ipsa

159 1547 210 1588 sua
233 1529 451 1586 mansuetudine
479 1528 551 1582 iram
570 1525 749 1582 saevientium

159 1602 290 1673 mitiget,
317 1605 346 1654 et
370 1603 550 1667 peecatorum
575 1597 693 1653 vulnera
719 1596 750 1652 in

160 1672 233 1742 aliis,
259 1672 320 1742 ipse
344 1667 548 1726 afflictionibus
573 1669 749 1736 vulneratus,

160 1747 252 1800 sanet.
266 1742 340 1797 Dicit
350 1756 419 1812 ergo
433 1763 439 1797 :
451 1743 501 1810 lte,
510 1738 617 1795 scilicet
629 1740 665 1796 ad
681 1755 751 1810 prae·

159 1813 310 1872 dicationis
325 1812 462 1880 ollvcium,
475 1827 532 1867 ecce
542 1827 602 1881 epo,
613 1810 750 1868 Dominus

161 1890 189 1943 et
202 1885 335 1958 Magister
351 1891 456 1950 vester,
470 1884 518 1954 qui
536 1899 585 1939 vos
600 1882 684 1955 elegi,
700 1900 751 1939 vos

161 1957 254 2025 docui,
272 1973 324 2028 ego
341 1955 475 2011 Dominus
494 1955 686 2026 omnipotens,
703 1957 751 2028 qui

163 2045 213 2087 vos
234 2028 353 2095 armavi,
368 2044 421 2100 ego
444 2027 489 2083 cui
512 2043 596 2084 nemo
620 2028 752 2086 resistere

163 2101 249 2182 valet,
261 2114 325 2170 ego,
336 2100 463 2170 inquam,
475 2100 524 2169 qui
540 2100 678 2157 Dominus
690 2116 752 2157 sum

163 2187 271 2238 messis,
294 2173 373 2225 mitto
396 2186 454 2238 uos,
480 2170 613 2225 homines
636 2172 752 2239 eleetos,

163 2243 292 2298 doctores
311 2240 473 2308 instructos,
492 2241 596 2294 milites
615 2248 752 2309 armatos,

165 2310 291 2368 medicos
310 2311 427 2380 peritos,
442 2313 514 2365 sicut
533 2326 603 2379 oves,
619 2329 669 2370 seu
683 2316 754 2368 sicut

167 2396 263 2452 nanos,
281 2381 361 2436 idest
373 2380 514 2450 simplices
530 2387 559 2436 et
574 2382 751 2454 innocentes,

166 2468 313 2526 perarma
328 2467 378 2507 vos
392 2467 449 2508 non
462 2451 656 2523 defendentes,
669 2461 702 2511 ut
717 2455 755 2512 la·

168 2530 213 2582 cte
227 2522 365 2581 doctrinae
381 2524 453 2580 alios
470 2524 611 2594 nutriatis,
627 2527 754 2596 exemplo

167 2603 323 2654 mansuetae
348 2597 570 2654 conversationis
594 2597 753 2668 attrahetis,

167 2684 220 2796 pro
235 2668 276 2725 eis
287 2668 372 2724 etiam
383 2683 502 2739 corpora
513 2671 669 2739 exponatis,
682 2673 754 2726 inter

179 2755 247 2812 apos
269 2738 315 2794 vel
339 2741 369 2794 in
394 2740 483 2794 medio
509 2740 647 2810 luporum,
664 2742 692 2796 id
712 2747 755 2797 est

169 2809 332 2867 Scribarum
352 2815 380 2864 et
399 2807 617 2882 Pharisaeorum,
634 2817 663 2868 et
681 2812 753 2869 alio-

167 2894 232 2936 rum
251 2878 410 2934 crudelium
416 2888 638 3006 (persecutorum
658 2890 687 2940 et
705 2883 754 2940 de-

168 2956 335 3016 tractorum,
351 2952 400 3022 qui
436 2952 550 3007 leuntur
566 2953 625 3023 lupi
659 2960 755 3024 ropter

168 3021 365 3093 rapacitatem,
379 3022 575 3080 crudelitatem
587 3031 616 3080 et
630 2971 753 3082 ‹fissim-

167 3093 327 3149 litudinem.
349 3091 432 3160 Quasi
452 3094 553 3151 dicat:
576 3096 653 3152 Sicut
672 3113 754 3152 man-

168 3163 242 3220 sueti
273 3164 347 3219 inter
372 3164 501 3221 crudeles
528 3166 564 3222 ad
590 3167 755 3238 patiendum

169 3233 225 3302 itis,
237 3235 403 3308 patientiam
417 3243 446 3292 et
458 3237 649 3296 innocentiam
666 3245 756 3296 custo·

169 3306 238 3364 dite.
256 3308 319 3364 Non
344 3323 394 3364 vos
413 3307 582 3380 defendatis,
602 3312 669 3382 quia
690 3327 756 3368 oves

169 3379 236 3435 estis
250 3395 257 3436 :
271 3379 390 3436 saeviant
400 3380 441 3436 illi
473 3380 500 3436 ui
513 3380 571 3453 lupi
580 3389 656 3441 sunt.
669 3385 755 3439 Mira·

169 3449 235 3508 bilis
253 3458 372 3533 venator
391 3457 433 3508 est
485 3453 608 3523 ominus,
632 3456 681 3526 qui
707 3470 757 3524 per

168 3537 348 3593 agnos‚s1ve
373 3540 449 3591 oves,
475 3527 551 3595 capit
578 3531 607 3582 et
632 3527 757 3582 devincit

167 3590 266 3662 lupos;
288 3608 338 3661 per
356 3595 522 3663 patientiam
541 3596 630 3652 vineit
653 3602 755 3667 poten·

171 3662 252 3716 tiam.
266 3663 301 3715 Et
312 3662 384 3718 bene
396 3666 464 3719 dicit
476 3667 506 3718 in
516 3667 605 3722 medio
618 3668 755 3736 inponam,

169 3737 201 3786 ut
215 3731 351 3811 patientia
361 3733 398 3788 sit
411 3733 491 3805 quasi
505 3741 634 3791 centrum
648 3736 684 3791 ad
697 3752 756 3791 om·

170 3816 237 3858 nem
257 3802 390 3927 iniuriam
417 3805 650 3861 circumdantem.
675 3807 755 3877 item,

168 3873 198 3929 in
228 3887 273 3928 me
290 3875 333 3952 ⁴iu,
353 3888 403 3944 per
429 3889 609 3931 communem
629 3877 756 3932 omnium

168 3959 394 4015 conversionem,
408 3961 441 4000 ae
458 3953 573 4017 propter
587 3947 682 4003 ovium
697 3946 756 4004 uni·

170 4022 257 4072 tatem
269 4015 376 4096 infide,
385 4023 413 4072 et
422 4016 553 4086 luporum
566 4018 755 4099 pluralitatem

169 4088 198 4144 in
213 4086 378 4158 erroribus3
397 4093 426 4143 et
445 4087 506 4144 haec
526 4095 619 4144 unitas
634 4089 756 4148 maxime

168 4157 755 4232 laeitvincere.Quia,utdicitAmDrosias,

169 4231 262 4287 omnis
272 4245 376 4303 pugna,
391 4245 455 4286 eum
470 4232 506 4287 sit
518 4233 691 4288 unanimiter
709 4249 757 4306 ag·

171 4315 268 4374 gressa
281 4300 358 4374 parit
373 4300 532 4364 victoriam.
553 4303 628 4362 Dicit
639 4310 755 4365 autenm

802 459 870 513 Ecce
888 471 936 525 epo
955 456 1034 510 mitto
1048 470 1106 524 vos,
1122 462 1154 511 ut
1167 455 1234 512 dum
1251 457 1391 515 mittentis

804 533 927 598 potestas
941 526 1148 595 consideratur,
1161 528 1277 597 periculi
1292 527 1391 601 magni

804 598 1388 669 tudonontimeatuandeClrrpcostomaa:

803 690 818 723 a
834 672 902 738 Quae
917 669 1004 741 igitur
1016 669 1119 725 horum
1133 677 1194 726 crat
1209 669 1390 731 consolatio?

803 740 939 798 ldittentis
966 741 1065 799 virtus,
1092 742 1215 812 Ideoque
1241 743 1295 799 hoc
1322 749 1391 801 ante

804 814 901 869 omnia
917 813 1019 882 posuit,
1032 813 1130 869 dicens
1143 831 1149 870 :
1161 817 1229 870 Ecce
1245 830 1293 883 epo
1309 816 1391 872 mitto

803 900 860 941 uos.
878 883 987 941 Sulficit
1007 885 1061 942 hoc
1078 885 1114 940 ad
1134 883 1350 957 confidendum,
1364 891 1393 944 et

804 957 912 1013 nullum
942 955 1152 1011 formidandum
1184 959 1390 1026 supervenien-

804 1029 874 1083 tium
887 1044 895 1096 ;
912 1027 989 1083 vides
1002 1028 1212 1098 auctoritatem,
1224 1027 1302 1085 vides
1314 1035 1392 1100 pote·

804 1103 917 1167 statem,
945 1098 1022 1154 vides
1049 1104 1078 1154 et
1105 1099 1237 1154 virtutem
1270 1100 1391 1183 inexpu-

804 1169 948 1242 gnabilem
960 1193 966 1227 :
980 1189 994 1224 v
1003 1171 1064 1226 haec
1077 1171 1293 1240 chrysostomos.
1306 1172 1391 1228 Mittit

805 1243 941 1298 Dominus
966 1242 1116 1312 discipulos
1137 1244 1209 1298 sicut
1232 1258 1294 1298 oves
1319 1246 1393 1299 inter

806 1316 884 1386 lupos
904 1313 965 1384 sed,
983 1312 1055 1370 heu!
1077 1313 1162 1369 hodie
1182 1313 1264 1370 multi
1282 1313 1392 1385 praelati

805 1391 871 1442 sunt
886 1385 961 1440 inter
976 1400 1052 1454 suos,
1066 1385 1139 1440 sicut
1152 1385 1210 1455 lupi
1226 1387 1301 1441 inter
1312 1400 1391 1442 oves.

838 1476 852 1511 a
864 1457 1193 1512 Pnuomvrmsenennmsa
1203 1472 1393 1513 rnnnrearonn

806 1543 981 1583 srarmcrrarr
1007 1545 1135 1585 cocunea
1153 1545 1338 1585 retunderem.
1356 1557 1394 1571 -

805 1602 899 1656 Estote
915 1615 978 1668 erpo
1047 1601 1140 1656 dentes
1156 1603 1228 1656 sicut
1243 1604 1392 1672 serpentes,

807 1676 906 1726 contra
928 1671 987 1727 Scri
1010 1687 1091 1727 arum
1110 1674 1244 1728 astutiam
1261 1680 1290 1728 et
1310 1671 1393 1728 lalla-

807 1742 898 1811 ciam,
928 1742 1038 1798 scilicet
1068 1743 1105 1798 ad
1136 1743 1336 1815 intelligendas
1365 1747 1394 1799 et

808 1812 948 1869 cavendas
962 1813 1076 1870 fraudes
1090 1820 1119 1870 et
1130 1815 1250 1874 insidias
1263 1835 1272 1884 ς
1287 1819 1314 1870 et
1326 1816 1394 1871 aim·

805 1887 893 1957 plices
907 1888 979 1941 sicel
992 1887 1129 1953 columbae,
1147 1891 1246 1942 contra
1263 1893 1397 1959 tyranno·

808 1973 873 2014 rum
883 1957 1079 2014 crudelitatem
1091 1964 1119 2014 et
1129 1957 1277 2025 malitiam,
1286 1957 1397 2013 scilieet

809 2029 1397 2101 adsustinendasetignoscendaslaesiones

809 2106 838 2157 et
855 2102 984 2172 iujurias.
1001 2102 1154 2156 Prudentia
1174 2107 1216 2155 est
1233 2099 1398 2155 necessaria

810 2171 839 2227 in
854 2171 1046 2252 praecavendis
1058 2170 1140 2225 malis
1152 2191 1158 2237 ;
1177 2168 1355 2239 simplicitas,
1367 2170 1398 2226 in

809 2242 947 2296 faciendis
969 2241 1060 2295 bonis.
1087 2240 1172 2306 Quasi
1194 2241 1292 2295 dicat:
1318 2242 1398 2298 Sicut

810 2316 956 2383 serpentes
965 2310 1110 2365 residuum
1122 2310 1248 2379 corporis
1260 2324 1310 2379 pro
1320 2312 1399 2383 capi·

810 2384 847 2438 tis
873 2381 998 2452 periculo
1024 2387 1177 2451 exponunt,
1198 2386 1225 2436 ct
1247 2387 1342 2452 caput,
1367 2383 1399 2440 in

810 2469 867 2525 quo
882 2453 940 2507 vita
955 2458 1007 2521 est,
1021 2457 1081 2508 toto
1095 2468 1213 2522 corpore
1227 2453 1400 2511 occultando

811 2523 1397 2594 custodiuntetletalovulnusexeludunt3

810 2597 898 2653 itaet
919 2611 980 2664 vos,
1001 2596 1087 2651 totius
1113 2594 1239 2666 corporis
1258 2596 1398 2665 periculo,

811 2673 895 2739 caput
915 2673 1049 2735 vestrum,
1064 2667 1092 2721 id
1112 2672 1154 2722 est
1173 2683 1227 2735 me,
1242 2683 1275 2722 ac
1297 2665 1397 2736 fidem,

810 2740 981 2806 etanimam,
998 2738 1108 2809 integre
1123 2744 1152 2793 et
1164 2739 1326 2807 incorrupte
1339 2753 1398 2794 ser-

810 2826 878 2865 varo
895 2816 924 2865 et
946 2810 1096 2866 custodire.
1113 2811 1148 2863 Et
1163 2810 1236 2865 sicut
1255 2808 1397 2866 columbae

810 2880 871 2938 sine
880 2880 944 2937 lolle
954 2880 1179 2936 etamaritudine
1191 2880 1305 2936 malitiae
1319 2886 1396 2950 sunt,

811 2958 840 3009 et
862 2953 932 3008 nulli
957 2954 1062 3008 malum
1087 2952 1213 3020 faciunt3
1235 2953 1274 3007 ila
1298 2957 1327 3007 et
1346 2967 1398 3010 vos

810 3024 1002 3080 innocentiam
1019 3024 1215 3093 custodiendo,
1232 3023 1338 3078 malum
1352 3025 1397 3079 iu·

811 3095 886 3151 ierre
909 3095 953 3150 vel
972 3094 1078 3150 reterre
1098 3094 1161 3150 aliis
1181 3094 1278 3162 nolite,
1295 3100 1326 3150 ut
1346 3111 1398 3168 per

811 3167 991 3238 prudentiam
1015 3167 1121 3222 malum
1145 3166 1285 3235 devitetis,
1303 3172 1332 3222 et
1348 3181 1398 3238 per

810 3237 1021 3309 simplicitatem
1047 3238 1117 3293 nulli
1143 3240 1249 3294 malum
1275 3237 1396 3295 faciatis.

812 3312 909 3366 Potest
918 3311 1003 3366 etiam
1016 3308 1168 3392 prudentia
1180 3311 1318 3381 serpentis
1328 3326 1398 3367 con·

810 3380 930 3439 siderari
944 3380 973 3438 in
986 3381 1087 3438 tribus.
1100 3382 1230 3437 Veterem
1245 3382 1323 3438 enim
1336 3383 1398 3454 pel·

811 3453 867 3509 lem
896 3453 932 3509 ad
960 3460 1070 3509 arctum
1102 3452 1230 3508 foramen
1262 3454 1396 3526 deponit,

812 3541 913 3595 corpus
932 3540 982 3595 pro
1001 3523 1102 3594 eapitis
1120 3525 1209 3580 salute
1228 3526 1353 3595 exponit,
1371 3532 1399 3583 et

811 3611 877 3651 cum
891 3597 928 3651 sit
937 3595 1048 3666 frigidae
1063 3602 1181 3664 naturae,
1194 3596 1282 3651 solem
1295 3597 1399 3670 diligit.

811 3666 896 3721 Pellis
915 3666 1053 3735 depositio
1069 3669 1191 3736 pertinet
1205 3667 1241 3723 ad
1258 3666 1399 3738 incipien-

812 3742 864 3804 tes,
882 3735 929 3805 qui
950 3736 1057 3791 debent
1075 3736 1228 3808 deponere,
1243 3741 1400 3796 secundum

812 3805 959 3876 pristinam
990 3809 1251 3876 conversationem,
1282 3813 1399 3866 ueterem

811 3877 945 3932 tomiano
969 3894 1029 3934 cum
1048 3880 1155 3935 actibus
1176 3882 1243 3934 suis.
1266 3880 1400 3953 Corporis

811 3949 946 4020 expositio
969 3965 1020 4021 pro
1044 3953 1136 4021 capite
1158 3952 1194 4007 ad
1204 3951 1399 4076 Jlrosrcientes

811 4020 944 4091 pertinet,
957 4022 1007 4092 qui
1022 4037 1072 4091 pro
1091 4028 1186 4078 mente
1224 4021 1395 4095 elendenda,

811 4097 933 4163 quaeest
951 4099 1034 4162 caput
1049 4093 1181 4162 hominis,
1196 4097 1288 4151 toturn
1304 4094 1397 4150 homi·-

812 4178 877 4219 nem
889 4165 973 4219 morti
985 4164 1114 4223 tradunt.
1126 4165 1198 4221 Solis
1210 4165 1326 4220 dilectio
1357 4179 1399 4221 er-

812 4232 883 4291 tinet
900 4234 936 4290 ad
950 4234 1099 4319 perlectos²
1115 4237 1164 4307 qni
1179 4235 1314 4292 insistunt
1346 4236 1397 4292 ivl·

811 4319 856 4364 nae
868 4305 1111 4381 contemplationi,
1122 4323 1179 4381 qua
1191 4312 1220 4364 et
1233 4306 1397 4366 illuminan-
