2880 4942
261 377 302 431 bit
328 378 515 431 ibuiiioiit
541 378 580 431 ΕΤ
607 377 805 438 otinusoiiii
831 378 923 432 litiis
951 379 1166 437 DEFEGTIBUS.
1294 380 1339 436 itt

101 487 236 562 quiescit;
253 486 303 543 sed
316 485 360 542 vel
373 486 523 554 honorem,
534 500 617 556 quern
630 501 688 541 non
742 483 1194 560 SpiritusSanctusinspiraverit3
1204 489 1331 564 alioquin

101 561 187 618 babet
207 557 323 632 appetit,
346 557 390 614 rel
412 572 479 614 eum
498 572 582 639 quein
602 557 688 613 babet
742 557 794 628 ipsi
817 556 932 628 Spiritui
958 558 1061 615 Sancto
1081 559 1189 632 injuria
1210 562 1252 618 lit.
1278 562 1331 620 Ubi

101 631 232 690 amittere
252 628 363 696 inetuit;
385 634 414 684 et
431 630 472 684 sic
489 627 619 685 diabolus
638 643 688 684 eor
741 633 819 695 nota,
830 630 906 699 quod
931 643 995 685 oum
1020 638 1135 688 sanctus
1158 634 1330 707 Ludovieus,

102 704 163 778 nJus
172 718 285 774 semper
296 704 390 757 movet
403 705 432 757 et
442 704 528 768 rotat,
542 706 688 773 tamquam
741 715 790 756 rex
805 699 943 769 Francia,
959 718 977 757 a
993 704 1116 772 quodam
1133 703 1236 761 devoto
1253 722 1333 776 qum·

101 775 293 834 molendinum
311 772 387 844 quod
403 787 560 844 numquam
576 776 688 844 pausat.
741 776 826 840 reret,
845 788 896 828 cur
912 771 1040 846 Episcopi
1056 776 1151 844 modo,
1166 777 1239 832 sieut
1251 778 1330 847 otim,

137 848 686 904 aPniiiniiusuuuniinsricinriirruriuii:
741 845 833 900 sancti
856 860 914 900 non
936 853 1045 914 essent;
1065 845 1123 915 ille,
1147 851 1179 903 ut
1194 847 1333 918 creditur,

100 935 233 975 omacius
250 933 419 973 vocacionis.
435 947 470 958 -
484 917 519 971 Et
533 920 600 972 uota
613 914 689 973 cirea
743 920 813 972 nutu
827 915 934 984 divino,
950 917 1096 989 respondit
1112 934 1120 973 :
1142 939 1158 969 a
1175 919 1248 986 Quia
1262 924 1331 974 tnnc

99 991 176 1046 hanc
197 988 358 1055 materiam,
381 987 456 1058 quod
479 991 585 1058 praeter
604 985 690 1042 simo·
743 986 873 1059 Episcopi
890 1003 939 1056 por
954 989 1160 1046 invocationem
1173 995 1199 1046 et
1212 990 1333 1061 inspira·

100 1060 181 1119 niam
204 1065 234 1116 et
256 1059 313 1115 alia
334 1057 419 1127 mala,
440 1072 504 1129 quea
526 1057 691 1128 trequenter
743 1058 852 1115 tionem
866 1058 987 1131 Spiritus
999 1060 1094 1116 Sancti
1108 1063 1144 1117 ab
1159 1061 1329 1119 electoribus

100 1147 162 1191 uon
181 1131 242 1186 sine
258 1128 337 1200 gravi
355 1129 489 1186 seandalo
504 1129 689 1186 committun·
745 1129 881 1186 eanouice
899 1130 1087 1201 eligebantur,
1104 1148 1179 1188 nunc
1196 1149 1264 1190 vero
1297 1149 1330 1190 er

101 1207 161 1270 tur,
174 1207 239 1257 sunt
248 1201 340 1257 adbuc
349 1201 478 1272 quaedam
491 1200 576 1268 mala,
589 1199 692 1272 quibus
745 1201 966 1273 supplicationes
985 1208 1014 1258 et
1026 1207 1241 1275 procurationes
1259 1149 1332 1262 aiios

101 1272 188 1329 hodie
205 1274 295 1341 multi,
311 1273 393 1343 quasi
406 1288 463 1329 non
477 1272 561 1340 mala,
572 1274 621 1328 sed
634 1271 691 1329 lici·
745 1272 781 1328 de
804 1273 846 1329 eis
867 1274 1045 1345 providetur3
1069 1280 1098 1331 et
1118 1277 1156 1332 ob
1174 1276 1227 1332 linc
1246 1276 1331 1333 modo

100 1349 132 1401 ta
152 1355 256 1412 esseni,
272 1343 463 1416 implicantur.
486 1343 613 1399 Primum
631 1360 691 1400 ma·
717 1336 720 1389 Ι
744 1343 835 1400 sancti
852 1360 909 1400 non
923 1349 999 1411 sunt,
1013 1345 1163 1402 sicutolim
1177 1347 1334 1404 eommuni-

99 1415 161 1472 lum
176 1422 230 1483 est,
246 1418 314 1486 qnia
327 1415 455 1487 plerique
469 1421 623 1485 antequam
639 1431 689 1471 ro·
716 1392 720 1467 i
744 1419 789 1472 ter
808 1416 931 1472 fuerunt.
955 1436 971 1469 n
995 1418 1055 1485 Quo
1072 1417 1179 1487 audito,
1195 1434 1243 1474 rer
1265 1418 1335 1476 dixit

100 1495 212 1553 centur,
223 1485 426 1558 promoverind
440 1486 592 1559 dignitates
602 1491 630 1542 et
641 1503 691 1542 cu·
716 1472 719 1519 ¹
744 1488 819 1557 quod
835 1488 870 1544 de
884 1491 978 1544 cetero
995 1490 1155 1545 nullatenus
1168 1506 1220 1561 pro
1235 1490 1332 1562 aliquo

99 1573 148 1615 ras
162 1557 379 1627 ecclesiasticas,
392 1573 443 1630 per
456 1574 497 1625 se,
510 1564 538 1614 et
551 1574 603 1630 per
618 1557 690 1615 alins
743 1559 923 1631 supplicaret.
939 1561 1000 1616 lion
1016 1560 1109 1617 solum
1122 1567 1217 1617 autem
1232 1563 1280 1644 qui
1294 1562 1331 1618 ad

100 1629 221 1687 sollicite
230 1634 375 1700 quaerunt;
387 1646 437 1686 uec
445 1629 621 1686 vocationem
635 1631 690 1685 bu·
742 1645 824 1686 ouras
839 1636 868 1686 et
881 1629 1031 1702 dignitates
1043 1648 1073 1688 se
1087 1633 1271 1703 ingerentia
1285 1649 1333 1705 pe·
1362 1672 1366 1680 ·

99 1701 207 1758 militer
216 1706 388 1772 exspectant,
398 1703 447 1757 sed
458 1700 607 1758 ambitiose
618 1718 689 1774 prae·
742 1703 832 1759 riculo
847 1707 928 1771 suut;
942 1703 1088 1762 sedetiam
1098 1703 1146 1776 qui
1157 1705 1193 1761 ad
1203 1721 1253 1761 eas
1266 1720 1331 1762 enm

100 1773 230 1829 veniunt.
250 1773 284 1829 iii
305 1773 378 1829 male
398 1774 545 1843 accedunt,
565 1777 690 1830 testante
742 1774 930 1831 delectatione
942 1778 1091 1843 accedunt,
1108 1776 1152 1832 rel
1165 1776 1195 1832 in
1210 1780 1251 1833 eis
1266 1792 1332 1834 cum

99 1845 247 1917 Apostoln,
263 1846 310 1916 qui
330 1844 372 1901 sie
389 1844 428 1900 ait
443 1862 450 1903 :
468 1848 523 1904 Nec
541 1848 690 1917 qaisquam
742 1844 929 1903 delectatione
950 1853 1144 1917 perseverant.
1165 1849 1245 1904 Unde
1264 1849 1331 1905 Ure·

98 1918 255 1974 nimitsibi
270 1917 690 1988 tonmem;sedqiiivocotura
742 1921 838 1986 portas
858 1937 867 1973 .·
887 1919 993 1974 «dnm
1035 1918 1114 1990 isque
1134 1922 1274 1990 superbiis
1293 1935 1336 1976 re·
1414 1968 1425 1981 ,

99 1990 166 2053 Deo,
185 1994 327 2059 tamquam
344 1990 449 2045 Aaron.
468 1990 692 2056 Quantumcnm-
744 1993 805 2045 ntor
818 1990 904 2046 toties
917 1989 953 2045 ad
967 2006 1000 2045 eii
1015 2005 1079 2061 pani
1094 1990 1243 2060 apostasiae
1260 1989 1332 2046 dila-

100 2074 158 2133 que
172 2059 248 2116 enim
261 2059 407 2117 sufficiens
419 2058 482 2133 quis
495 2059 580 2117 luerit
594 2065 622 2116 et
636 2061 692 2115 vir
718 2108 721 2135 ,
744 2061 831 2129 bitur,
844 2060 955 2133 quoties
971 2076 1093 2133 pianesse
1108 2061 1271 2118 bominibus
1286 2062 1332 2118 de·

98 2134 209 2200 tunsus,
227 2133 356 2204 prolecto
379 2148 437 2188 uon
457 2131 512 2189 erit
535 2131 647 2204 dignus.
667 2128 691 2213 si
745 2132 875 2201 lectatur,
893 2148 926 2189 ac
943 2133 1061 2189 honoris
1076 2132 1119 2190 sui
1134 2133 1329 2205 singularitate

99 2214 161 2261 non
171 2203 455 2260 assumaturinvitns.
467 2206 537 2260 Nam
550 2220 613 2260 cuin
628 2219 692 2275 quis
745 2204 865 2262 laetntur.
892 2204 972 2261 Unde
997 2210 1092 2262 autem
1117 2205 1179 2262 hnc
1200 2205 1334 2264 uitiorum

99 2274 219 2332 honoris
234 2275 385 2347 primatum
401 2275 500 2346 ambit,
515 2292 548 2332 ex
560 2277 615 2333 lioc
630 2275 691 2331 solo
745 2275 825 2333 radix
834 2275 990 2358 pullulatio
1000 2278 1086 2334 corde
1096 2276 1264 2347 regentium,
1279 2276 1333 2333 nisi

101 2346 226 2404 efficitur
238 2347 383 2421 indignus,
396 2348 463 2420 quia
478 2349 602 2406 indebite
616 2364 691 2420 prae·
744 2364 777 2404 eii
792 2346 949 2405 imitatione
964 2349 1040 2405 illius
1052 2350 1111 2420 qui,
1123 2350 1263 2422 despectis
1278 2350 1333 2406 ilu-
1411 2379 1416 2386 ·

99 2417 198 2475 sumit.
211 2420 288 2475 Unde
301 2422 495 2490 Augustinus:
509 2441 523 2472 n
536 2424 631 2479 Status
642 2437 691 2476 su·
743 2421 874 2494 gelorum
895 2420 1088 2490 societatibus
1107 2421 1176 2477 dixit
1200 2440 1206 2476 :
1228 2423 1334 2477 Ascen-

99 2494 209 2565 perior,
226 2494 285 2548 sine
300 2508 356 2564 quo
370 2491 529 2564 respublica
545 2508 601 2549 non
616 2490 692 2562 regi·
745 2493 810 2548 dam
823 2508 906 2563 super
920 2494 1097 2548 altitudinem
1112 2494 1236 2559 nubtam
1256 2497 1282 2547 et
1294 2496 1333 2547 si-

100 2567 160 2631 tur,
177 2564 229 2618 etsi
243 2564 314 2619 bene
325 2563 548 2632 administretur,
561 2562 694 2619 indecen·
744 2566 820 2618 milis
836 2579 880 2618 eno
896 2564 1051 2619 ditissimo.
1065 2564 1144 2619 Unde
1159 2579 1332 2634 magnopere

100 2636 148 2690 ter
166 2638 262 2691 tamen
281 2635 434 2707 appetitur.
448 2655 463 2685 n
485 2635 563 2691 Unde
580 2640 609 2690 et
626 2635 692 2690 Gre-
746 2634 903 2690 curandum
917 2640 969 2703 est,
985 2641 1016 2690 nt
1030 2636 1078 2706 qui
1093 2634 1224 2706 regendis
1241 2633 1332 2690 bomi-

100 2708 198 2777 porius
213 2725 222 2761 .·
239 2729 254 2758 n
273 2706 432 2763 Virtutibus
451 2705 560 2777 pollens
578 2710 693 2763 coactus
745 2705 831 2762 nibus
843 2706 1004 2788 prefertur,
1015 2706 1091 2778 apud
1102 2722 1132 2762 se
1143 2709 1251 2778 penset,
1266 2704 1335 2788 quia

102 2776 141 2835 ad
151 2776 396 2850 regimenveniat;
406 2778 559 2835 uirtutibus
569 2795 637 2835 vero
647 2794 694 2834 va·
745 2777 783 2834 ad
799 2776 1028 2834 satisfaciendum
1048 2777 1176 2834 districto
1190 2781 1205 2835 J
1210 2777 1283 2833 uilici
1299 2779 1334 2835 de

101 2863 185 2917 cuus,
210 2865 262 2905 nec
281 2855 395 2906 coactus
413 2849 571 2907 accedat.»
593 2852 632 2906 Ue
649 2850 693 2906 his
745 2865 797 2906 sua
808 2849 1003 2906 tantummodo
1013 2851 1109 2908 anima
1119 2852 1162 2905 rix
1173 2850 1291 2919 sulficit3
1304 2854 1335 2907 at

101 2920 152 2993 qui
164 2936 227 2977 sese
237 2920 267 2978 in
280 2923 482 2993 patrimonium
497 2922 600 2980 Christi
613 2920 692 2994 inge·
766 2928 814 2978 unt
827 2920 959 2994 regendis
969 2921 1089 2978 subditis
1099 2934 1202 2995 praesto
1213 2927 1256 2978 est
1268 2921 1334 2978 red·

100 2999 182 3062 runt,
212 2995 253 3049 sic
277 2992 345 3050 dicit
369 2995 527 3051 Bernartius
551 3014 560 3051 ε
583 3014 597 3048 n
618 2994 691 3052 Audi
745 2938 845 3051 denda
854 2994 929 3065 apud
942 3010 1006 3051 eum
1020 2993 1137 3051 rationis
1152 2998 1287 3066 tempore.
1304 2998 1336 3050 ut

101 3064 235 3136 querelas
252 3065 374 3136 Domini,
414 3066 462 3123 uid
480 3068 637 3140 superbae
655 3072 693 3123 te
745 3065 1335 3134 itadieam,totsolusanimashabet.Nam

101 3139 236 3195 maritate
247 3081 471 3210 loquaturffpsi,
485 3140 694 3210 inquit,reqno-
745 3137 791 3193 cui
807 3153 869 3195 esse
886 3152 959 3192 nune
974 3137 1097 3208 judicem
1119 3137 1198 3201 libet,
1214 3136 1280 3193 huic
1297 3136 1336 3191 ri·

101 3215 215 3274 amnt,
229 3215 255 3265 et
270 3226 324 3266 non
338 3226 374 3266 ee
388 3226 443 3280 ine;
451 3213 594 3282 principes
608 3212 693 3266 easti-
745 3208 813 3265 dere
822 3214 890 3265 tune
899 3206 1029 3263 tudinem
1041 3223 1096 3261 non
1107 3206 1185 3263 libet.
1199 3209 1336 3263 Numera·

102 3282 207 3350 tenni,
225 3286 250 3337 et
265 3297 313 3350 eqo
323 3298 377 3338 non
391 3285 487 3339 aornar·
501 3298 554 3338 ens.
567 3280 637 3348 Quid
654 3283 692 3336 is·
745 3278 770 3336 ri
786 3279 862 3335 enim
878 3277 969 3358 culpae
982 3280 1137 3348 nequeunt,
1154 3292 1217 3348 quai
1230 3278 1336 3333 haben·

101 3351 155 3409 tud
174 3352 355 3423 temeritatis,
378 3352 438 3410 imo
463 3352 531 3424 quid
556 3350 695 3408 insaniret
746 3349 791 3406 dai
807 3354 955 3419 potestatis
968 3363 1066 3403 amore
1082 3353 1302 3419 perpettranur:
1318 3367 1334 3398 n

102 3421 159 3481 Ubi
173 3425 259 3480 timor
273 3424 340 3481 Dei?
356 3423 408 3481 Ubi
422 3423 523 3480 mortis
537 3421 695 3479 memorial
747 3420 1041 3488 baecUreqoituonn
1053 3417 1177 3499 dicitqui
1184 3419 1270 3499 judea
1280 3422 1334 3487 est,

102 3494 158 3553 Ubi
178 3497 317 3566 gehennae
334 3502 428 3553 metus
447 3500 475 3551 et
492 3492 627 3550 terribilis
646 3508 694 3549 ex·
747 3490 799 3549 sed
822 3489 867 3547 cui
882 3489 1010 3564 judicem
1029 3503 1092 3545 esse
1108 3489 1191 3557 libet;
1210 3503 1337 3546 animum

101 3580 117 3624 s
156 3566 378 3641 ctatiujudiciit
406 3587 420 3621 i)
443 3567 507 3622 haee
525 3565 694 3622 deneardus.
747 3561 889 3632 videlicet,
905 3578 962 3619 non
976 3560 1096 3633 madum
1110 3560 1295 3632 redarguens,
1308 3565 1338 3618 et

129 3637 196 3708 nde,
212 3641 235 3695 si
250 3642 353 3711 aliquis
364 3639 400 3696 ad
435 3640 539 3695 rimum
556 3639 648 3694 locum
665 3635 695 3692 in
748 3634 784 3693 ad
805 3634 992 3703 voluntatem,
1012 3648 1070 3690 non
1088 3633 1125 3690 ad
1144 3633 1248 3690 lactum
1263 3632 1336 3690 ritu·

101 3708 230 3766 Ecclesia
249 3710 373 3784 eligitur,
394 3654 542 3767 tolerabile
559 3715 612 3780 est,
629 3707 696 3765 licet
749 3705 925 3779 perationem
943 3705 1079 3762 reterens.
1094 3703 1144 3763 Cui
1156 3711 1251 3762 autem
1262 3704 1339 3762 vide·

124 3778 307 3851 ericulosum‚
333 3784 411 3856 quia,
435 3781 592 3840 seeundum
615 3796 695 3837 eum·
748 3795 780 3837 re
789 3784 858 3837 tunc
869 3778 1000 3836 tudinem
1011 3793 1070 3834 non
1082 3776 1150 3835 libet
1171 3778 1207 3835 de
1218 3793 1336 3834 numero

101 3794 172 3911 gom
190 3855 371 3926 bernardum,
385 3870 444 3912 non
462 3869 561 3911 omnes
580 3851 628 3925 qui
645 3868 695 3909 ro·
746 3853 935 3926 reproborum
952 3866 983 3907 se
996 3866 1059 3907 esse
1074 3865 1131 3906 non
1146 3820 1265 3906 dubitet.
1283 3848 1339 3930 bic·

102 3927 206 3982 cantur
228 3926 264 3982 ad
285 3928 485 3997 ministerium,
502 3924 645 3999 eliguntur
666 3928 696 3981 et
747 3923 868 3981 utenim
881 3921 964 3980 electi
979 3928 1045 3979 tunc
1059 3920 1215 3978 derisione
1229 3919 1338 3976 Judicis

102 3995 143 4055 ad
166 4012 298 4071 regnum,
319 3999 393 4056 sicut
410 4001 489 4071 patet
508 3997 545 4054 de
561 3997 646 4055 Satile
665 3997 696 4052 in
748 3995 924 4068 gaudebunt,
934 3995 1003 4066 quia
1016 3991 1227 4073 appropinquat
1238 4004 1336 4071 eorum

101 4082 207 4140 regnu,
217 4070 291 4126 etde
301 4071 375 4128 luda
386 4069 415 4126 in
426 4068 585 4127 sacerdotio
597 4066 696 4125 electis
748 4065 921 4141 redemptio·
942 4065 983 4122 sic
999 4070 1029 4122 et
1044 4063 1159 4147 reprobi
1178 4061 1338 4142 derisione

102 4153 124 4198 a
135 4139 207 4198 Uen.
224 4141 288 4208 Sed,
305 4144 328 4197 si
342 4157 373 4199 se
387 4140 502 4214 ingerit,
516 4139 696 4214 procurando
747 4137 857 4196 Judieis
875 4137 912 4194 do
924 4137 1022 4207 ebunt,
1044 4149 1112 4208 quia
1129 4135 1339 4206 appropinquat

102 4210 452 4295 ueligi,damnabilecst
463 4221 492 4270 et
503 4211 695 4285 perniciosum
749 4224 850 4267 eorum
867 4207 1001 4282 perditio.

104 4297 226 4343 omnino
242 4301 250 4343 :
265 4300 350 4342 nemo
364 4282 441 4341 enim
459 4283 543 4342 debet
556 4283 593 4341 eli
615 4280 635 4353 ',
650 4282 695 4339 rel
786 4283 986 4338 bblsunierio
999 4293 1105 4335 norim
1119 4290 1277 4330 rimemus
1289 4290 1339 4331 iio·

103 4356 280 4431 promoveri,
304 4371 356 4415 seu
375 4353 495 4430 praettei,
511 4356 566 4413 nisi
604 4369 696 4427 equo
750 4368 838 4413 noras
845 4366 978 4410 rnoniirii.
990 4378 1026 4393 -
1038 4347 1118 4407 Unde
1129 4350 1159 4405 et
1167 4345 1198 4403 iii
1209 4344 1267 4404 alio
1275 4345 1338 4406 loeo
