2880 4942
141 323 189 375 Ἀθ
491 321 602 374 entus
629 320 750 373 Psltlts
775 319 879 373 ΕΔΡΠ
906 319 1028 372 mill

142 427 181 485 tia
198 427 357 498 longiorem
373 444 526 510 prorogare
541 428 607 484 huie
620 442 728 499 eorpu-

141 500 220 558 seulo
229 516 349 566 moram,
359 517 381 555 si
391 499 550 572 voluptates
558 500 660 571 quibus
672 516 728 555 ma·

138 574 186 644 jor
211 588 277 645 pars
298 572 447 629 hominum
467 572 551 643 perit.
573 571 727 641 proterimus¹

142 660 253 715 regere,
279 652 306 699 et
323 659 453 699 rbere-ere
470 660 478 697 t
496 664 509 693 i
529 644 591 699 bae
615 648 727 710 Sereno,

142 717 261 787 l’ropter
274 716 480 771 abundantiam
496 731 609 787 qnoque
630 722 657 770 el
680 732 726 770 su-

140 787 329 859 perfluitatem
365 786 493 843 riborum
527 794 555 842 el
597 794 727 858 potuum,

139 875 217 915 mors
249 858 403 931 plurimum
423 858 608 915 arreleralur.
630 860 728 914 l'lure=·

137 931 214 990 enim
228 946 261 987 er
273 931 430 1012 repletione
445 947 529 1002 quam
549 947 582 987 ex
598 938 726 987 attenua-

137 1004 214 1061 tione
236 1008 406 1059 moriuntur.
430 1004 509 1059 [ride
532 1002 598 1059 dieil
624 1006 728 1074 lllppo

135 1082 236 1143 meter,
246 1074 323 1147 quod
336 1090 369 1131 er
381 1074 570 1147 plenitudine,
585 1091 727 1147 quaeum·

136 1165 193 1223 que
219 1147 404 1220 aegritudines
436 1153 621 1220 generantur.
655 1147 725 1203 hilar

136 1220 223 1278 etiam
251 1235 410 1303 pauperum
438 1219 534 1276 nullus
559 1219 642 1276 stmit
658 1220 725 1275 insi-

136 1293 216 1359 diam
229 1292 332 1349 divites
345 1296 440 1348 autem
456 1291 575 1348 inomni
595 1292 668 1353 loro,
685 1291 725 1347 ri·

136 1365 172 1424 bo
187 1370 216 1423 et
230 1370 309 1438 potu,
329 1363 430 1419 timent
444 1379 503 1420 eas.
531 1364 610 1420 b'nde
641 1365 724 1418 Theo·

156 1439 231 1493 bitus
249 1456 258 1492 ε
275 1456 289 1487 e
307 1437 365 1491 lloe
386 1434 456 1490 dirit
479 1435 617 1491 Dominus
643 1435 726 1491 retel-

133 1456 200 1566 fens
215 1522 366 1564 avarorum
378 1505 562 1575 intentiones,
573 1506 620 1577 qui
631 1506 725 1562 riden-

137 1586 184 1637 tur
198 1578 250 1635 sibi
265 1592 434 1634 eoaeeri'are
445 1577 569 1646 divitias,
580 1577 660 1649 quasi
676 1578 724 1633 diu

136 1649 248 1707 rieturi.
278 1648 332 1706 Sed
361 1648 497 1719 numquid
526 1656 555 1705 te
581 1649 725 1720 opulentia

137 1723 298 1793 longaevum
315 1719 443 1777 ellieiet?
466 1719 537 1788 Quid
557 1720 645 1793 igitur
662 1737 723 1776 reia·

137 1793 238 1854 nileste
266 1791 389 1850 sustines
419 1793 495 1849 mala
523 1798 581 1849 tam
609 1792 724 1849 inrertae

137 1865 266 1942 quietis?
290 1866 360 1922 Nam
378 1865 496 1922 dublum
512 1870 555 1921 est
569 1881 605 1922 an
619 1864 724 1921 debeas

137 1939 264 2013 atginere
294 1937 416 2007 senium,
447 1937 527 2009 eujus
549 1936 725 2009 gratiathe·

137 2012 264 2071 sanrisas
282 2028 289 2066 ε
306 2036 320 2059 1·
337 2011 398 2067 haee
414 2011 589 2081 Theophilus.

173 2089 189 2141 b
205 2087 361 2142 Sininrnuo
376 2099 472 2138 nerins
487 2099 593 2137 HillthA
608 2098 723 2137 besme-

137 2175 187 2217 unr:
202 2174 341 2212 ronanus.
359 2187 393 2197 -
410 2156 444 2209 et
460 2154 496 2209 ad
525 2155 722 2209 detestandum

137 2228 298 2295 avaritiam,
325 2232 354 2281 et
379 2226 414 2281 ad
440 2239 520 2281 suum
546 2224 722 2296 propositum

138 2299 351 2363 declarandum,
367 2296 474 2351 iudnrit
497 2295 720 2352 simulitudinem.

138 2371 218 2431 Unde
232 2370 307 2426 idem
325 2369 513 2439 Theophilus:
532 2367 627 2423 allino
647 2367 721 2437 quod

137 2459 170 2501 et
195 2439 342 2499 altinentia
363 2456 449 2511 opum
480 2455 535 2494 non
566 2439 723 2510 protelatur

137 2514 196 2573 rita
214 2516 381 2571 linusano.»
404 2510 445 2568 hd
466 2510 549 2581 hujus
568 2512 653 2567 tidem
675 2527 723 2583 pa·

138 2587 264 2645 rabulam
285 2584 379 2643 subdit
404 2586 553 2639 :llorne'ais
576 2584 721 2653 errjusdnrn

138 2661 236 2717 dioillo
249 2659 343 2715 uliares
358 2661 469 2726 fruetur
484 2672 550 2724 oper
566 2658 672 2725 attulit,
693 2654 720 2711 id

138 2739 181 2789 est
194 2731 372 2788 abundantes
387 2733 415 2783 et
430 2726 622 2799 multoplures
636 2743 720 2798 quam

137 2803 220 2861 molito
247 2818 332 2858 eursu
357 2798 516 2867 cornhelle
533 2804 559 2853 et
583 2801 722 2867 rupitnbot

136 2890 195 2947 prae
219 2871 420 2937 nnhdtnhlne,
449 2869 515 2940 quia
545 2870 722 2927 abundantia

135 2944 297 3003 divitiarum
319 2941 426 2999 inrlueit
448 2940 678 3009 sollieitmlineni,
693 2949 721 2998 et

135 3033 187 3091 per
210 3030 389 3087 rorineonens
419 3012 506 3068 animi
536 3011 719 3082 anxietatem,

134 3090 201 3163 quia
216 3104 272 3145 non
286 3085 417 3159 supplent
432 3083 627 3155 indigentiam.
641 3084 720 3155 Cogi·

133 3162 223 3231 labat,
245 3159 371 3233 innuant,
386 3161 462 3214 intro
487 3174 515 3212 ne
538 3158 642 3225 ‹lle-ens,
662 3174 719 3214 rann

134 3239 213 3291 extra
228 3232 431 3305 somniumne,
446 3246 481 3286 ne
497 3228 642 3285 audiretur
657 3246 664 3297 3
679 3228 720 3285 di·

133 3322 182 3364 ves
208 3304 284 3363 enim
308 3319 410 3359 avarus
434 3318 547 3359 ‹irnnem
573 3300 718 3358 bominem

132 3377 223 3436 timel.
248 3379 328 3445 Nam,
352 3374 507 3433 seeundum
523 3375 718 3443 Aaapastinam,

132 3450 208 3508 videt
222 3448 349 3517 divitem,
363 3452 391 3504 et
406 3447 716 3517 aestimatpranlonem3

130 3524 207 3579 ridet
220 3536 384 3595 pauperem,
399 3525 427 3575 et
438 3518 600 3592 suspiratur
614 3519 715 3574 lnrem.

132 3595 205 3662 oneo
232 3597 346 3662 letenna,
374 3595 442 3662 ovain
460 3607 514 3647 non
539 3591 717 3660 habeboque

130 3681 290 3733 oonprepent
314 3667 423 3731 ferretus
446 3664 540 3718 meos?
567 3661 717 3733 hngnstia·

131 3737 214 3793 batur
230 3735 281 3790 iste
301 3734 380 3789 <lires
395 3750 427 3790 ex
446 3734 601 3816 opulentia,
623 3732 716 3789 nrlelix

129 3806 159 3866 in
187 3805 377 3880 praesentibus
406 3806 500 3873 bonis,
532 3803 714 3860 inlelieiorin

129 3879 253 3947 inlinis,
272 3894 340 3946 ager
356 3875 434 3932 enim
447 3878 472 3931 ei
489 3892 543 3931 nnn
574 3881 630 3930 tam
651 3874 715 3930 red-

130 3952 216 4021 ditus,
233 3966 317 4023 qumi
339 3953 462 4030 gentitus
484 3947 579 4002 attulit
601 3946 714 4015 gravio-

128 4042 192 4094 res3
211 4030 240 4079 et
254 4020 416 4079 sollicitudo
432 4016 520 4074 nimia
534 4016 622 4073 erevit
638 4016 662 4074 ei
681 4034 715 4073 ex

128 4095 258 4163 aratritia,
279 4099 307 4150 el
321 4089 452 4161 annuntia
471 4107 503 4146 ex
519 4089 659 4146 satietate.
679 4093 715 4146 m

128 4170 203 4226 dien
218 4188 225 4225 ι
242 4171 297 4225 lloe
318 4168 433 4236 (ercinia.
456 4166 600 4219 llestruonr
618 4164 714 4218 horren

128 4258 190 4297 meu
204 4246 229 4297 et
246 4239 354 4310 rrrnjorn
378 4238 492 4304 loeium.
521 4237 580 4291 Non
600 4239 713 4307 oporte-

127 4312 178 4371 bat
192 4327 257 4370 eum
273 4312 377 4368 horrea
390 4308 521 4377 dilatare,
534 4306 608 4367 bene
631 4310 714 4364 eraut

782 428 887 483 horrea
899 434 1009 499 parata,
1024 428 1138 484 scilieet
1147 445 1319 502 pappam
1330 445 1381 488 a

782 499 916 555 rientium
932 506 1060 557 ventres:
1085 501 1141 556 sed
1170 518 1236 558 nnn
1258 502 1380 559 meminit

782 571 942 626 eommunis
956 580 1077 637 nature,
1093 589 1149 628 nea
1169 574 1290 631 seielmt
1309 574 1378 645 rogi·

781 650 854 700 tare.
870 643 923 699 nisi
939 644 974 699 de
989 645 1222 715 rongrepatione
1238 654 1378 720 tempora·

782 715 813 771 li.
829 732 886 770 non
905 716 940 771 de
958 716 1077 771 rotem.
1090 718 1177 788 enjus
1191 719 1305 776 horrea
1318 725 1377 776 sunt

781 803 923 858 pauperes
950 787 1065 843 Christi.
1090 791 1129 845 m
1159 792 1253 859 illue,
1279 791 1376 863 inquil,

781 861 960 927 conprepobo.
976 876 1040 915 rum
1055 876 1072 915 e
1089 863 1247 918 contrario
1263 863 1375 919 deberet

781 930 891 987 disere:
902 932 1064 1003 dispeream
1076 932 1174 988 dando
1185 935 1373 1006 pauperibus,

780 1005 873 1058 omnio
886 1020 945 1073 ona
960 1012 1027 1059 nalo
1038 1012 1103 1059 siml
1115 1008 1201 1067 mihi,
1216 1006 1248 1062 id
1260 1014 1303 1063 est
1315 1023 1375 1078 pro·

780 1081 905 1146 pterme
921 1076 1025 1141 solum,
1044 1076 1087 1131 rel
1113 1091 1181 1133 men
1217 1077 1374 1143 labore,rt

781 1148 851 1202 boun
875 1163 946 1203 men.
971 1147 999 1203 in
1015 1163 1071 1218 quo
1086 1145 1156 1203 dicit
1174 1149 1371 1217 mendacium,

780 1221 847 1290 quia
858 1235 890 1276 er
902 1219 1051 1291 iniquitate
1059 1219 1167 1276 dietum
1179 1226 1227 1276 est
1239 1238 1336 1279 meum
1347 1228 1373 1278 el

779 1296 872 1359 tuum,
888 1307 951 1347 rum
964 1291 1061 1347 omnia
1068 1292 1134 1364 jure
1148 1298 1265 1350 nalurae
1279 1299 1372 1351 essem

779 1363 953 1419 eommunia.
980 1365 1058 1419 Bona
1083 1379 1136 1419 sua
1158 1372 1277 1436 reputat
1302 1376 1370 1422 tem·

780 1435 897 1505 poralia‚
919 1451 983 1491 rum
999 1442 1095 1491 tamen
1114 1435 1255 1506 hominis,
1271 1444 1304 1493 ut
1321 1438 1369 1494 ho

779 1522 826 1562 mo
841 1511 895 1575 est,
912 1506 967 1562 sint
981 1508 1057 1562 bona
1069 1505 1244 1579 spiritualia,
1259 1520 1288 1565 et
1313 1525 1368 1566 non

779 1584 902 1634 terrena.
918 1578 996 1635 [nde
1010 1579 1182 1647 Greporiras:
1204 1602 1221 1631 n
1242 1582 1306 1637 Xon
1327 1586 1368 1637 est

779 1650 903 1706 hominis
914 1656 1028 1707 terrena
1039 1650 1182 1722 possessio
1193 1696 1202 1719 ,
1215 1652 1268 1708 sed
1278 1652 1367 1709 cuele-

779 1721 840 1777 stis.
852 1744 867 1772 n
880 1722 959 1778 [nde
969 1727 997 1778 et
1008 1723 1169 1778 Ambrosius
1181 1742 1190 1776 :
1201 1746 1218 1773 n
1230 1725 1292 1781 Non
1303 1729 1367 1780 sunt

779 1793 855 1850 bona
869 1794 1004 1860 neminie,
1019 1809 1084 1865 quae
1099 1809 1196 1849 serum
1213 1796 1293 1852 ferne
1313 1811 1367 1852 nnn

779 1872 888 1936 potest;
911 1866 971 1921 sola
989 1865 1186 1922 misericordia
1203 1874 1250 1922 est
1273 1883 1366 1923 comes

778 1936 987 1994 detunctorum.
1000 1959 1014 1988 n
1031 1939 1109 1993 Unde
1119 1937 1207 1993 eliam
1220 1937 1293 1995 dixit
1308 1938 1366 2010 qui·

777 2008 843 2064 dam
855 2009 1049 2082 philosophus,
1058 2008 1105 2080 qni
1113 2009 1149 2064 de
1157 2009 1294 2066 incendio
1304 2026 1366 2067 era·

777 2086 869 2136 serat:
891 2083 949 2153 Ego
974 2081 1042 2137 nihil
1065 2080 1186 2152 perdidi,
1205 2082 1286 2138 bona
1303 2097 1366 2138 mea

778 2167 887 2209 meeum
902 2159 989 2221 sunt;
1004 2152 1099 2209 animo
1109 2152 1184 2207 enim
1203 2151 1257 2210 illa
1272 2160 1365 2225 porto,

778 2240 836 2280 non
852 2225 988 2281 humeris
1006 2227 1084 2281 Bona
1103 2232 1212 2293 nostra,
1231 2227 1307 2281 lenna
1321 2225 1364 2282 in·

777 2300 859 2352 terna
873 2301 948 2353 sunt.
965 2297 1045 2353 Unde
1060 2299 1159 2353 Seneca
1176 2312 1183 2351 :
1209 2318 1224 2347 n
1247 2298 1366 2368 Sapiens

777 2367 851 2424 intra
872 2384 903 2425 se
919 2384 1003 2425 omne
1026 2369 1132 2426 bonum
1153 2368 1332 2426 terminabit
1350 2389 1364 2423 ι

777 2441 810 2495 Et
825 2438 892 2496 dicit
916 2439 991 2496 idem
1015 2442 1126 2508 Seneca,
1141 2439 1217 2512 quod
1235 2440 1363 2511 quidam,

776 2516 859 2583 capta
878 2512 970 2584 patria
989 2518 1017 2568 et
1036 2510 1132 2568 liberis
1152 2511 1280 2580 amissis,
1299 2528 1364 2569 eum

776 2599 809 2639 ex
825 2584 956 2640 incendio
971 2584 1084 2655 publico
1110 2583 1198 2652 solus,
1216 2590 1246 2638 et
1264 2591 1361 2640 tamen

776 2656 886 2724 beatus,
917 2655 1015 2724 exiret,
1044 2654 1233 2727 interroganti
1261 2654 1362 2712 victori

777 2743 845 2783 utrm
861 2727 967 2800 aliquid
983 2727 1151 2798 perdidisset
1173 2744 1180 2782 ε
1197 2727 1284 2797 Nihil,
1312 2728 1362 2783 iu-

775 2799 847 2869 quit,
863 2798 988 2872 perdidi3
1003 2800 1147 2856 bonamea
1158 2814 1270 2855 meeum
1284 2804 1360 2855 sunt.

775 2874 811 2926 m
826 2872 917 2927 dicnm
930 2875 1029 2928 nnimae
1043 2888 1116 2939 meae,
1132 2870 1160 2926 id
1175 2877 1218 2927 est
1233 2870 1362 2927 animali-

775 2941 824 2998 tati
842 2959 922 3011 ihren,
936 2943 979 3000 rel
996 2940 1191 3015 mihimetipsi,
1204 2943 1361 2999 secundum
1420 2980 1427 2993 ·

774 3015 849 3085 quod
865 3021 940 3071 totus
956 3017 1040 3071 tiemo
1054 3014 1284 3071 denominatura
1297 3030 1360 3086 par·

774 3090 802 3141 le
817 3085 941 3157 digniori
963 3089 1087 3143 :Animo
1103 3102 1177 3154 mea,
1193 3087 1279 3142 hahes
1292 3087 1361 3142 mni-

775 3163 803 3213 tn
822 3158 901 3221 bona,
916 3158 973 3215 imo
989 3159 1147 3216 habebatur
1161 3158 1197 3215 ab
1214 3157 1269 3225 eis,
1283 3160 1360 3230 post-

774 3235 813 3299 tn,
829 3229 916 3287 idest
931 3236 1055 3301 reposita
1071 3236 1098 3286 et
1124 3235 1300 3303 congregata
1322 3228 1358 3285 ad

774 3302 999 3359 conservandum
1010 3318 1105 3371 avare,
1120 3318 1176 3358 non
1190 3301 1226 3358 ad
1237 3317 1358 3372 erogan-

774 3374 840 3430 dum
853 3373 953 3444 libere,
963 3378 991 3430 in
1003 3391 1088 3430 annos
1099 3376 1243 3445 plurimos.
1255 3373 1308 3430 Ubi
1318 3371 1358 3428 ait

774 3447 922 3515 Cprillns:
947 3467 960 3498 n
988 3446 1069 3502 Dives
1096 3445 1182 3517 igitur
1204 3460 1260 3501 non
1277 3448 1358 3517 parat

772 3517 971 3590 permanentia
992 3519 1105 3584 horrea,
1121 3517 1171 3573 sed
1184 3518 1305 3583 caduca;
1319 3522 1356 3586 et,

772 3590 846 3661 quod
861 3590 972 3647 stultius
988 3597 1040 3659 est,
1057 3589 1122 3645 vitae
1137 3588 1190 3646 sibi
1204 3593 1282 3644 tanat
1299 3589 1358 3644 lon·

771 3661 941 3788 fiitudinem.
959 3662 1024 3729 Sed,
1043 3661 1160 3729 odires,
1174 3660 1281 3717 tructus
1298 3659 1356 3731 qui·

792 3748 836 3787 em
849 3733 937 3789 habes
953 3734 981 3790 in
995 3732 1115 3801 horreis,
1128 3732 1178 3789 sed
1191 3747 1284 3788 annos
1297 3731 1356 3803 pln-

771 3802 859 3859 rimos
872 3804 945 3860 unde
966 3804 1072 3876 poteris
1085 3803 1241 3861 obtinere?
1258 3825 1269 3854 ι
1294 3801 1354 3870 llio,

770 3874 899 3946 arguitur
931 3876 1095 3933 habentium
1139 3875 1268 3932 redditus
1301 3872 1354 3931 sibi

770 3947 943 4004 sullleientes
963 3947 1195 4020 reprehensibilis
1213 3946 1353 4015 detentio,

770 4024 797 4076 et
825 4018 953 4075 collectio
987 4036 1075 4092 supra
1110 4035 1215 4076 annum
1243 4033 1353 4086 eorum,

770 4107 833 4163 qum
847 4089 969 4162 singulis
984 4091 1067 4148 annis
1082 4092 1214 4161 redeunt,
1227 4095 1255 4148 et
1274 4089 1355 4147 inno·

769 4167 882 4220 rantur.

805 4235 967 4304 lQuaruon
986 4251 1068 4307 nana,
1094 4251 1154 4300 nun
1172 4250 1264 4292 oremr
1288 4249 1355 4291 nnn·

769 4324 867 4363 rtnmn
883 4324 1062 4368 ananelum.
1079 4337 1113 4352 -
1130 4308 1164 4366 ut
1179 4305 1326 4382 subjungit
1346 4323 1353 4362 τ
