2880 4942
118 330 150 385 2⁰
470 328 582 383 Psilis
609 330 732 385 tiaris
759 331 868 388 CAPUT
894 331 1001 389 xti'll.

118 453 186 497 nam
204 436 398 508 predestinati
418 439 495 501 sunt,
515 452 567 507 per
583 438 704 509 gratiam

119 510 201 584 ejecti
243 509 317 566 male
343 507 504 565 virentibus
532 514 560 564 et
583 512 705 566 terrenis

119 556 334 642 intendentibus
348 577 533 662 dominantur
546 596 553 650 ;
569 582 645 652 quod
660 587 705 636 ta·

118 672 184 715 men
214 668 272 711 non
300 650 408 707 iaciunt
427 666 480 707 nisi
499 652 581 707 lesus
601 667 702 708 conce-

119 729 177 797 dat,
194 723 263 799 quia
276 739 329 780 nec
342 722 431 779 malos
447 728 558 779 tentare
574 729 704 796 possunt,

118 800 170 857 nisi
195 797 320 870 potentia
344 795 440 851 divina
456 794 611 864 permittat.
631 795 703 852 Grex

116 888 185 930 vero
207 882 358 940 porcorum
381 882 399 922 a
425 865 548 993 legione
571 864 601 922 in
625 881 704 932 mare

117 943 277 1018 projicitur,
303 941 371 995 dum
389 953 439 1008 per
474 952 599 995 temones
614 937 704 993 malo-

116 1031 182 1072 rum
201 1012 371 1070 universitas
387 1009 422 1064 ad
440 1007 608 1066 infernalem
625 1024 701 1065 ama-

117 1087 272 1143 ritudinem
307 1082 463 1140 erduciiur.
480 1081 541 1135 Non
561 1087 703 1152 repugnat

116 1165 211 1219 aulem
223 1101 304 1230 quoi?
312 1155 459 1211 ldattbaeus
476 1150 512 1208 dc
526 1151 635 1209 duobus
647 1152 703 1208 dae-

116 1231 263 1296 maniacis,
271 1231 453 1285 llarcusvero
462 1227 491 1279 et
498 1224 627 1279 Lucasde
642 1240 700 1280 uno

115 1308 226 1361 tantuin
254 1304 407 1372 loquantur
426 1314 434 1367 ;
453 1295 515 1364 sed,
543 1296 700 1352 secundum

115 1376 316 1445 Aapustiaum,
331 1368 474 1440 intelligas
490 1382 579 1423 unum
601 1382 699 1422 eorum

114 1447 199 1505 luisse
229 1457 357 1515 personia
380 1439 501 1510 alicujus
523 1437 651 1493 clarioris
673 1442 702 1492 et

114 1516 284 1578 famosioris,
303 1512 358 1580 rel,
372 1510 528 1591 secundum
543 1510 701 1590 chrysosto-

113 1606 199 1657 mum,
221 1584 347 1643 serioris
373 1588 401 1637 ei
427 1594 546 1636 insaniae
573 1594 699 1651 maioris,

116 1675 166 1732 pro
186 1675 242 1731 quo
262 1657 310 1713 illa
326 1654 405 1726 regio
423 1649 544 1727 maxime
561 1650 676 1707 dolebat
692 1667 700 1720 ;

112 1733 188 1817 quod
200 1731 327 1786 volentes
334 1724 494 1798 significare
504 1723 561 1778 duo
571 1723 701 1794 Evange-

109 1806 191 1875 lisiae,
204 1804 295 1859 solum
315 1812 405 1853 unum
419 1795 700 1877 commemorandum

108 1877 320 1952 judicaverunt,
337 1870 373 1925 de
401 1883 458 1940 quo
478 1866 544 1922 laeti
558 1867 642 1938 buJus
658 1866 699 1922 ia-

113 1964 159 2007 ma
174 1949 259 2005 latius
271 1942 492 2017 praeclariusque
507 1938 696 2007 fragraverat.

146 2024 162 2076 6
190 2021 322 2077 Ciuusrus
349 2034 367 2070 a
402 2029 518 2068 iissross
544 2010 701 2068 Gsuaseso·

112 2109 166 2149 auri
190 2107 319 2148 niscatur.
344 2116 377 2127 -
394 2087 530 2142 Ueterum
552 2090 643 2140 auten
657 2082 699 2140 llll

111 2162 242 2219 homines
256 2162 291 2215 de
306 2158 430 2224 civitate,
464 2160 490 2210 et
504 2161 636 2209 veneant
661 2155 699 2210 ad

111 2235 213 2289 lesam.
229 2230 281 2287 Ubi
310 2230 388 2283 Titus
404 2243 412 2279 :
442 2243 456 2277 s
474 2224 538 2279 lllos
551 2231 646 2279 autem
661 2224 698 2279 ad

112 2304 285 2360 salvatorem
304 2298 383 2353 duxit
403 2294 499 2349 damni
518 2295 696 2361 necessitas3

110 2373 277 2445 frequenter
291 2368 366 2424 enim
381 2367 455 2420 Ueus
476 2364 606 2420 homines
620 2366 697 2420 dam·

111 2451 161 2503 nat
173 2446 202 2500 in
216 2442 302 2499 robus
314 2434 463 2522 possessis,
477 2441 506 2491 ct
520 2434 696 2516 coniertbe·

109 2515 245 2575 neilcium
276 2510 436 2569 animabus.
467 2508 540 2562 »st
567 2506 697 2589 homines

107 2591 203 2649 lesum
217 2603 251 2645 ac
265 2584 340 2642 taeta
349 2581 487 2649 videntes,
498 2579 603 2661 conscii
614 2578 697 2661 tragi-

109 2662 198 2719 litatis
220 2674 280 2716 suae
306 2655 385 2711 velut
406 2653 499 2709 adbuc
525 2650 643 2715 milrmi,
667 2656 696 2707 et

109 2731 261 2805 prasentia
272 2726 385 2786 Domini
409 2723 696 2795 indigniroqoneiuat

108 2805 190 2861 tiliam
208 2818 242 2858 ex
258 2797 430 2861 bumilitate,
447 2798 479 2850 iit
495 2809 513 2848 a
528 2794 631 2862 initas
649 2808 696 2849 eo·

106 2891 169 2931 riou
194 2871 353 2931 diseederet,
379 2868 446 2937 qaia
475 2866 572 2920 timore
595 2879 695 2933 mopso

108 2940 303 3004 admirationis
325 2946 354 2994 et
374 2937 541 2995 reverentiae
564 2937 693 2993 terreban-

107 3023 163 3074 tnr.
191 3012 372 3084 lleputabant
396 3009 472 3064 enlin
503 3022 534 3063 se
562 3007 694 3079 indignos

107 3093 187 3146 lanio
205 3087 320 3142 doctore
335 3086 365 3138 et
386 3081 449 3153 ejus
464 3080 691 3160 conversatione,

105 3160 180 3216 sicut
213 3154 347 3225 Centurio
383 3151 534 3223 reputabat
561 3165 591 3206 se
616 3150 692 3206 indi-

128 3245 196 3287 num
211 3234 291 3284 tanto
315 3225 435 3296 bospite,
460 3230 488 3279 ct
505 3223 578 3277 sicut
592 3223 692 3279 Petrus

106 3246 269 3377 fragilitatis
292 3315 351 3354 suaa
378 3309 489 3353 memor
514 3294 574 3350 ait:
601 3296 659 3350 Eat
673 3311 692 3349 a

107 3391 161 3445 me,
188 3375 257 3446 quta
288 3372 366 3427 bomo
390 3371 518 3440 peccator
541 3380 612 3436 sum,
639 3368 691 3421 Uo·

106 3449 189 3504 miae.
204 3445 252 3503 Vel
264 3443 348 3510 iorte,
361 3439 406 3496 isti
423 3437 558 3495 Geraseni
581 3453 612 3493 ex
627 3452 691 3509 pec·

106 3518 177 3575 caiis
193 3518 253 3574 suis
269 3513 361 3570 territi
380 3510 519 3567 timebant
545 3508 689 3565 offendere

106 3588 287 3659 presentiam
313 3581 430 3651 Christi,
459 3589 488 3637 et
515 3595 566 3649 per
594 3595 691 3661 conse·

105 3674 197 3731 quens
232 3657 379 3711 incurrere
409 3664 522 3721 posnam
552 3665 690 3728 majorem

103 3726 288 3801 precedenti,
321 3728 350 3778 et
382 3736 432 3791 per
465 3734 532 3776 eum
568 3721 690 3800 amplius

125 3814 192 3856 uam
206 3797 237 3854 in
250 3794 402 3852 amissione
416 3805 569 3862 porcorum
582 3790 691 3846 damni-

104 3816 195 3939 ficari,
213 3869 286 3925 sicut
304 3865 360 3922 Oza
376 3868 497 3935 tangens
513 3876 609 3918 arcam
626 3861 687 3919 Dei.

764 442 862 499 iebant
872 457 948 513 euin,
959 456 1018 499 non
1034 443 1138 514 obstat,
1149 446 1199 502 sed
1210 445 1347 523 discedit;

764 518 793 569 et
809 528 857 570 eos
873 515 921 587 qui
940 514 1047 586 seipsos
1073 517 1204 590 indignos
1230 535 1282 576 sua
1301 520 1348 577 do·

764 585 856 641 ctrina
886 587 1150 659 promulgaverant,
1184 589 1348 665 dereliquit,

765 654 835 713 dans
850 657 891 714 eis
906 658 1036 716 doctores
1053 659 1190 717 liberatos
1206 677 1224 717 a
1243 662 1351 720 daemo·

763 727 860 799 nibus,
878 735 907 785 et
920 746 1071 801 porcorum
1087 737 1225 802 pastores.
1241 752 1256 783 »

800 822 815 871 7
828 801 1018 870 Dauomacus,
1031 820 1109 858 imavi
1129 820 1283 860 niscirucos
1296 822 1350 861 riori

763 886 903 941 anvissus,
932 891 961 929 iv
982 891 1033 930 sui
1062 891 1158 931 raram
1180 893 1350 933 raanicaioii

763 958 911 1001 arriciruii.
925 976 958 986 -
971 946 1091 1016 eamque
1102 948 1185 1003 lesus
1197 951 1292 1003 nooi'm
1308 963 1352 1004 os-

762 1014 895 1086 tenderet,
912 1018 1030 1086 ropabat
1041 1018 1132 1087 illum,
1143 1035 1176 1075 eii
1187 1020 1349 1089 devotione,

761 1088 806 1141 vir
830 1095 957 1158 sanatus,
983 1095 1014 1145 iit
1035 1105 1096 1145 cum
1121 1105 1150 1146 eo
1175 1096 1254 1160 esset,
1282 1092 1349 1162 quia

761 1166 860 1230 gratus
875 1161 910 1217 de
923 1160 1061 1217 beneficio
1076 1161 1129 1218 sibi
1146 1160 1260 1229 collato,
1282 1178 1349 1220 eum

761 1231 841 1301 sequi
861 1232 984 1288 volebat.
1010 1235 1090 1289 lesus
1109 1238 1204 1289 autem
1221 1250 1276 1290 non
1293 1233 1347 1290 ad-

760 1304 838 1359 misit
873 1302 901 1358 id
917 1310 959 1358 esi
974 1319 1031 1360 non
1046 1306 1152 1375 recepit
1169 1322 1229 1360 oum
1241 1306 1277 1361 ad
1304 1306 1348 1361 di·

761 1345 942 1443 scipulatum,
953 1382 1069 1445 proptor
1085 1376 1271 1445 precedentis
1285 1392 1350 1448 pas·

762 1444 849 1499 sionis
861 1445 1027 1514 horrorem,
1043 1452 1072 1502 et
1086 1463 1122 1503 ne
1135 1449 1347 1506 adscriberetur

761 1514 895 1585 daemoni,
915 1517 990 1587 quod
1016 1519 1068 1575 iste
1090 1518 1207 1589 iaceret,
1223 1521 1245 1575 si
1259 1521 1346 1577 disci-

761 1586 845 1657 pulus
880 1588 1107 1648 Christiiuisset.
1138 1592 1248 1648 Exhoc
1277 1593 1340 1650 loco

760 1657 899 1729 accipitur
915 1666 943 1715 et
956 1668 1123 1718 consuetum
1144 1668 1186 1718 est
1204 1661 1233 1718 in
1254 1666 1346 1722 Eccle-

759 1727 812 1797 sia,
830 1731 905 1801 quod
920 1731 1087 1789 daemoniaci
1103 1740 1131 1789 et
1157 1735 1255 1791 furiosi
1285 1743 1347 1805 post

760 1804 936 1858 curationem
950 1818 1006 1859 non
1024 1814 1226 1875 promoventur
1246 1808 1282 1862 ail
1297 1825 1345 1864 ec·

760 1872 915 1930 clesiastica
928 1874 1032 1932 officia.
1049 1876 1102 1933 Sed
1130 1878 1264 1935 Dominus
1279 1895 1344 1935 iiim

759 1961 845 2016 quem
861 1952 1009 2002 curaverat
1021 1962 1117 2004 seeum
1127 1948 1230 2006 ducere
1242 1952 1343 2021 noluit,

760 2023 791 2072 ut
802 2019 949 2090 jactantiae
964 2034 1079 2075 causam
1101 2021 1190 2076 vitare
1206 2021 1320 2077 doceret
1335 2040 1342 2090 ;

759 2095 788 2144 et
825 2096 941 2161 propter
977 2090 1099 2146 trucium
1133 2093 1344 2161 praedicationis

759 2160 851 2229 ipsum
875 2161 911 2215 ad
930 2175 996 2214 snos
1018 2160 1138 2223 remisit,
1158 2167 1187 2215 ni
1201 2177 1251 2230 per
1277 2180 1343 2219 eum

760 2230 832 2298 aliis,
845 2235 1047 2298 procuraretur
1059 2230 1171 2283 salusei
1182 2231 1343 2288 infidelibus

758 2305 832 2353 esset
865 2298 993 2368 exemplo
1020 2300 1078 2367 ipse
1107 2306 1230 2354 sanatus.
1262 2302 1341 2358 Unde

758 2383 822 2423 eum
842 2385 859 2425 a
883 2383 934 2424 sua
959 2370 1074 2439 sequela
1098 2370 1262 2441 simpliciter
1284 2386 1340 2428 non

757 2440 879 2511 repellit,
915 2440 965 2496 sed
1003 2440 1092 2509 ipsum
1125 2442 1340 2512 praedicatorem

756 2511 931 2583 magnalium
957 2511 1285 2583 divinorumconsiituit,
1313 2520 1342 2572 ot

755 2584 797 2637 ait
815 2584 861 2639 titi
877 2601 883 2640 :
911 2582 989 2639 Vade
1007 2585 1039 2639 iri
1055 2584 1164 2639 minum
1191 2590 1276 2655 tuam,
1304 2588 1340 2644 ad

756 2659 819 2710 tuos
837 2653 940 2726 quibus
959 2670 991 2710 ex
1016 2654 1109 2711 oliicio
1127 2656 1251 2712 caritatis
1276 2659 1340 2727 plus

756 2729 873 2797 teneris,
891 2729 917 2780 et
934 2728 1070 2782 annuatia
1086 2727 1145 2781 illis
1165 2734 1270 2797 quanta
1288 2731 1340 2786 tibi

754 2799 886 2853 Dominus
898 2798 976 2865 fecit,
993 2802 1019 2852 et
1029 2799 1072 2852 tut
1086 2801 1214 2854 misertus
1227 2803 1275 2867 sit,
1291 2817 1336 2856 sa·

755 2883 827 2924 nans
838 2876 865 2925 ie
878 2869 1013 2924 inanima
1027 2874 1057 2925 et
1069 2869 1099 2924 in
1114 2884 1243 2940 corpore.
1259 2874 1337 2929 Unde

755 2941 922 3012 Theophilus
936 2958 945 2994 a
960 2958 975 2992 <i
989 2939 1058 2995 Vide
1074 2940 1225 2997 Salvatoris
1241 2943 1337 2999 humi-

753 3010 862 3067 litatem
878 3028 887 3080 3
903 3025 959 3066 non
975 3011 1064 3068 dixit:
1084 3013 1224 3067 Denuntia
1239 3017 1336 3071 omnia

752 3097 816 3153 quae
836 3082 903 3138 iecit
917 3082 980 3151 tibi,
994 3082 1045 3138 sed
1057 3100 1064 3140 :
1077 3082 1178 3138 Omnia
1191 3099 1255 3153 quae
1272 3086 1338 3141 lecit

751 3153 803 3208 tibi
832 3155 968 3210 Dominus
983 3171 992 3222 ;
1020 3152 1059 3210 sie
1084 3159 1113 3209 tu
1139 3170 1204 3210 cum
1232 3157 1336 3212 bonum

750 3224 867 3296 aliquod
887 3225 1025 3296 operaris,
1051 3240 1108 3281 non
1128 3225 1190 3295 tibi,
1211 3227 1259 3281 sed
1278 3229 1336 3284 Deo

751 3297 900 3353 attribuas.
921 3315 936 3350 a
957 3296 1036 3353 Unde
1054 3303 1081 3352 ei
1101 3297 1335 3366 Gbpsostomus:

751 3387 765 3421 (ι
783 3369 861 3424 licet
878 3374 973 3424 autem
992 3367 1055 3424 aliis
1077 3369 1182 3423 sanatis
1201 3372 1336 3440 praeceplt

749 3438 857 3496 nemini
887 3439 993 3509 dicere,
1015 3440 1216 3495 convenienter
1240 3449 1335 3497 tamon

748 3512 814 3567 huic
836 3511 974 3583 pracepit
986 3510 1062 3581 quod
1081 3512 1242 3582 annuntiet,
1263 3527 1333 3583 quo·

747 3584 825 3638 niam
853 3582 947 3638 omnis
975 3582 1054 3654 regio
1080 3582 1259 3639 damonibus
1289 3585 1335 3640 de-

746 3657 827 3707 tenta
851 3653 911 3708 sine
940 3652 1000 3708 Deo
1028 3654 1171 3711 manebat.
1199 3673 1214 3705 i>
1253 3655 1333 3711 Unde

747 3723 833 3779 etiam
857 3723 1060 3791 Ammonia:
1090 3747 1102 3773 a
1130 3725 1209 3792 Quod
1236 3732 1332 3782 autem

745 3793 793 3848 illc
825 3799 940 3850 sanatus
972 3797 1049 3866 cupii
1079 3796 1139 3878 jam
1171 3812 1231 3852 esse
1266 3812 1331 3852 cnm

745 3863 868 3936 Christo,
896 3872 925 3920 et
943 3865 1047 3922 dicitur
1065 3882 1111 3923 ei:
1135 3868 1212 3926 Vade
1230 3870 1260 3923 ta
1279 3867 1331 3923 do·

103 3946 165 4017 lpse
178 3945 269 3998 autem
286 3935 432 3993 ascenderis
448 3935 543 3989 accim
560 3948 688 4015 reseras
744 3950 818 3992 mica
834 3941 922 4018 taam,
939 3942 966 3992 et
978 3953 1064 4019 baira
1077 3940 1253 4018 quanta-tibi
1264 3939 1331 4020 fecit

101 4020 152 4088 ast,
170 4020 200 4071 ut
225 4011 354 4069 infirmos
387 4007 542 4072 desereret,
580 4005 685 4076 quibus
742 4009 825 4076 Ueiis,
843 4023 884 4064 sic
901 4008 1080 4091 intelligitiir,
1101 4014 1265 4082 utquisque
1284 4026 1331 4066 in·

103 4086 276 4217 ffierziuam
292 4078 471 4154 presentiam
485 4091 547 4133 esse
562 4075 685 4131 videbat.

148 4176 157 4214 i

743 4079 924 4205 telligaipost
939 4094 1132 4136 remissionem
1149 4087 1328 4152 peccatorum

245 4157 403 4214 sostomas:
427 4168 442 4201 ‹i
455 4148 576 4204 silenda
589 4153 685 4228 autem
740 4150 850 4206 redeun
872 4165 919 4205 uin
932 4149 986 4206 sibi
1003 4153 1106 4207 esseio
1125 4152 1328 4233 conscientiam

103 4173 428 4292 Christirfflnmilitatem,
442 4226 593 4293 postquam
607 4233 685 4276 enim
741 4222 857 4290 bonam,
874 4221 947 4277 sicut
964 4222 992 4277 in
1011 4222 1138 4294 domuin,
1156 4229 1185 4279 et
1200 4238 1329 4280 servien-

102 4301 242 4358 collatisa
258 4291 570 4361 setalibusbenelieiis,
590 4291 686 4349 remit·
741 4292 810 4351 dam
824 4293 977 4366 Evangelio
994 4299 1109 4366 propter
1126 4295 1249 4351 aliorum
1280 4310 1329 4351 sa·
