2880 4942
444 355 483 408 llll
510 352 713 409 unhohltho
740 351 834 407 GleO
860 349 900 404 El*
926 349 1027 402 MUTO.
1294 350 1344 406 tte

108 466 204 519 autem
230 461 454 544 uniuscujusque
471 460 629 534 peccatoris
645 478 695 519 vo·

107 534 202 590 luntas
219 533 389 590 testimoniis
403 533 504 602 tribus,
520 531 549 588 id
565 540 607 589 est
624 551 631 590 ι
646 551 693 591 co·

109 604 286 733 {italiorum
305 607 456 663 verborum
471 610 500 662 et
515 620 633 678 operum
654 623 661 662 ε
678 624 692 660 u

131 693 172 733 aec
186 679 403 747 chrysostomus.

147 753 178 804 16
195 750 326 816 Quuvruu
347 764 486 805 necamus
513 766 545 805 os
568 766 694 806 uosrhutt

106 836 261 877 cosromac.
282 851 317 862 -
338 821 388 877 llic
414 837 482 892 ergo
503 819 648 889 docemur,
664 826 696 877 ut

106 907 137 947 os
166 898 295 949 nostrum
322 891 526 960 custodiamus,
546 909 582 948 na
607 895 695 949 verba

106 962 199 1020 otiosa
215 965 259 1022 vel
276 964 351 1020 mala
365 964 530 1034 loquamur:
544 962 611 1035 quia
623 963 695 1020 sicut

105 1049 155 1090 vas
171 1035 248 1106 quod
266 1052 323 1091 non
343 1035 480 1106 operitur,
496 1033 551 1091 cito
574 1034 695 1091 immun-

106 1105 175 1162 dum
190 1106 232 1175 tlt,
247 1111 275 1162 et
291 1105 432 1178 quidquid
450 1112 495 1162 est
509 1103 629 1163 interius
644 1103 693 1162 tri-

105 1176 214 1247 gescit;
232 1177 271 1233 sic
294 1183 380 1235 estet
404 1178 438 1234 de
462 1177 558 1244 corde,
576 1179 630 1234 nisi
650 1194 693 1247 os,

106 1248 183 1318 quod
209 1255 253 1305 est
280 1250 342 1321 eJ'us
361 1249 536 1320 operculum,
563 1254 695 1306 teneatur

106 1334 172 1374 cunr
198 1320 323 1377 discreta
341 1320 469 1378 custodia
491 1322 628 1377 clausum.
648 1324 693 1391 Et,

103 1395 134 1446 ut
149 1389 218 1446 dicit
233 1393 390 1461 Greporius,
407 1394 442 1448 ab
454 1392 530 1448 omni
549 1390 695 1449 rectitudi-

101 1461 147 1516 nis
161 1468 235 1519 statu
247 1469 378 1535 pereunt,
387 1464 499 1590 quiper
510 1463 593 1520 noxia
606 1465 693 1521 verba

100 1532 275 1589 dilabuntur.
298 1538 331 1590 Et
349 1535 413 1591 ideo
453 1539 605 1606 requenter
625 1551 690 1592 ore·

102 1619 177 1674 mus,
193 1605 341 1662 diceutes:
360 1609 441 1669 Pone,
462 1610 585 1670 Domine,
605 1613 693 1663 custo·

101 1675 178 1730 dium
197 1681 240 1731 ors¹
255 1693 332 1741 meo:
348 1684 374 1733 et
392 1680 494 1733 ostium
508 1681 692 1735 circumstan-

102 1749 148 1803 tia
166 1749 249 1803 lobiis
268 1752 345 1804 meis.
365 1749 443 1806 Unde
460 1751 666 1817 chrysostomus
682 1769 691 1807 ε

105 1838 119 1871 a
139 1818 228 1899 blagis
241 1819 339 1891 utique
356 1820 466 1891 virgine
484 1821 580 1948 eliqua
595 1828 691 1878 custo·

103 1889 131 1944 di
147 1890 285 1961 linguam.
297 1895 393 1963 Equus
404 1898 447 1948 est
463 1908 531 1963 rega
544 1894 567 1948 is
582 1893 690 1965 liugas.

102 1960 130 2018 si
152 1961 240 2032 igitur
262 1963 433 2033 imposueris
460 1965 582 2032 frenum,
597 1970 626 2020 et
644 1964 693 2021 do·

102 2033 195 2090 cueris
211 2035 360 2091 ambulare
377 2051 441 2091 cum
458 2036 535 2092 bona
551 2035 691 2107 composi·

100 2103 189 2172 tione,
204 2105 325 2176 quiescit
340 2123 425 2177 super
440 2123 514 2175 eam,
531 2113 560 2164 et
569 2107 693 2179 desuper

102 2176 211 2232 sedebit
226 2193 283 2233 rer.
297 2178 325 2235 Si
343 2184 438 2235 autern
458 2178 628 2235 infrenatam
648 2178 690 2235 di·

102 2246 216 2303 miseris
235 2249 313 2317 lcrri,
335 2256 362 2305 et
391 2250 509 2318 saltarc3
538 2250 644 2307 diaboli
664 2255 693 2307 et

102 2318 265 2376 daemonum
280 2321 368 2376 sessio
384 2321 440 2377 sst:
461 2343 476 2372 u
493 2323 554 2378 haec
574 2325 693 2391 Chryso·

98 2396 212 2446 stomus.
232 2392 309 2448 Unde
324 2399 353 2448 et
374 2393 502 2461 Oripeues
518 2413 526 2448 ε
545 2421 560 2445 a
576 2394 691 2463 Eorum,

101 2461 151 2533 qui
178 2465 265 2519 verba
294 2463 344 2519 Del
370 2465 537 2535 loquuntur,
558 2481 591 2521 os
617 2468 692 2522 Deus

98 2532 209 2604 aperit;
234 2534 348 2592 illorum
368 2551 445 2604 vero,
466 2536 514 2607 qui
538 2536 693 2606 loquuntur

100 2605 304 2678 mendacium,
340 2606 442 2663 falsum
475 2606 691 2677 testimonium,

100 2676 297 2748 scurrilitates,
330 2678 530 2806 turpitudines,
560 2695 691 2736 susurro·

98 2763 164 2804 rum
184 2764 297 2821 quoque
316 2758 346 2806 et
390 2758 580 2816 etractorum,
599 2757 628 2807 et
643 2768 691 2808 eo·

97 2834 163 2875 rum
187 2821 236 2892 qui
262 2820 354 2879 otiosa
380 2822 544 2894 loquuntur.
560 2823 691 2880 diabolus

104 2906 136 2947 os
156 2892 257 2964 aperit.
271 2912 285 2943 o
302 2896 434 2965 ltlagnurn
453 2912 520 2967 ergo
534 2895 691 2968 periculum

102 2969 145 3019 est
159 2963 235 3036 loqui
250 2965 286 3020 de
301 2967 474 3024 secularibus
488 2970 612 3036 etvanis‚
625 2984 691 3024 cum

102 3035 191 3116 multa
206 3035 262 3091 sint
279 3036 376 3094 diviua
390 3045 419 3094 et
435 3039 513 3096 utilia
536 3040 571 3096 de
587 3040 690 3112 quibus

101 3105 179 3178 loqur
193 3124 351 3179 possumus.
368 3110 447 3167 Unde
456 3109 496 3169 ait
506 3113 688 3168 Ambrosius:

103 3179 197 3234 «Nou
215 3180 357 3238 mediocre
381 3183 540 3308 fericulum
559 3189 612 3251 est,
626 3197 690 3239 cum

100 3254 181 3306 tanta
195 3252 350 3309 habeamus
363 3270 379 3309 e
391 3253 478 3323 aquia
488 3253 549 3315 Dei.
565 3260 593 3309 et
603 3269 690 3325 opera

102 3335 166 3391 quae
193 3322 269 3388 lecit,
301 3323 346 3380 his
376 3324 584 3395 pretermissis,
612 3326 689 3395 loqui

100 3406 165 3520 fluia
181 3394 269 3450 seculi
287 3400 362 3450 suut.
382 3398 414 3451 Et
429 3395 548 3451 maxime
564 3411 582 3451 a
597 3395 690 3452 verbis

121 3465 281 3522 stractoriis
294 3481 394 3522 cavere
410 3467 556 3534 debemus,
570 3483 605 3523 ne
616 3465 690 3523 mala

100 3533 252 3606 loquamur
266 3538 301 3594 de
318 3538 391 3594 aliis.
411 3559 425 3589 »
448 3538 527 3594 Unde
542 3546 571 3595 ct
587 3541 689 3606 dupu-

101 3608 210 3688 sunus:
223 3628 237 3661 u
251 3609 320 3666 Vide
331 3609 473 3681 quomodo
485 3609 690 3667 irascerisalte·

99 3692 137 3759 ξι,
153 3680 267 3750 quando
292 3682 328 3738 de
347 3687 374 3738 te
390 3685 462 3739 male
483 3683 627 3753 loquitur;
648 3681 689 3739 sic

100 3764 224 3832 irascere
241 3751 302 3820 tibi,
319 3755 433 3825 quando
449 3754 484 3810 de
508 3755 598 3811 altero
615 3754 689 3811 male

100 3818 238 3891 loquens.
257 3843 270 3876 o
287 3827 321 3880 Et
339 3841 395 3882 non
418 3826 509 3882 sulum
524 3842 623 3883 cavere
642 3827 689 3882 de·

101 3890 203 3948 berilus
222 3910 258 3950 ne
280 3897 365 3953 verba
392 3898 564 3955 detractoria
589 3898 688 3970 loqua-

102 3978 184 4044 mur,
205 3966 360 4024 sedetiam
382 3985 418 4026 ne
442 3969 601 4027 audiamus.
622 3971 689 4041 qula

101 4049 126 4089 st
139 4051 197 4092 non
210 4045 285 4094 esset
304 4040 426 4107 auditor,
439 4058 494 4097 non
509 4046 584 4098 esset
593 4040 688 4098 detra·

101 4111 172 4162 ctor.
187 4110 265 4166 Unde
278 4113 444 4168 Bervaordus:
455 4134 468 4164 a
482 4114 647 4180 Detrahere,
661 4117 689 4169 et

101 4177 417 4251 detrahentemaudire,
446 4182 690 4241 uldhorumdam·

99 4249 224 4330 habilius
241 4253 288 4321 sit,
305 4270 361 4310 non
378 4201 459 4312 facile
475 4256 605 4314 dixerim.
623 4280 636 4304 »ι
656 4259 689 4312 ut

101 4325 222 4381 uterum:
236 4346 251 4378 a
263 4325 372 4397 bingam
381 4326 560 4398 detractoris,
571 4334 601 4387 et
609 4327 689 4387 auris

750 457 889 517 auditoris
910 455 1344 530 diabolussedetsuperutrarn·

751 548 815 604 que.
844 550 858 582 a
883 500 1046 587 (favendum
1071 528 1155 585 nobis
1184 534 1228 586 ast
1255 529 1342 586 etiam

750 602 832 660 valde
847 597 967 658 averhls
981 599 1168 657 contentiosis
1179 605 1209 657 ot
1220 598 1339 671 rixosis;

750 678 819 744 quia
844 672 1023 731 occasionem
1041 672 1109 728 dant
1132 672 1229 729 multis
1245 671 1339 730 malis.

750 745 829 804 Unde
843 747 1052 816 Chrpsostomus
1068 765 1079 801 .·
1096 764 1111 797 u
1129 744 1281 802 Consentio
1298 749 1342 802 est

750 816 897 875 altercatio
918 817 1012 889 longa.
1033 813 1165 873 Nascitur
1186 823 1283 873 autern
1308 833 1342 873 ex

750 906 822 947 vana
841 888 943 963 gloria,
964 905 1028 970 quae
1043 887 1147 945 dicitur
1161 905 1242 945 amor
1257 888 1343 945 victo·

749 962 809 1020 rite.
827 962 914 1019 Nemo
939 975 1015 1018 emm
1041 959 1089 1016 diu
1114 958 1271 1029 contendit,
1286 957 1342 1016 nisi

750 1032 798 1105 qui
818 1034 932 1091 vincere
948 1027 1132 1103 concupiscit.
1148 1030 1273 1088 Gloriam
1289 1028 1342 1088 tibi

749 1112 833 1178 putas
861 1121 935 1172 esse,
951 1101 974 1160 si
997 1101 1098 1160 viceris
1106 1120 1115 1186 ξ
1134 1104 1185 1159 sed
1213 1099 1341 1160 occidisti

749 1178 845 1258 gladio
861 1176 985 1233 amicum
1008 1180 1037 1232 ct
1056 1173 1211 1232 amicitiam
1232 1174 1295 1246 ejus
1311 1172 1341 1231 in

749 1264 829 1319 rvso;
845 1256 873 1306 at
894 1246 958 1304 ideo
987 1245 1067 1318 quasi
1084 1246 1119 1304 ds
1136 1246 1228 1304 amico
1250 1243 1341 1303 occiso

749 1267 831 1378 (labis
862 1319 1014 1377 rationem.
1044 1320 1114 1376 Nam
1144 1317 1167 1374 sl
1194 1317 1342 1375 hominem

749 1407 806 1448 non
821 1388 949 1448 occidisti
977 1390 1070 1447 terreo
1095 1388 1201 1461 gladio,
1218 1389 1342 1446 amicum

748 1458 983 1521 tamauoccidisti
1014 1462 1089 1519 ladio
1100 1460 1271 1518 contentiosi
1281 1477 1341 1517 ser·

748 1534 862 1592 monis:
880 1555 893 1586 e
911 1535 972 1590 haec
986 1480 1206 1603 ghrpsouomm.

786 1627 815 1679 17
830 1608 889 1663 NON
907 1623 954 1662 her
969 1623 1003 1661 el:
1023 1622 1141 1662 chouno
1161 1621 1339 1662 suetcahumt·
1413 1672 1418 1679 Ι

747 1678 911 1735 -hlultum
932 1675 1048 1748 insuper
1069 1693 1170 1734 cavere
1190 1677 1339 1746 debemus,

747 1767 782 1807 ne
807 1749 970 1821 proximum
995 1749 1081 1806 verbo
1098 1749 1140 1806 vel
1156 1751 1282 1820 cogitatu
1293 1750 1340 1820 Ju-

747 1822 886 1878 dicemus.
917 1820 997 1877 Unde
1026 1821 1102 1877 idern
1131 1823 1340 1890 chrysostomus

748 1909 834 1964 super
849 1893 902 1949 hoc
917 1910 924 1946 ι
938 1896 983 1948 Es
998 1893 1088 1947 uerbis
1104 1895 1160 1947 tuis
1175 1893 1339 1948 conmmea-

748 1966 829 2027 bers's,
850 1963 891 2020 ait
905 1981 913 2020 s
929 1984 943 2016 u
965 1964 1027 2018 Non
1049 1960 1141 2032 audis,
1159 1962 1296 2034 quoniam
1313 1965 1343 2019 et

748 2034 909 2092 Pharisaeus
929 2050 997 2090 vera
1021 2033 1133 2090 locutus
1157 2040 1200 2090 est
1213 2052 1220 2101 ;
1233 2035 1283 2089 sed
1299 2043 1339 2091 ta·

748 2124 813 2164 men
839 2105 968 2163 ultImam
987 2103 1066 2161 dedit
1086 2105 1250 2163 vindictam.
1273 2108 1340 2162 Eta-

747 2179 807 2235 nlm
830 2179 916 2236 habet
933 2176 1063 2236 Judicem
1090 2177 1138 2247 qui
1158 2178 1287 2260 deliquit.
1302 2179 1342 2234 Ne

746 2250 836 2322 igitur
861 2249 957 2332 capias
984 2248 1153 2320 dignitatem
1180 2248 1340 2321 Unigeniti;

746 2322 787 2378 illi
811 2322 913 2395 J'udicri
941 2324 1060 2378 thronus
1080 2328 1264 2379 conservatus
1285 2325 1339 2378 est.

747 2393 812 2461 Sed,
828 2394 851 2451 sl
868 2394 909 2451 vis
921 2395 1062 2467 judicare,
1078 2399 1121 2450 est
1136 2393 1189 2450 tibi
1200 2392 1342 2465 judicium

748 2467 868 2523 multum
889 2466 999 2523 lucrum
1026 2464 1144 2521 babens.
1162 2466 1268 2522 Sedere
1295 2467 1339 2522 lac

746 2537 776 2593 in
791 2536 966 2594 conscientia
981 2544 1031 2592 tua
1043 2535 1218 2593 intellectum
1231 2537 1339 2593 discer-

746 2610 873 2674 nentem,
891 2614 920 2665 et
944 2608 1016 2664 aller
1043 2607 1073 2663 in
1098 2608 1224 2664 medium
1242 2606 1341 2665 omnia

746 2681 851 2737 delicta
869 2685 927 2749 tua,
942 2686 971 2736 et
991 2679 1133 2750 investiga
1156 2678 1253 2737 omnia
1277 2694 1341 2751 pec·

746 2758 810 2809 cata
822 2751 936 2820 animae,
947 2757 976 2807 et
992 2757 1092 2822 expete
1108 2767 1172 2807 eum
1191 2750 1340 2822 diligentia

747 2841 846 2893 noxas,
865 2829 893 2880 et
908 2825 954 2880 dic
970 2841 976 2879 :
995 2824 1116 2896 Propter
1140 2822 1210 2895 quid
1234 2825 1296 2880 haec
1311 2827 1340 2880 et

746 2898 807 2953 haec
827 2902 856 2953 tu
879 2897 972 2952 lacere
989 2911 1077 2953 ausus
1102 2896 1155 2953 es‘l
1179 2899 1223 2966 Et,
1239 2895 1262 2953 si
1280 2896 1342 2952 haee

745 2968 862 3040 quidem
891 2967 995 3040 fugerit
1019 2969 1128 3037 omnia,
1151 2984 1214 3040 quae
1241 2972 1340 3025 autem

744 3041 866 3098 aliorum
895 3047 964 3098 sunt
989 3040 1215 3112 investigaverit,
1233 3040 1279 3097 dic
1303 3038 1341 3096 ad

744 3128 809 3169 earn
832 3130 839 3168 ι
860 3114 921 3168 Non
950 3128 1002 3184 pro
1030 3110 1075 3168 his
1103 3119 1130 3168 te
1157 3112 1266 3184 judico,
1281 3126 1339 3167 non

745 3200 795 3255 pro
821 3183 865 3240 his
893 3183 994 3239 intravi
1015 3190 1042 3238 ta
1064 3190 1243 3239 accusatura.
1266 3181 1337 3249 Quid

745 3254 843 3311 enirn?
858 3253 886 3310 Si
904 3253 952 3310 illa
971 3253 1084 3320 debeat,
1100 3258 1129 3309 et
1145 3260 1186 3319 tu,
1207 3270 1258 3309 cur
1277 3254 1339 3309 haec

744 3332 830 3396 atque
846 3326 907 3381 haec
921 3324 1089 3405 deliquisti?
1107 3326 1295 3380 Excusantem
1311 3329 1340 3379 ta

746 3412 864 3464 accusa,
881 3410 945 3467 quse
962 3394 1155 3467 tuimetipsius
1173 3401 1239 3450 sunt
1256 3393 1340 3451 iutu-

744 3482 803 3535 ere,
817 3483 874 3523 non
887 3483 950 3538 qum
963 3466 1095 3523 aliorum.
1113 3468 1146 3521 Et
1162 3465 1296 3522 continue
1309 3464 1338 3546 in

743 3538 816 3595 hane
842 3539 933 3595 deduc
959 3537 1100 3609 agoniam.
1117 3537 1235 3606 Deinde,
1251 3536 1275 3593 si
1300 3552 1344 3592 nr·

743 3610 782 3666 hil
815 3612 921 3668 habore
944 3609 1043 3679 dicat,
1074 3610 1125 3667 sed
1161 3609 1339 3678 retardatur,

743 3683 867 3751 delania,
882 3682 996 3752 hanella
1011 3696 1076 3739 earn
1090 3681 1167 3738 velut
1180 3681 1337 3752 quamdam

743 3754 875 3811 ancillam
903 3755 1007 3811 elatam
1039 3759 1068 3811 at
1097 3753 1279 3811 fornicatam.
1305 3754 1339 3808 nt

743 3829 797 3883 hoc
817 3825 973 3884 secuudum
1003 3842 1235 3898 unamquamque
1263 3823 1340 3880 diem

744 3899 884 3956 constitua
904 3896 1059 3971 judicium
1076 3906 1104 3955 et
1120 3897 1270 3955 subscribe
1287 3897 1340 3951 llu-

744 3985 810 4027 men
829 3971 914 4044 ignis,
930 3986 1057 4029 vermem
1086 3969 1269 4027 conscientia
1294 3981 1340 4022 ve·

744 4058 850 4099 aenum
885 4042 1082 4111 emittentem,
1106 4041 1163 4098 alia
1192 4040 1255 4095 loca
1283 4045 1340 4093 tor·

745 4119 907 4171 mentorum
921 4133 927 4182 ;
949 4121 977 4171 at
992 4132 1028 4170 ne
1046 4111 1175 4170 dimittas
1191 4126 1256 4166 earn
1276 4124 1340 4166 esse

744 4201 809 4242 cum
846 4187 970 4243 diabolo.
1003 4188 1037 4241 Et
1066 4184 1088 4239 sl
1120 4180 1246 4239 doluerit
1278 4183 1339 4237 haec

744 4255 874 4327 audiens,
895 4274 931 4314 na
957 4257 1110 4314 subtrahas
1134 4268 1260 4309 manum.
1278 4255 1341 4309 Nou
1417 4308 1420 4313 .

743 4327 823 4386 enim
839 4330 978 4386 moriatur
993 4328 1017 4385 sl
1033 4343 1097 4386 eam
1108 4324 1289 4400 percusseris
1298 4342 1308 4396 3
1323 4339 1341 4382 a
