2880 4942
153 371 194 424 ΒΕ
222 371 377 431 abactor
405 369 448 422 AD
477 368 623 433 ttttBAS,
650 369 689 421 UT
716 368 837 422 TRIBUS
865 368 908 421 ab
935 367 1057 423 nlsctr.
1085 371 1205 426 raban.
1257 371 1301 424 tta

70 488 118 539 tuo
143 477 282 547 cruciatu,
310 476 377 549 quia
407 492 440 532 ex
468 474 510 532 eis
544 480 661 547 paratur

70 550 216 635 ignisque
240 547 381 622 peccatrix
395 547 491 604 anima
518 547 662 604 comburi·

73 630 154 680 citur.
171 625 204 679 Et
219 629 288 678 nota
302 619 434 676 ordinem
451 618 572 676 istorum
591 634 663 691 prce-

72 695 213 753 dictorum
226 693 314 750 trium
330 691 473 748 seminum
491 707 549 747 non
565 689 663 746 fructi-

75 765 219 824 ficantium
245 783 252 821 :
279 763 404 837 primum
424 779 482 820 non
507 763 661 833 germinat,

77 838 126 896 sed
141 837 332 905 conculcatur,
347 840 377 892 et
391 836 427 892 ab
449 833 549 892 avibus
566 850 661 891 come·

77 910 170 978 ditur;
186 909 344 965 secundum
363 905 516 978 germinat,
534 905 584 962 sed
606 922 663 961 non

76 980 195 1038 multum
211 979 342 1050 erigitur,
361 977 428 1050 quia
443 979 591 1034 bumnrem
606 993 664 1033 non

76 1054 178 1120 babet3
196 1051 312 1107 tertium
326 1065 394 1106 vero
406 1050 465 1122 jam
487 1048 516 1104 in
540 1048 664 1120 stipitem

75 1125 217 1189 elevatur,
241 1121 291 1177 sed
311 1137 369 1177 non
394 1119 554 1191 fructificat,
567 1119 666 1202 quiaa

78 1194 170 1265 spinis
186 1193 350 1250 suffocatur.
374 1192 525 1262 -Aliud,
549 1191 666 1249 sciblect

77 1269 224 1338 quartum,
255 1265 353 1319 cecidit
375 1267 406 1319 ia
432 1267 533 1319 terram
556 1264 664 1333 bonam,

77 1353 142 1409 qua:
160 1342 202 1391 est
217 1335 299 1406 nigra
307 1351 358 1408 per
366 1335 539 1409 despectum,
551 1334 667 1408 pinguis

76 1425 130 1481 per
154 1408 298 1475 allectum,
330 1407 405 1464 culta
428 1422 480 1480 per
508 1405 666 1463 virtuosum

717 481 832 550 spicam,
849 482 874 533 et
887 477 1005 548 denique
1015 480 1127 550 plenum
1139 484 1260 548 fractum
1271 485 1300 538 in

716 553 806 622 spica.
823 579 857 588 -
872 549 1003 606 Secundo
1019 554 1113 621 potest
1127 553 1300 610 considerari

718 625 855 693 quantum
868 621 905 677 ad
913 624 972 677 tres
984 625 1075 678 status
1087 622 1299 692 salvandorum,

718 692 845 749 scilicet:
862 691 997 763 virgines,
1017 692 1118 750 viduas
1145 699 1173 751 et
1200 696 1299 768 conju·

716 771 807 838 gatos.
822 764 911 820 Aliud
929 780 997 836 ergo
1023 764 1090 821 iecit
1102 768 1224 832 tructam
1238 783 1300 821 ocra·

717 839 853 905 cesimum,
870 834 977 892 scilicet
994 834 1024 891 in
1048 835 1224 908 virginibus:
1243 836 1301 892 rir-

718 909 798 981 giues
812 905 889 965 enim
912 906 1014 964 nolunt
1040 907 1222 981 multiplicari
1249 923 1302 980 per

718 996 790 1052 opus
814 979 927 1036 carnale
952 977 981 1034 in
1008 977 1082 1049 aliis,
1100 980 1150 1036 sed
1165 995 1302 1053 peropus

720 1051 866 1125 spirituale
880 1050 910 1107 in
927 1049 1038 1123 seipsis,
1054 1057 1083 1107 et
1107 1050 1172 1108 ideo
1192 1050 1301 1121 signib-

719 1128 820 1180 cantur
844 1138 896 1195 per
919 1121 1125 1192 centenarium,
1141 1122 1189 1194 qui
1217 1123 1250 1178 sit
1270 1138 1302 1178 ex

720 1196 805 1252 ductu
827 1193 937 1250 denarii
952 1192 981 1248 in
994 1193 1129 1265 seipsum.
1149 1195 1239 1249 Aliud
1253 1210 1303 1250 au-

720 1272 777 1324 tem
806 1265 872 1322 iecit
899 1267 1112 1335 sacopesimom,
1145 1264 1252 1321 scilicet
1274 1263 1303 1319 in

720 1337 813 1394 viduis
828 1340 857 1393 et
870 1336 1097 1405 continentibus3
1112 1336 1304 1407 sexagesimus

721 1410 797 1468 enim
821 1412 933 1466 constat
957 1424 990 1465 ex
1011 1407 1131 1464 denario
1147 1409 1231 1464 ducto
1254 1423 1306 1480 per

76 1478 252 1547 exercitium,
273 1483 301 1534 et
322 1477 363 1535 sic
386 1478 517 1536 soecunda
536 1495 588 1551 per
607 1478 666 1535 iru-

76 1556 165 1618 ctum,
181 1549 210 1605 id
223 1554 265 1605 est
274 1549 468 1607 interddelem
479 1555 508 1606 et
520 1550 665 1615 devotum,

76 1627 103 1679 et
118 1628 208 1679 ortum
220 1624 287 1690 fecit
300 1624 423 1689 fructum
445 1621 588 1679 bonorum
603 1638 668 1694 ope-

78 1709 154 1751 rum.
172 1692 225 1750 Ubi
240 1693 314 1749 Reda
331 1711 363 1750 :«
376 1696 463 1750 Terra
478 1698 575 1750 autem
592 1694 669 1750 bona

81 1769 127 1823 est
143 1764 299 1822 electorum
312 1764 496 1834 conscicntia,
508 1781 571 1837 quae
580 1764 670 1821 omni-

80 1838 135 1896 bus
147 1835 292 1908 praedictis
308 1835 399 1893 tribus
418 1840 504 1892 terris
525 1836 670 1892 contraria

81 1905 169 1976 lacit,
198 1906 265 1979 quia
293 1915 322 1963 et
351 1909 583 1963 commendatum
615 1906 669 1963 sibi

79 1995 177 2038 semen
197 1980 275 2036 uerbi
296 1978 419 2034 libenter
441 1976 553 2050 excipit,
568 1982 597 2034 et
622 1993 669 2034 ex-

77 2055 203 2124 ceptum,
226 2050 303 2106 inter
328 2050 451 2106 adversa
469 2054 497 2105 et
521 2063 669 2120 prospera,

80 2127 247 2180 constanter
266 2121 303 2177 ad
319 2121 427 2178 fructus
449 2136 540 2192 usque
558 2136 671 2177 conser-

78 2198 153 2252 vat:
172 2213 186 2247 i>
199 2194 261 2249 haec
274 2193 360 2248 Beda.
725 2197 778 2253 dus
798 2199 841 2252 est
866 2191 982 2251 castitas
1007 2191 1138 2261 vidualis,
1153 2208 1203 2264 per
1221 2206 1306 2264 quem

117 2266 333 2321 olirrrenexrm
360 2281 511 2336 rnocroru,
532 2282 602 2329 ocos
619 2281 671 2321 nar
724 2267 846 2325 evitatur
864 2266 900 2322 de
913 2269 1007 2322 cetero
1021 2264 1115 2320 omnis
1130 2263 1306 2331 concubitus,

79 2353 168 2394 renna
180 2354 261 2407 noun,
286 2354 356 2393 cine
372 2354 532 2393 nuornxrir.
548 2366 583 2380 -
598 2338 669 2393 Mat·
724 2344 755 2397 ut
770 2336 881 2397 animus
906 2335 996 2409 possit
1015 2337 1050 2393 de
1065 2340 1159 2393 cetero
1191 2334 1308 2392 liberius

82 2409 177 2466 tbaeus
191 2424 248 2464 non
261 2407 427 2480 simpliciter
439 2408 556 2479 dicit,ut
568 2409 669 2478 Lucas,
723 2414 781 2468 Deo
799 2408 916 2479 servire,
932 2407 998 2465 licet
1013 2407 1101 2481 possit
1117 2407 1192 2464 licite
1205 2405 1305 2464 matri·

83 2479 163 2553 quod
172 2495 270 2536 semen
284 2481 407 2548 fractam
420 2482 575 2553 centuplam
584 2483 667 2552 [θείη
724 2482 852 2540 monium
871 2482 1051 2537 contrahere.
1069 2479 1179 2536 Tertius
1201 2478 1308 2550 gradus

79 2551 134 2610 sed
159 2550 239 2624 ponit
263 2550 453 2608 dillerentiam
473 2551 503 2606 in
520 2551 672 2607 fructifica·
725 2561 768 2611 est
782 2551 941 2624 virginalis,
958 2567 1022 2633 quae
1036 2554 1079 2605 est
1094 2548 1223 2620 superior
1235 2548 1308 2615 istis,

83 2623 174 2694 tione,
201 2621 298 2679 dicens
317 2639 324 2677 :
340 2625 377 2678 Et
406 2623 511 2678 dabunt
535 2624 669 2691 (ructum,
724 2641 776 2698 per
790 2639 874 2696 quem
897 2637 990 2677 omnis
1011 2620 1178 2676 concubitus
1200 2617 1308 2690 simpli·

81 2695 358 2759 aliudcentesimum,
367 2695 448 2750 aliod
457 2696 669 2764 scaagesimum,
726 2696 797 2753 citer
810 2693 942 2761 evitatur,
957 2698 989 2749 ut
998 2707 1078 2748 mens
1093 2693 1153 2763 ipsa
1165 2697 1310 2761 tamquam

82 2772 115 2825 et
131 2767 213 2823 aliod
227 2769 409 2835 tricesimum.
419 2767 477 2822 lsta
487 2781 554 2822 vero
570 2763 671 2847 triplex
726 2783 830 2840 sponso
846 2781 897 2822 suo
912 2763 965 2820 soli
979 2765 1037 2820 Deo
1055 2778 1106 2834 per
1122 2777 1250 2819 amorem
1265 2776 1310 2818 co-

81 2836 247 2896 differentia
267 2840 409 2894 l'ructuum
428 2842 521 2910 potest
539 2837 669 2894 conside·
725 2840 848 2913 puletur.
866 2837 944 2895 Unde
969 2837 1135 2908 Theophilus
1152 2855 1160 2890 ι
1177 2832 1258 2902 «Qui
1281 2832 1309 2888 in

80 2908 142 2967 rari
166 2909 260 2982 primo
286 2913 425 2980 quantum
441 2909 478 2966 ad
499 2914 558 2965 tres
580 2914 671 2966 status
726 2917 839 2969 centum
857 2907 1039 2977 fructificant,
1054 2912 1121 2964 sunt
1145 2907 1192 2990 qui
1212 2904 1308 2978 perie-

84 2950 224 3064 bdelium,
240 2979 289 3052 qui
310 2984 375 3062 sunt
389 2979 565 3053 incipientes,
581 2981 670 3054 proli·
726 2989 800 3040 ctam
828 2982 936 3040 habent
960 2979 1059 3048 uitam,
1078 2985 1110 3037 ut
1133 2977 1258 3052 virgines
1283 2981 1309 3034 et

82 3055 192 3110 cientes
210 3055 239 3108 et
258 3052 386 3123 perlecti.
415 3051 582 3125 incipientes
606 3056 672 3109 sunt
727 3053 867 3122 eremitae;
893 3051 941 3125 qui
969 3057 1064 3109 autem
1093 3051 1123 3107 in
1153 3049 1310 3120 sexaginta,

83 3130 231 3196 tamquam
247 3129 334 3192 terra,
351 3138 413 3195 quae
447 3124 536 3181 rolert
548 3126 671 3192 fructum
727 3127 776 3199 qui
792 3125 975 3183 mediocriter
994 3140 1024 3181 se
1043 3123 1160 3192 habent,
1175 3129 1205 3178 ut
1220 3119 1310 3177 conti-

86 3198 260 3266 trigesimum
275 3215 284 3250 .·
301 3194 369 3278 quia
383 3211 417 3252 su
450 3195 489 3252 cit
503 3200 535 3252 ut
548 3196 674 3253 habeant
727 3203 839 3266 nentes,
855 3193 946 3267 etqui
962 3194 991 3252 in
1005 3193 1145 3250 coenobiis
1164 3198 1245 3258 sunt;
1262 3189 1309 3263 qui

722 1480 875 1549 senarium,
894 1479 926 1536 in
949 1495 1005 1551 quo
1026 1479 1203 1551 significatur
1220 1481 1306 1535 Deca-

721 1555 804 1626 logus
825 1568 888 1610 cum
917 1548 1030 1608 senario
1054 1566 1171 1623 operum
1197 1549 1305 1608 miseri·

721 1624 837 1683 cordiae.
854 1624 944 1680 Aliud
959 1638 1025 1679 vero
1038 1622 1105 1679 iacit
1120 1626 1304 1692 trigeminam,

722 1697 829 1755 scilicet
845 1695 875 1751 in
897 1695 980 1767 conJu
1001 1693 1065 1765 atis,
1079 1700 1194 1766 propter
1218 1693 1305 1750 iidem

722 1766 878 1836 Trinitatis,
892 1782 956 1823 cum
969 1711 1150 1822 oUservantia
1161 1763 1303 1847 Decalogi.

722 1840 774 1896 Ubi
788 1843 945 1910 tanguntur
959 1842 1017 1893 tres
1031 1837 1137 1908 gradus
1155 1837 1304 1893 castitatis.

724 1910 836 1967 Primus
859 1914 903 1965 est
934 1907 1050 1964 castitas
1071 1907 1238 1979 conjugalis,
1254 1922 1306 1979 per

724 1998 810 2054 quem
823 1980 944 2106 gradum
958 1978 1064 2034 vitatur
1078 1978 1190 2034 illicitus
1200 1993 1304 2034 concu-

723 2055 809 2122 bitus,
834 2050 899 2107 rcito
912 2055 1009 2106 tamen
1024 2049 1173 2105 concubitu
1182 2051 1305 2116 retento,

724 2125 753 2181 in
777 2121 979 2180 matrimoniali
994 2125 1068 2177 actu.
1086 2120 1230 2177 Secundus
1246 2135 1308 2191 gra·

84 3267 174 3325 tidem
192 3266 349 3336 Trinitatis,
364 3282 427 3324 cum
444 3265 675 3340 impletionelie-
728 3275 823 3325 autem
845 3266 874 3323 in
890 3266 1017 3391 ῐνίἒῑηῐᾶ,
1036 3263 1084 3335 qui
1099 3263 1178 3335 parvi
1198 3262 1311 3334 quidem

85 3337 190 3410 calogi.
219 3337 406 3395 proficientes
433 3342 502 3396 sunt
526 3343 673 3410 tamquam
729 3344 806 3406 sunt,
833 3353 920 3394 secun
942 3351 989 3392 um
1011 3337 1157 3407 propriam
1181 3333 1312 3388 virtuem

84 3415 174 3480 terra,
194 3426 256 3481 quae
279 3410 388 3482 profert
406 3412 533 3478 (ructum
558 3424 674 3477 cecrope·
729 3412 853 3466 lructum
875 3407 1011 3473 serentes,
1028 3409 1059 3460 ut
1082 3402 1146 3460 laici
1171 3407 1199 3459 et
1222 3400 1313 3472 quiin

85 3485 188 3539 dmum
213 3501 222 3537 ε
252 3481 318 3553 quia
346 3498 406 3539 non
431 3485 544 3537 tantum
568 3480 676 3536 habent
730 3478 863 3552 conjugio
877 3482 952 3535 sunt.
967 3499 981 3527 o
996 3475 1074 3533 Unde
1091 3475 1313 3542 etdopustinas:

86 3553 175 3611 iidem
199 3552 345 3610 Trinitatis
374 3558 403 3609 et
433 3556 549 3609 servant
577 3549 675 3608 decem
732 3575 747 3605 o
762 3549 1062 3608 Centesimuslructus
1084 3550 1128 3603 est
1147 3550 1220 3602 mart
1241 3559 1314 3610 rum,

87 3630 242 3699 praecepta,
275 3625 325 3681 sed
352 3625 440 3682 etiam
466 3622 601 3680 exhibent
628 3638 676 3679 sex
730 3628 848 3697 propter
874 3619 1055 3677 sanctitatem
1083 3617 1159 3686 vitre,
1186 3560 1239 3675 veU
1253 3632 1317 3674 con·

89 3712 180 3770 opera
218 3695 432 3753 misericordiae.
460 3693 580 3752 Persecti
610 3700 676 3752 sunt
730 3700 869 3768 temptum
885 3691 1000 3761 mortis3
1027 3689 1237 3775 sexagenarius,
1258 3688 1315 3745 vir·

89 3773 235 3839 tamquam
252 3773 329 3824 terra
348 3768 466 3841 optima,
481 3783 544 3840 quae
589 3767 677 3823 roiert
731 3767 842 3841 girum,
857 3769 975 3839 propter
997 3762 1087 3821 otium
1103 3763 1234 3831 interius,
1250 3760 1316 3834 quia

88 3840 215 3908 fractum
253 3843 445 3909 centesimam
478 3839 544 3911 quia
568 3782 677 3895 Uabent
730 3857 789 3897 non
814 3843 922 3912 pugnat
952 3841 1052 3894 contra
1080 3833 1316 3894 consuetudinem

91 3909 233 3993 duplicem
243 3911 617 3992 perlectionem,servantes
627 3912 678 3967 Ve·
731 3911 839 3983 carnis;
861 3909 1024 3981 trigesimus
1046 3924 1124 3977 vero,
1149 3910 1317 3986 conjugato·

90 3986 162 4039 terre
191 3983 274 4053 Legis
302 3988 445 4056 praecepta
474 3987 503 4040 et
532 3981 678 4054 Evangelii
731 3982 1094 4065 rum,quiahaecestaetas
1109 3978 1313 4056 praeliantium

90 4053 222 4111 consilia.
241 4057 296 4110 iste
311 4054 411 4126 triplex
422 4054 539 4127 gradm,
550 4053 675 4110 scilicet:
731 4054 785 4128 ipsi
794 4052 1016 4112 enimacriorem
1026 4049 1316 4111 habentcoussrctum;

90 4123 300 4198 incipientium,
315 4125 527 4207 proficientium
541 4131 569 4182 et
582 4125 677 4198 perie—
731 4142 768 4183 ne
799 4124 965 4182 libidinibus
992 4124 1163 4195 superentur
1188 4135 1195 4172 :
1220 4138 1234 4166 u
1256 4116 1316 4172 baec

92 4200 216 4266 ctorum,
247 4202 374 4267 tangitur
396 4197 471 4255 infra
497 4197 528 4254 in
554 4196 678 4254 secunda
731 4198 916 4266 Aapostinus.
932 4195 981 4252 Vel
999 4194 1172 4262 trigesimum
1194 4190 1317 4269 fractum

90 4269 240 4342 parabola,
272 4268 320 4324 ubi
349 4267 480 4326 dicitur:
503 4271 580 4326 Ultro
607 4272 678 4324 enim
733 4270 828 4337 affert,
844 4266 893 4340 qui
908 4265 1110 4323 detrimentum
1127 4262 1156 4343 in
1169 4262 1317 4315 exteriorr-

92 4341 336 4412 tmosractiptcot
346 4344 437 4414 primo
449 4340 680 4408 tertamdanotr
733 4341 787 4398 bun
805 4340 890 4397 bonis
909 4339 1072 4395 constanter
1088 4335 1221 4402 susbnet3
1237 4346 1318 4389 seco·
