2880 4942
263 311 307 366 DE
333 309 582 368 UAEUDRRHUICA
608 312 648 367 ΕΤ
674 312 949 370 inculsiniuuui
976 313 1083 369 FILlh.
1261 318 1293 375 2⁹

64 443 137 487 vero
164 429 246 483 vocat
268 427 410 492 sanatam,
437 420 502 477 tidei
522 420 649 478 ratione:

28 556 30 559 .
66 501 142 559 tides
165 498 238 554 enim
262 493 366 552 Christi
406 493 457 549 Dei
483 490 650 549 filiationem

67 574 193 701 praestat.
223 586 239 622 o
266 565 430 623 Notandum
458 563 554 631 etiam,
572 564 648 634 quod

95 641 205 699 ominus
216 653 274 695 non
284 637 364 703 dixit,
377 651 430 707 ego
440 636 538 692 sanavi
550 639 588 704 te,
600 634 650 690 sed

68 714 139 771 fides
151 719 209 780 tua,
224 718 256 767 ut
270 708 416 766 vitandam
431 707 649 763 ostentationem

67 785 183 854 doceat,
195 788 282 853 atque
297 781 432 855 meritum
444 777 511 834 fidei
525 777 648 834 extollat.

65 856 157 926 Unde,
169 854 326 911 secundum
340 851 471 908 eumdem
489 850 648 919 chrysosto-

63 943 150 996 mum,
177 925 314 983 Dominus
331 922 382 993 ait,
405 921 480 993 quod
505 920 575 976 tides
600 935 651 976 sua

63 999 157 1071 ipsam
179 1002 339 1060 sanaverat,
358 994 458 1050 uolens
474 1008 532 1048 suae
552 991 650 1047 virtuti

63 1070 115 1128 sed
142 1067 210 1124 fidei
232 1069 293 1140 ejus
320 1065 450 1123 sanitatis
481 1062 648 1120 beneficium

64 1155 218 1212 arrogare,
232 1139 335 1195 docens
346 1153 397 1209 per
408 1138 461 1194 hoc
475 1135 505 1191 in
518 1133 652 1191 virtuosis

64 1210 183 1271 actibus
214 1207 326 1277 nostris,
354 1223 411 1265 non
437 1212 575 1275 nostram,
602 1205 651 1260 sed

66 1283 123 1340 Dei
137 1281 259 1350 laudem,
272 1296 399 1353 quaerere
412 1280 516 1337 debere
532 1285 561 1334 et
579 1293 651 1347 prae·

67 1355 177 1411 dicare.
204 1354 238 1409 Et
261 1352 371 1409 addidit
395 1351 553 1408 Dominus:
575 1350 653 1406 Vade

65 1428 186 1497 inpure,
210 1440 274 1494 quae
298 1424 407 1480 scilieet
430 1424 505 1494 prius
530 1437 593 1476 eras
623 1420 652 1476 in

66 1495 295 1570 perturbatione,
313 1501 428 1566 propter
442 1494 554 1565 longam
571 1491 651 1548 insir-

64 1568 194 1625 mitatem
208 1575 285 1624 tuam
303 1566 490 1638 corporalem.
508 1564 558 1620 Ubi
574 1563 650 1620 idem

67 1640 276 1709 chrysostomus
305 1657 313 1692 ε
344 1638 450 1694 «Dicit
474 1643 568 1692 autem
588 1635 614 1691 ei
643 1653 650 1691 :

68 1712 148 1769 Vade
161 1714 191 1766 iii
202 1726 280 1782 poce,
296 1709 411 1767 mittens
426 1711 453 1764 in
467 1707 554 1763 finem
564 1708 653 1764 bono·

66 1797 142 1848 rum,
161 1783 189 1837 in
204 1798 272 1852 pace
292 1783 368 1838 enim
391 1781 465 1836 Deus
489 1779 608 1849 habitat,
622 1784 653 1834 ut

66 1861 230 1926 cognoscat,
246 1853 321 1924 quod
343 1868 400 1908 non
419 1853 510 1908 solum
535 1866 654 1921 corpore

66 1933 167 1982 curata
189 1932 241 1993 est,
258 1926 306 1980 sed
333 1926 418 1980 ctiam
441 1939 458 1978 a
478 1922 569 1977 causis
592 1938 654 1977 cor-

65 1997 173 2066 poralis
189 1996 334 2066 passionis,
350 1996 378 2050 id
393 2000 435 2050 est
448 1993 578 2063 peccatis,
592 2007 654 2047 iiiu-

63 2073 136 2124 tata.
153 2087 168 2117 ii
181 2071 217 2123 Et
229 2068 308 2123 saluo
320 2068 399 2134 tuctu
424 2069 463 2119 est
489 2063 597 2133 mulier,
621 2079 656 2118 ea

64 2139 120 2196 illo
135 2140 211 2196 horu.
224 2157 239 2192 ii
248 2139 300 2195 Ubi
311 2136 352 2196 ait
361 2137 468 2195 Glosso:
479 2134 657 2207 ‹iintelligen-

64 2209 136 2266 dum
161 2219 202 2266 ost
219 2227 254 2268 ea
278 2212 330 2266 illo
345 2212 469 2277 hormen
488 2222 542 2278 qua
561 2206 655 2280 tetigit

65 2281 222 2353 fimbriam,
240 2298 298 2338 nou
315 2298 347 2338 ex
369 2281 415 2336 illa
441 2281 522 2347 bora,
539 2296 572 2334 cx
598 2295 654 2350 qua

64 2353 147 2410 lesus
159 2369 311 2410 conversus
323 2359 363 2409 est
375 2352 483 2408 adeam
495 2352 568 2421 ;jam
576 2353 652 2407 enim

63 2424 143 2480 salva
159 2426 231 2481 lacta
244 2431 315 2491 erat,
342 2430 372 2480 ut
386 2439 419 2480 ex
432 2423 525 2478 verbis
540 2421 653 2479 Domini

65 2495 205 2567 perpendi
219 2501 320 2566 potest.
339 2514 354 2548 ii

102 2568 200 2634 boun
223 2584 319 2624 sunnia
344 2583 401 2623 nnc
424 2567 545 2622 viunisiii
560 2584 592 2621 er
619 2583 653 2620 ns

65 2655 168 2695 srirui
183 2656 217 2695 in
232 2656 292 2695 iasa
307 2640 424 2696 Cunisro
439 2655 550 2696 anseri.
567 2639 654 2694 -Ex

64 2712 161 2767 verbis
179 2711 322 2767 Ambrosii
340 2711 519 2783 quibusdam,
539 2709 653 2765 videtur

64 2783 141 2854 quod
156 2784 217 2839 haee
233 2782 336 2838 mulier
351 2784 463 2840 Martha
479 2782 584 2849 inerit,
603 2779 653 2851 qui

64 2855 97 2909 in
116 2855 239 2935 quodam
257 2869 399 2923 sermone,
417 2855 492 2911 inter
513 2853 653 2910 beneficia

64 2924 172 2982 Christi
205 2941 268 2997 quae
294 2932 452 2996 enumerat,
486 2926 526 2982 sic
548 2926 616 2981 dicit
645 2942 652 2982 :

68 2996 161 3052 «Dum
174 2996 285 3069 largum
298 2998 444 3070 sanguinis
455 2998 559 3053 iluxum
570 2997 655 3053 sicca-

67 3067 108 3124 vit
120 3069 149 3123 iii
164 3070 284 3139 btartha,
302 3068 368 3124 dum
389 3070 531 3126 daemones
550 3069 654 3140 expulit

65 3140 102 3195 de
120 3140 217 3209 Maria,
234 3140 301 3197 duni
318 3155 418 3211 eorpus
436 3138 553 3197 redivivi
568 3141 652 3210 spiri-

65 3216 112 3266 tus
130 3211 223 3267 calore
249 3211 418 3269 constrinxit
439 3212 470 3268 in
496 3211 613 3269 Lazaro.
636 3231 651 3264 i>

65 3281 123 3339 Sed
148 3298 181 3339 ex
208 3283 269 3339 istis
289 3283 383 3341 verbis
407 3284 558 3354 Ambrosii,
580 3283 651 3340 bene

65 3353 198 3418 habetur,
215 3354 291 3425 quod
314 3355 422 3412 blartha
437 3355 523 3411 luerit
537 3371 555 3410 a
568 3354 650 3410 Chri-

65 3431 111 3480 sto
132 3432 262 3482 curataa
286 3426 361 3483 iluxu
384 3426 550 3498 sanguinis;
576 3426 651 3497 quod

66 3500 166 3551 autem
184 3496 293 3552 biarttia
308 3496 394 3554 inerit
414 3499 476 3554 tiaec
495 3495 598 3552 mulier
617 3496 651 3552 de

66 3581 126 3693 pua
141 3567 187 3622 hie
199 3568 301 3639 agitur,
310 3583 368 3626 non
381 3570 503 3626 babetur
515 3583 549 3623 ex
559 3567 652 3623 verbis

66 3638 75 3693 i
90 3637 125 3693 lis
134 3653 143 3707 ;
160 3645 188 3694 et
202 3638 276 3710 quod
294 3638 356 3698 baec
372 3641 477 3697 mulier
492 3655 549 3695 non
566 3638 652 3694 luerit

65 3709 187 3781 Martha,
203 3726 236 3767 ex
255 3711 309 3767 hoc
325 3712 447 3781 videtur,
467 3712 534 3782 quia
550 3712 584 3767 de
598 3710 652 3767 hac

65 3779 186 3862 muliere
197 3782 302 3839 dicitur
312 3783 387 3855 quod
399 3799 513 3839 omnem
525 3784 652 3839 substan·

64 3858 135 3908 tiam
153 3868 234 3909 suam
261 3854 291 3909 in
317 3854 443 3911 medicos
469 3860 649 3927 erogaverat;

64 3923 176 3981 Martha
188 3931 284 3980 autem
304 3925 382 3982 dives
396 3932 467 3982 erat.
488 3927 546 3981 Hoc
565 3927 651 3981 etiam

63 4001 144 4065 patet
161 4010 214 4067 per
236 3996 394 4066 Eusebium,
439 3998 468 4054 ui
496 3995 564 4052 dicit
577 3996 651 4052 hanc

62 4065 319 4148 mulifleremuluisse
337 4013 488 4139 quamdam
514 4068 650 4124 Caesareae

64 4137 190 4209 Pbibppi
203 4154 306 4197 civem.
318 4139 558 4208 Namsecundum
572 4154 647 4208 euni,

64 4209 169 4266 mulier
192 4210 411 4279 baemorrboica,
437 4217 501 4282 post
522 4225 588 4266 uam
607 4226 651 4265 sa·

64 4286 133 4338 nata
153 4284 208 4353 est,
228 4279 296 4337 iecit
314 4282 343 4338 in
364 4282 493 4340 Cesarea
538 4281 649 4354 bilippi,

707 425 782 481 unde
807 423 929 481 oriunda
952 431 1006 494 est,
1024 431 1147 484 statuam
1170 442 1291 499 aeneam,

706 497 736 552 in
762 494 841 553 curia
868 511 920 552 sua
948 495 1034 566 fleri,
1060 498 1097 555 ad
1134 500 1289 570 imaginem

708 567 823 651 Christi,
834 582 898 649 cuni
912 566 1032 651 fimbriis
1044 569 1106 652 ejus
1118 571 1291 642 vestimenti3

708 654 797 710 ipsam
819 655 854 695 ue
869 654 1022 712 imaginem
1041 657 1071 697 in
1091 657 1195 714 magna
1209 657 1290 699 reve·

709 711 799 767 rentia
830 710 935 769 abebat
949 757 956 780 ,
970 718 999 769 et
1011 712 1112 770 devote
1137 713 1289 772 adorabat.

708 783 786 838 Fecit
805 780 902 850 etiam,
934 800 968 840 ex
986 785 1125 856 opposito,
1141 786 1294 856 imaginem

707 869 798 918 suain,
825 855 904 910 ilexis
939 857 1078 926 genibus,
1108 863 1137 913 et
1162 856 1291 914 manibus

706 926 812 997 junctis
825 941 858 980 ac
874 927 1045 991 cancellatis.
1062 928 1140 1000 quasi
1158 943 1290 999 precare-

709 1005 757 1053 tur
770 1003 798 1052 et
812 997 993 1068 supplicaret,
1007 1015 1103 1055 versus
1117 1017 1202 1071 quain
1220 1003 1291 1056 ima·

728 1067 804 1124 ‘nem
835 1067 939 1125 Christi
966 1085 1082 1126 manum
1112 1072 1292 1128 extendebat.

731 1139 835 1208 ontigit
860 1144 956 1197 autem
975 1142 1051 1212 quod
1075 1143 1172 1198 subtus
1192 1142 1290 1213 imagi-

709 1226 775 1267 nem
795 1209 908 1279 Christi,
933 1212 1022 1268 erevit
1039 1213 1128 1269 herba
1147 1214 1290 1283 quaedam,

710 1283 814 1338 nullius
828 1280 962 1338 efficaciae
977 1290 1006 1338 et
1017 1283 1138 1346 virtutis.
1150 1299 1213 1355 quie
1227 1298 1291 1339 cuin

709 1354 852 1410 fimbriam
877 1353 1046 1426 attingebat,
1070 1360 1155 1410 tantae
1182 1354 1294 1410 virtutis

690 1430 781 1493 -erat,
797 1425 872 1496 quod
893 1441 989 1481 omues
1014 1425 1192 1483 infirmitates
1215 1442 1296 1484 sana·

711 1498 894 1554 botherum
919 1498 987 1553 dicit
1011 1499 1294 1570 hieronymianum

710 1570 838 1625 Julianus
856 1571 1000 1639 hpostata,
1028 1585 1092 1625 cuni
1115 1572 1294 1641 cognovisset

709 1641 784 1710 quod
802 1642 831 1695 iu
844 1640 974 1697 Caesarea
989 1641 1110 1713 Philippi
1125 1647 1197 1698 esset
1210 1643 1295 1697 simu·

710 1713 830 1781 lacrum,
850 1712 925 1783 quod
942 1713 1050 1769 scilicet
1063 1713 1208 1785 sanguinis
1222 1713 1295 1769 libe-

710 1790 771 1840 rata
787 1783 923 1854 profluvio
938 1784 1044 1840 femina
1059 1784 1174 1854 lecerat,
1192 1801 1225 1840 eo
1249 1784 1296 1840 de·

714 1857 813 1926 posito,
823 1871 903 1911 suam
922 1855 1073 1926 imaginem
1084 1855 1122 1910 ibi
1134 1853 1292 1928 collocarit,

712 1942 775 1998 quae
791 1926 916 1982 fulminis
929 1927 985 1981 ictu
997 1927 1086 1981 tracta
1103 1933 1155 1981 est.

748 2003 764 2054 6
779 1999 911 2065 Quoiiono
925 2015 969 2052 iiic
983 2014 1177 2052 connumeror
1189 2014 1295 2052 unuin·

712 2070 781 2125 rasi
809 2098 840 2110 -
871 2067 921 2123 llic
945 2068 1033 2123 babes
1051 2068 1192 2138 quoddam
1214 2068 1295 2124 valde

711 2139 849 2206 notabile,
870 2140 907 2196 ad
937 2139 1105 2195 humilitatis
1129 2138 1294 2208 custodiam,

711 2213 783 2268 sicut
795 2211 956 2268 nonarum
970 2211 1024 2266 hoe
1035 2211 1119 2267 modo
1128 2211 1292 2281 introducit,

711 2285 829 2342 dicens:
851 2304 863 2334 ι
885 2283 1008 2350 Quilibet
1030 2283 1149 2340 Domino
1171 2284 1294 2355 perfecte

709 2357 834 2412 serviens
860 2363 949 2425 potest
985 2354 1121 2428 appellari
1154 2354 1293 2426 fimbria,

710 2429 790 2500 quasi
803 2427 902 2482 ultima
917 2443 982 2498 pars
996 2425 1154 2484 vestimenti
1169 2427 1292 2497 Domini,

710 2505 825 2570 propter
837 2515 917 2554 suam
925 2499 1061 2554 humilem
1073 2499 1292 2568 reputationem.

711 2569 763 2637 Qui
793 2585 861 2641 ergo
885 2570 920 2625 ad
938 2574 1049 2624 tantum
1068 2573 1173 2624 statuin
1194 2584 1293 2638 perve-

710 2641 794 2709 nerit,
811 2640 887 2711 quod
900 2641 971 2695 sciat
987 2656 1017 2695 se
1036 2656 1052 2694 a
1071 2639 1191 2693 Domino
1206 2654 1292 2694 exau-

711 2713 766 2769 diri
784 2713 814 2767 in
835 2711 990 2767 liberandis
1012 2709 1142 2777 intirmis,
1163 2709 1205 2765 vel
1230 2709 1294 2765 aliis

713 2783 867 2853 miraculis,
884 2799 942 2839 non
956 2783 1107 2839 extollatur
1122 2788 1292 2864 propterea;

712 2857 855 2928 quianon
881 2855 951 2926 ipse,
976 2855 1026 2911 sed
1052 2856 1188 2910 Dominus
1213 2852 1288 2911 iacit.

713 2929 846 2995 Quamvis
861 2928 937 2983 euim
957 2927 1019 2983 haec
1045 2925 1148 2981 mulier
1165 2930 1297 2998 tangeret

712 2999 866 3066 fimbriam,
887 2999 923 3054 ad
946 3000 1030 3071 eujus
1047 3004 1153 3054 tactum
1179 3012 1209 3053 se
1228 2995 1296 3052 libe·

711 3071 769 3127 rari
792 3070 962 3135 considebat,
979 3076 1008 3126 et
1031 3070 1072 3126 sic
1092 3067 1220 3139 contigit,
1237 3082 1294 3123 non

711 3148 837 3198 tamena
856 3141 981 3210 fimbria,
998 3141 1048 3197 sed
1066 3156 1084 3197 a
1106 3142 1225 3195 Domino
1240 3139 1295 3193 vir·

711 3219 756 3268 tus
780 3212 956 3269 liberationis
982 3213 1076 3267 exivit.
1094 3213 1127 3267 Et
1145 3217 1295 3281 propterea

710 3284 769 3355 ipse
787 3285 857 3340 dixit
872 3286 971 3342 :Sensi
988 3283 1023 3337 de
1036 3298 1078 3337 me
1089 3284 1219 3337 uirtutem
1233 3281 1295 3335 eui·

710 3358 784 3423 isse;
801 3361 867 3409 nota
889 3355 976 3424 igitur
995 3355 1049 3409 boe
1073 3354 1155 3420 bene,
1173 3355 1201 3406 et
1223 3347 1295 3404 nihil

710 3426 779 3482 boui
808 3426 859 3481 tibi
893 3425 922 3478 in
949 3428 1116 3495 perpetuum
1144 3419 1293 3486 attribuas,

710 3498 779 3568 quia
791 3500 882 3551 totum
895 3499 938 3549 est
951 3509 968 3549 a
988 3493 1118 3548 Domino.
1138 3512 1149 3542 i

745 3590 760 3640 7
788 3569 917 3623 Decursis
943 3564 1065 3620 Gouriuii
1095 3580 1128 3619 sr
1158 3577 1294 3626 nununur

708 3655 852 3696 ruccirnix
865 3654 916 3694 riui
932 3652 1146 3693 unuonuuoiciii
1170 3651 1291 3692 musso·

707 3729 767 3768 niun
790 3727 889 3768 rorssr
911 3725 1055 3767 iurumioi.
1082 3741 1114 3751 -·
1133 3707 1290 3781 hllegorice

707 3784 812 3841 mulier
824 3797 875 3839 san
897 3783 1072 3849 uinetluens,
1080 3781 1155 3838 seda
1169 3778 1289 3836 Domino

707 3797 1007 3922 curataestfficotesia
1018 3852 1053 3907 de
1068 3853 1204 3909 Gentibus
1219 3865 1289 3930 oon·

706 3933 834 3999 gregata,
855 3940 919 3997 quae
942 3923 1047 3980 ioedata
1068 3924 1121 3980 luit
1143 3922 1289 4000 sanguinis

706 4002 862 4069 martyrum
887 3995 1036 4061 effusione,
1063 4000 1092 4050 et
1120 3993 1289 4050 idololatriae

705 4068 872 4140 pollutione,
886 4073 914 4122 et
931 4067 976 4123 his
991 4080 1054 4136 quae
1068 4064 1163 4121 carnis
1181 4066 1210 4116 et
1223 4074 1290 4113 san·

727 4139 800 4195 uinis
812 4143 952 4212 geruntur
966 4136 1161 4212 delectatione,
1177 4133 1245 4207 Qua
1254 4132 1289 4209 ,et

705 4155 850 4267 fimbriam
873 4206 1034 4264 vestimenti
1059 4205 1163 4260 Christi
1182 4203 1286 4280 tetigit,

705 4280 819 4353 quando
841 4279 928 4337 tidem
951 4272 1157 4335 incarnationis
1181 4271 1286 4328 Christi
