2880 4942
136 319 167 372 64
520 314 631 368 l’ltllld
657 313 775 367 claris
803 313 907 366 Chl'll'l'
934 312 989 364 mv

138 422 301 490 maximam,
313 421 411 479 dicens
425 439 432 477 :
446 421 501 488 Qut
514 423 648 476 invenerit
664 422 725 475 eni·

137 512 211 552 mom
225 512 314 562 suom,
331 492 438 549 scilicet
458 493 529 548 hanc
551 496 722 565 presentem

137 567 317 638 vitamque
338 570 471 621 causatur
494 565 530 620 ah
545 567 642 620 anima
661 562 722 619 exi·

138 642 231 695 stente
244 639 276 693 in
291 652 421 707 corpore,
435 641 464 691 et
479 634 525 705 qni
542 635 644 708 quaerit
658 650 722 691 earn

136 709 244 766 salvam
266 709 370 776 lacere,
388 706 497 763 scilieet
523 707 617 778 potins
643 706 722 763 Chri·

137 786 212 837 stum
227 784 256 835 et
273 794 376 835 nomen
390 779 454 848 ejus
470 779 614 849 negando,
628 778 670 834 vel
685 779 721 835 ab

137 867 236 909 amore
246 851 307 921 eJus
317 850 454 917 cadendo,
466 850 510 906 vel
522 851 722 921 quodcumque

137 939 208 995 opus
232 920 352 993 justitie
376 920 546 990 deserendo,
566 922 609 978 vel
635 921 722 978 etiam

137 994 232 1051 carnis
258 992 400 1049 desideria
426 992 573 1061 sectando,
592 995 635 1050 vel
651 993 722 1050 alias

137 1065 236 1133 verbo,
251 1070 300 1120 ant
312 1080 397 1135 opere
414 1064 621 1135 postponendo,
635 1080 721 1136 quarn

137 1134 224 1192 vitam
238 1140 408 1207 praesentem
428 1135 623 1207 temporaliter
639 1135 722 1192 amit-

138 1208 237 1276 tendo,
257 1209 353 1276 perdet
375 1223 435 1262 eom
455 1207 639 1276 aeternaliter,
656 1206 724 1278 quia

136 1279 237 1352 perdet
256 1277 341 1333 vitam
361 1284 509 1336 aeternam.
534 1278 613 1335 Unde
630 1282 722 1335 flemi-

138 1354 202 1421 pius
219 1373 225 1406 :
242 1369 255 1402 a
274 1349 326 1417 Qui
350 1350 423 1405 hanc
450 1356 620 1421 praesentem
636 1350 722 1406 vitam

139 1426 168 1478 et
180 1422 285 1489 lucem,
300 1437 331 1476 ac
347 1422 409 1492 ejus
420 1420 626 1477 delectationes
639 1426 667 1476 et
680 1437 724 1477 vo·

137 1493 260 1564 luptates
272 1492 309 1548 ad
326 1493 377 1547 hoc
393 1491 547 1560 desiderat,
564 1497 593 1548 ut
610 1508 723 1563 semper

136 1562 265 1619 invenire
282 1562 381 1631 possit,
396 1561 480 1618 istam
506 1579 590 1634 qnam
607 1579 721 1620 serrare

136 1633 212 1705 cupit
227 1635 338 1705 perdet,
355 1634 383 1689 θ’]
399 1632 526 1690 animam
546 1650 627 1690 suam
641 1639 723 1690 reter-

133 1704 719 1776 naedamnationipraeparat.»Sedsubditz

131 1775 722 1848 etquiperdidera'ttemporaliter,animam

134 1864 225 1912 suom,
244 1847 273 1903 id
298 1853 341 1903 est
364 1848 451 1903 vitam
467 1849 540 1904 hanc
557 1847 721 1919 animalem,

134 1924 163 1976 et
175 1925 292 1993 paratus
308 1924 352 1975 est
367 1920 488 1992 perdere
508 1936 571 1976 eam
593 1921 629 1977 ad
645 1937 721 1977 mor·

132 1997 190 2047 tem
204 1992 391 2062 temporalem
405 2008 412 2058 ;
429 1998 541 2063 propter
555 2008 607 2060 ine,
624 1992 651 2047 il
667 1998 720 2061 est,

133 2078 197 2119 eam
207 2079 259 2134 pro
271 2062 382 2119 Christo
394 2063 572 2132 exponendo,
585 2069 612 2120 et
625 2067 723 2121 omnia

136 2134 240 2190 Christi
255 2150 352 2190 amore
368 2136 565 2205 postponendo
586 2152 593 2189 τ
629 2142 722 2205 ropter

133 2221 184 2268 me,
213 2204 342 2274 inquam,
364 2204 472 2260 scilicet
498 2153 672 2285 diligenium
691 2207 721 2262 in

137 2274 470 2341 corde,conl1tendumin
482 2275 720 2343 ore,1mitandum

138 2343 168 2400 in
188 2361 285 2417 opere,
304 2361 361 2400 non
386 2350 502 2416 propter
520 2362 562 2412 se,
587 2352 617 2401 ut
632 2346 720 2403 latro·

136 2432 188 2472 nes
201 2433 208 2483 ;
225 2416 266 2472 vel
278 2422 394 2487 propter
410 2416 536 2472 savorem
552 2417 720 2486 humanum,

136 2493 168 2545 ut
178 2486 292 2560 superbi
309 2504 380 2543 vane
392 2486 562 2558 gloriantes3
581 2505 639 2543 uon
654 2505 720 2560 pro·

135 2563 200 2631 pter
214 2561 401 2631 temporalem
416 2560 588 2627 mercedem,
599 2564 631 2616 ut
645 2560 721 2632 cupi·

137 2630 173 2688 de
188 2637 301 2688 terrena
316 2636 466 2701 sectantes,
481 2634 601 2688 inueniet
615 2648 674 2687 eom
691 2632 720 2688 in

136 2701 234 2759 futuro
256 2703 387 2759 salvam:
407 2702 473 2773 quia
492 2702 616 2759 inveniet
631 2709 660 2759 et
671 2720 719 2759 ao·

136 2772 221 2845 cipiet
235 2790 286 2845 pro
302 2773 467 2831 transitoria
479 2781 625 2831 aeternam.
641 2776 720 2832 Unde

134 2845 309 2913 Aupustiaus
320 2864 328 2898 ε
339 2844 492 2915 «Quisquis
499 2851 615 2917 proptor
629 2848 718 2903 Deum

134 2916 208 2972 hauc
220 2914 317 2982 vitam,
334 2932 397 2986 quae
414 2932 489 2971 nune
508 2917 634 2988 corporis
649 2917 718 2973 vivi-

134 2985 268 3042 ficatione
282 3003 315 3042 ex
324 2987 421 3043 anima
432 2987 627 3058 temporaliter
641 3005 718 3045 mor-

134 3057 185 3113 tali
209 3063 330 3124 constat,
356 3057 479 3114 libenter
493 3059 670 3130 despexerit;
688 3060 717 3117 in

133 3129 230 3185 luturo
247 3130 377 3185 eamdem
395 3129 534 3201 corporis,
549 3147 607 3186 non
624 3132 717 3188 solum

133 3199 249 3269 animae,
263 3201 350 3257 vitam
373 3206 511 3257 aeternam
525 3207 553 3258 et
570 3200 717 3259 immorta-

133 3270 190 3328 lem
215 3272 334 3344 recipiet
363 3290 369 3328 :
400 3295 414 3323 a
439 3274 501 3330 haee
530 3275 715 3343 depastione.

132 3343 265 3402 Animam
281 3361 349 3418 ergo
370 3344 399 3401 in
426 3343 557 3402 hocloco
586 3361 638 3417 pro
659 3345 717 3401 vita

132 3417 266 3489 praesenti
280 3416 386 3490 posuit,
402 3416 469 3489 quia
481 3415 573 3473 omnis
592 3415 648 3473 vita
665 3433 715 3473 no-

132 3493 192 3545 stra
208 3491 237 3545 iu
257 3489 352 3546 anima
367 3494 419 3546 est.
443 3487 545 3546 Anima
558 3487 662 3561 quippe
677 3488 717 3545 di·

132 3558 215 3629 citur,
247 3560 277 3616 in
304 3568 443 3631 quantum
470 3576 574 3686 corsus
597 3560 715 3628 animat,

131 3628 191 3686 sive
210 3630 351 3699 vivifican
375 3631 500 3703 spiritus,
536 3647 583 3687 um
610 3631 713 3703 spirat,

130 3714 223 3768 mens,
254 3702 282 3756 in
310 3707 447 3772 quantum
474 3703 639 3759 recordatur
665 3718 716 3758 seu

130 3770 279 3838 meminit;
302 3773 426 3841 animus,
446 3773 515 3828 dum
535 3772 614 3840 vult;
642 3772 714 3830 ratio

130 3841 198 3900 dum
222 3849 331 3898 rectum
360 3842 485 3910 indicat;
511 3859 622 3911 sensus,
647 3845 714 3901 dum

127 3912 228 3981 sentit3
240 3913 387 3983 memoria,
395 3915 464 3970 dum
475 3914 655 3985 recordatum
668 3933 716 3972 vo·

127 3984 714 4056 luntas,dumconsentit.ilaecnominadi-

127 4059 713 4131 rersasuntaninue,neepropteranimae

127 4129 329 4202 pluralitatem,
354 4131 403 4187 sed
419 4135 542 4258 (propter
563 4130 712 4187 effectuum

128 4201 348 4259 multitudinem.
376 4204 415 4259 Un
439 4219 454 4258 e
476 4202 552 4259 idem
577 4203 712 4272 depasti-

126 4288 178 4328 nas
189 4290 195 4328 :
208 4274 330 4332 «Anima
340 4291 372 4331 ex
381 4290 415 4331 eo
425 4273 500 4333 dicta
510 4275 646 4347 estquod
655 4272 715 4331 ani-

780 423 838 475 met
852 433 955 491 corpus
970 416 1006 472 ad
1018 415 1181 487 vivendum,
1197 418 1251 475 hoe
1268 424 1312 477 est
1327 421 1369 479 ri·

779 490 891 558 vificet3
908 488 1025 561 spiritus
1046 494 1090 544 est
1110 487 1173 560 ipsa
1187 490 1294 561 anima,
1314 508 1369 566 pro

779 561 920 633 spirituali
944 566 1058 628 natura,
1078 560 1120 616 vel
1151 577 1202 633 pro
1230 579 1263 620 eo
1290 565 1368 636 quod

778 633 868 705 spiret
889 633 918 688 in
946 648 1065 703 corpore
1086 648 1092 687 :
1114 632 1230 703 spiritus
1249 635 1286 690 ad
1303 637 1369 695 suh·

778 703 912 761 stantiam
934 702 1050 772 dicitur,
1071 703 1166 760 anima
1186 706 1222 761 ad
1244 706 1371 765 vivifica·

778 776 896 833 tionem.
922 775 1027 832 Eadem
1051 782 1094 831 est
1123 777 1295 848 substantia,
1315 779 1368 837 sed

777 847 938 930 proprietas
964 845 1087 902 diversa.
1119 848 1190 903 llam
1222 865 1310 906 unum
1338 856 1367 908 et

777 920 853 975 rdern
887 917 1015 992 spiritus,
1044 918 1079 974 ad
1106 921 1233 1000 seipsum
1261 921 1366 979 dicitur

778 990 903 1062 spiritns,
924 990 961 1046 ad
989 1005 1092 1060 corpus
1108 1006 1205 1048 amma
1233 1009 1239 1048 :
1265 1013 1278 1045 o
1304 995 1368 1051 haec

777 1065 962 1131 Aepustinus.
987 1060 1107 1132 Spiritus
1136 1078 1215 1132 ergo,
1244 1063 1293 1136 qui
1323 1071 1368 1122 est

777 1133 936 1190 substantia
945 1142 1051 1189 nostrae
1063 1132 1178 1202 animae,
1187 1133 1210 1189 si
1221 1135 1366 1195 desiderat

777 1221 811 1261 ea
825 1220 889 1276 qnae
905 1209 971 1261 sunt
983 1205 1121 1276 corporis,
1134 1204 1162 1260 in
1177 1205 1222 1262 hi‘s
1235 1207 1366 1278 perditur

777 1282 869 1332 totum
893 1276 998 1332 honum
1015 1279 1087 1347 ejus,
1113 1277 1181 1347 quia
1208 1279 1365 1337 totumbo·

777 1364 845 1404 num
865 1347 981 1420 spiritus
1007 1352 1112 1403 nostrae
1137 1347 1240 1405 animae
1265 1354 1309 1407 est
1334 1349 1365 1407 in

777 1418 931 1475 avertendo
944 1434 974 1474 se
987 1434 1005 1473 a
1019 1435 1114 1487 carne,
1131 1424 1159 1475 et
1171 1422 1365 1479 abstrahendo

777 1506 807 1546 se
827 1506 844 1546 a
868 1487 1016 1546 desideriis
1036 1490 1295 1562 concupiscentiae:
1322 1493 1365 1550 sic

777 1560 854 1617 enim
868 1560 955 1616 rincit
968 1560 1126 1632 passiones,
1144 1567 1171 1618 et
1185 1562 1290 1620 virtute
1301 1579 1366 1646 per·

778 1632 881 1700 ficitur,
894 1637 922 1688 et
937 1632 1167 1703 contemplationi
1180 1636 1365 1709 conjungitur

776 1703 956 1775 superiorum
969 1721 975 1772 ;
993 1709 1021 1759 et
1035 1704 1191 1775 depuratur
1204 1711 1232 1763 et
1246 1708 1364 1764 munda·

777 1780 833 1844 tur,
848 1780 876 1831 ut
893 1775 928 1830 sit
948 1774 1090 1831 honestati
1104 1777 1264 1848 subjectum
1278 1786 1308 1834 et
1321 1778 1365 1835 di·

776 1846 849 1928 vinae
871 1846 1018 1928 sapientiae
1044 1849 1199 1918 speculum.
1220 1847 1272 1918 Qui
1292 1865 1363 1932 ergo

777 1917 956 1986 animam,1d
977 1923 1022 1974 est
1039 1920 1125 1974 vitani
1141 1924 1311 1990 praesentem
1330 1937 1362 1978 in

776 1989 872 2046 anima
890 1989 1080 2061 designatam,
1102 1989 1221 2059 invenit,
1237 1997 1265 2048 et
1284 1998 1365 2050 amat

776 2061 947 2131 inordinate,
974 2060 1004 2116 in
1028 2077 1062 2116 ea
1088 2062 1240 2118 carnaliter
1265 2063 1365 2122 vivere

776 2133 925 2204 cupiendo,
946 2133 1022 2189 unde
1052 2137 1081 2188 et
1105 2131 1208 2189 dicitnr
1229 2134 1364 2192 animalis

776 2204 872 2271 horno,
899 2204 999 2275 perdet
1027 2220 1090 2259 eam
1117 2203 1145 2258 in
1175 2205 1278 2262 luturo.
1305 2207 1363 2264 Res

775 2273 853 2330 enim
879 2274 1006 2345 perditur
1030 2290 1092 2346 quae
1121 2275 1207 2332 finem
1233 2276 1363 2335 debitum

776 2361 834 2399 non
849 2345 1043 2416 consequitur,
1061 2345 1133 2402 sicut
1145 2347 1285 2406 medicina
1297 2365 1363 2422 per·

775 2414 862 2483 ditur,
881 2432 945 2472 rum
971 2432 1023 2488 per
1037 2433 1099 2474 eam
1119 2418 1227 2475 sanitas
1244 2436 1303 2478 non
1316 2436 1363 2478 ac-

775 2485 917 2557 quiritur3
934 2493 962 2543 ct
977 2488 1077 2544 eodeni
1096 2491 1180 2547 modo
1206 2490 1263 2547 rita
1287 2507 1362 2564 prae·

775 2574 851 2626 sens,
867 2575 931 2629 quae
943 2560 1067 2615 llnalitcr
1081 2561 1119 2616 ad
1131 2562 1361 2620 consecutionem

774 2629 839 2685 ritae
855 2637 970 2687 reternre
990 2629 1150 2702 ordinatur,
1172 2639 1248 2689 recte
1263 2633 1361 2706 perdi·

775 2705 830 2769 tur,
848 2703 963 2773 quando
983 2718 1034 2773 per
1053 2701 1143 2773 ipsam
1171 2705 1207 2760 ad
1222 2711 1361 2762 eternam

775 2772 859 2828 vitani
875 2790 932 2829 non
950 2773 1124 2846 pervenitur,
1140 2775 1214 2847 quod
1231 2775 1272 2832 illi
1292 2793 1362 2834 con·

774 2842 856 2914 tingit
871 2847 916 2914 qui
932 2844 1092 2901 inordinate
1104 2845 1194 2972 ipsam
1210 2846 1313 2918 diligit.
1328 2849 1362 2904 Et

773 2931 788 2971 e
804 2915 957 2984 contrario,
970 2915 1104 2987 quiperdi
1128 2917 1360 2991 eritvilarnprae·

773 2992 882 3043 sentem
895 3003 945 3058 pro
967 2993 1011 3043 ter
1023 2986 1164 3045 Christum
1176 2990 1360 3061 negligendo,

773 3056 838 3113 talis
851 3059 927 3114 enim
956 3058 1040 3115 icitur
1052 3060 1170 3130 perdere
1186 3078 1244 3117 non
1257 3078 1360 3119 secun-

772 3129 839 3185 dum
856 3128 1359 3195 veritaternsedtantumsecundum

772 3199 917 3257 hominum
933 3200 1114 3273 opinionem;
1133 3202 1257 3260 inveniet
1283 3221 1358 3275 eam,

771 3271 936 3343 accipiendo
952 3289 1002 3344 pro
1022 3273 1187 3330 transitoria
1207 3281 1356 3333 aeternam.

770 3344 833 3399 Non
850 3343 935 3400 dehet
957 3360 1024 3415 ergo
1046 3348 1132 3402 homo
1146 3345 1219 3401 trahi
1238 3348 1356 3418 abono,

770 3420 885 3486 propter
910 3415 1091 3474 dulcedinem
1111 3417 1261 3488 presentis
1280 3418 1347 3476 vitae

770 3501 833 3556 quae
855 3490 899 3543 est
924 3486 1019 3543 brevis
1034 3495 1062 3546 et
1081 3488 1255 3556 transitoria,
1271 3495 1300 3546 et
1320 3461 1358 3548 ati

770 3559 937 3614 merendum
949 3564 1085 3616 aeternam
1100 3559 1185 3615 vitam
1203 3560 1355 3619 ordinata:

770 3627 837 3684 finis
850 3629 926 3684 enim
937 3630 1038 3687 melior
1053 3636 1096 3687 est
1109 3631 1153 3686 his
1165 3648 1227 3703 quae
1241 3638 1307 3689 sunt
1320 3632 1357 3690 ad

769 3699 942 3769 llnem,i1no
969 3717 1004 3758 ea
1030 3718 1093 3773 quae
1116 3703 1236 3758 suntad
1256 3703 1356 3773 finem,

769 3786 825 3826 non
840 3776 915 3840 sunt,
931 3770 984 3828 nisi
999 3779 1116 3855 propter
1127 3773 1191 3830 linis
1206 3774 1360 3833 assecutio·

769 3857 846 3909 nem,
861 3841 925 3898 ideo
940 3842 976 3899 de
1000 3845 1069 3917 ipsis
1083 3861 1141 3901 non
1162 3852 1288 3916 curatur,
1302 3845 1357 3904 nisi

768 3915 844 3986 quod
870 3913 935 3970 linis
961 3915 1122 3984 habeatur;
1146 3918 1358 3990 propterquod

768 4003 826 4043 non
843 3990 886 4042 est
900 3988 1058 4044 curandum
1077 3988 1113 4044 de
1137 3988 1194 4043 rita
1211 3988 1356 4060 praesenti,

768 4061 818 4117 sed
829 4058 864 4114 de
872 4059 1052 4116 assecutione
1063 4058 1128 4116 vitre
1141 4065 1267 4117 aeternae.
1276 4060 1356 4118 Unde

769 4133 996 4199 chrysostomus:
1014 4152 1028 4182 α
1044 4129 1144 4187 hlelius
1163 4137 1206 4188 est
1218 4148 1272 4204 pro
1286 4138 1357 4189 tem·

767 4218 836 4274 pore
857 4201 928 4258 mori
949 4205 979 4258 et
999 4200 1029 4257 in
1060 4207 1229 4284 perpetuum
1247 4201 1354 4275 vivere,

767 4289 852 4346 quam
878 4288 929 4346 pro
944 4276 1072 4346 tempore
1091 4290 1185 4331 vivere
1202 4279 1230 4331 et
1245 4273 1275 4331 in
1290 4291 1355 4348 per·
