2880 4942
181 341 223 395 DE
251 335 464 392 nivinsioits
491 337 607 391 ilosr.
635 339 675 392 lo
701 339 860 394 bissibus
888 340 986 394 bxxb
1014 338 1181 394 biscirtlb.
1265 343 1298 397 93

61 448 182 515 christi,
198 462 257 503 non
268 443 361 501 solum
374 443 526 524 languores
538 442 656 499 etinilr·
710 461 791 502 orum
808 446 930 517 jacebat.
947 467 961 497 ›i
978 448 1077 518 ltaque
1095 463 1152 503 non
1170 447 1297 504 conlldas

62 523 191 587 mitates,
210 534 269 574 non
282 516 373 571 solum
386 515 516 595 bomines
533 516 655 586 iniquos,
710 516 740 573 in
765 525 873 574 naturae
898 517 1047 589 dignitate,
1068 535 1124 574 non
1147 519 1296 590 superbias

60 595 210 653 sedetiam
223 587 655 668 damoninsabyiciunturncbi'sr
710 589 745 645 de
760 589 909 660 sapientia,
926 606 981 645 non
998 590 1032 645 de
1048 590 1167 657 bonore,
1190 607 1245 646 non
1260 591 1297 647 de

61 682 128 740 qnae
145 669 244 719 tamen
264 663 329 715 sunt
344 663 431 714 tantae
452 663 609 728 potestatis,
627 662 657 713 ut
709 666 796 729 statu,
812 662 919 717 nonde
936 666 1088 732 potestate;
1107 661 1174 732 cruia
1189 660 1218 717 in
1232 678 1296 719 oni·

61 753 122 795 non
145 735 183 791 sit
204 735 331 812 potestas
350 733 572 811 superterram,
593 745 656 799 quae
710 731 794 788 nibus
812 738 915 789 natura
926 731 1026 803 Angcli
1043 740 1070 788 te
1084 732 1204 800 excedit,
1216 738 1296 790 elta·

62 812 249 880 comparetur
273 818 324 883 eis3
349 801 400 857 Ubi
417 800 492 856 Beda
512 819 519 855 :
547 823 561 851 «
580 803 657 858 Bene
710 819 774 859 men
791 820 824 860 ex
846 803 978 876 superbia
995 803 1105 872 cecidit,
1124 810 1152 860 ct
1172 821 1205 861 ex
1223 804 1296 861 crelo

61 880 182 953 quidem
203 875 325 955 professi
345 876 411 954 sunt
428 871 590 954 deserentes
605 874 655 928 bo·
709 880 753 931 est
768 876 885 947 ejectus,
900 881 927 931 et
939 875 994 931 tuis
1011 875 1130 948 pedibus
1141 877 1294 947 subjectus.

61 965 167 1009 norem
198 961 305 1004 nomini
333 944 447 1013 Christi,
470 943 520 998 sed
543 945 657 1000 infirma
710 948 745 1002 Ut
763 946 839 1003 enirn
859 945 926 1003 dicit
944 948 1119 1014 nequamus
1138 965 1145 1004 ε
1167 968 1180 1000 a
1196 947 1296 1004 Melior

62 1014 629 1099 adbuciide:gaudebantinvirtutibus.
642 1035 656 1067 ii
708 1024 754 1074 est
772 1018 801 1073 iii
820 1018 902 1074 malis
921 1017 1002 1073 lactis
1021 1018 1135 1075 humilis
1155 1019 1296 1076 confessio

63 1095 100 1151 Et
115 1091 185 1164 quia
199 1087 353 1170 discipulos
372 1087 408 1168 de
424 1085 571 1158 signorum
588 1103 657 1169 ope·
710 1105 795 1161 quani
815 1089 845 1145 in
867 1090 947 1145 bonis
965 1091 1086 1216 ευξενὺα
1104 1090 1249 1161 gloriatio;
1269 1094 1297 1146 et

62 1164 179 1223 ratione
198 1164 337 1240 Dominus
352 1157 423 1213 vidit
443 1157 543 1224 clatus,
559 1174 607 1228 qui
625 1175 658 1214 ex
709 1162 773 1232 plus
798 1161 890 1232 placet
917 1163 974 1217 Deo
1023 1160 1147 1217 umilitas
1167 1160 1196 1216 in
1217 1161 1297 1217 tactis

64 1236 126 1294 hoc
141 1232 226 1290 nimis
238 1230 443 1311 gloriabantur,
460 1235 604 1299 tamquam
622 1229 660 1310 in·
711 1231 804 1298 malis,
824 1248 910 1303 quani
930 1231 1062 1302 superbia
1081 1231 1219 1288 inbonis.
1239 1235 1297 1287 llu-

63 1306 146 1364 flrmi
167 1309 195 1361 et
213 1303 382 1372 imperfecti,
404 1301 467 1356 ideo
488 1301 547 1381 baeu
567 1300 659 1371 gloria
713 1301 816 1359 niilitas
831 1309 927 1359 tamen
943 1319 1000 1358 non
1016 1303 1064 1358 illa
1078 1308 1186 1358 lantum
1202 1302 1299 1358 lauda·

63 1391 168 1437 eorum
182 1373 357 1448 reprimitur,
373 1388 437 1427 cum
451 1372 603 1429 subditur:
623 1375 659 1428 Et
711 1381 767 1442 tur,
792 1390 857 1446 quae
874 1376 909 1431 de
926 1374 1097 1431 conscientia
1117 1382 1298 1445 peccatorum

64 1452 110 1506 ott
121 1450 183 1504 illis
199 1467 207 1502 ε
225 1446 294 1503 Vidi
309 1447 454 1511 sutanum,
474 1446 545 1498 sicut
560 1445 660 1511 sulpur
712 1445 864 1513 reni13sed
881 1446 929 1503 illa
944 1463 1006 1518 quae
1022 1463 1054 1502 ex
1068 1445 1169 1502 virtute
1182 1446 1299 1503 descen·

65 1520 101 1578 de
121 1521 186 1577 caelo
207 1518 357 1598 canentem,
376 1514 443 1586 quia
456 1530 583 1596 praesons
597 1521 660 1595 erat
712 1516 763 1584 dil,
779 1519 837 1575 Deo
853 1535 920 1575 cara
935 1525 987 1575 cst.
1005 1542 1017 1567 a
1036 1517 1125 1587 igitur
1140 1534 1197 1574 non
1215 1519 1298 1574 debet

66 1590 186 1665 quando
205 1587 324 1649 corruit,
340 1602 397 1643 imo
418 1601 484 1667 eum
500 1592 657 1668 paraecipda-
712 1590 797 1645 bomo
817 1588 932 1661 gloriari
953 1590 981 1646 in
1001 1589 1093 1661 gratia
1111 1589 1200 1658 gratis
1219 1590 1297 1657 data,

66 1662 117 1719 vii.
148 1662 255 1732 Fulgur
280 1658 356 1714 enim
380 1658 457 1713 radit
479 1658 611 1713 celeriter
630 1662 660 1713 el
712 1676 774 1731 quoe
791 1661 872 1717 malis
887 1669 914 1719 et
926 1662 1038 1733 injustis
1050 1662 1221 1733 quandoque
1234 1678 1299 1717 con-

65 1732 338 1800 manifestc,elcum
351 1730 486 1784 loetureet
496 1728 658 1785 inflamma·
711 1732 811 1795 fertur,
825 1733 874 1788 sed
888 1734 916 1791 in
931 1733 1024 1805 gratia
1035 1740 1147 1804 gratum
1163 1732 1297 1801 iaciente,

66 1803 163 1873 tione;
181 1803 221 1859 sic
236 1802 382 1858 daemones
394 1800 659 1882 duecoeloempyreo
712 1820 864 1875 perquam
886 1805 914 1860 iii
936 1805 1007 1861 libro
1027 1805 1091 1860 vitae
1111 1803 1296 1869 adscribitur;

66 1876 236 1935 ceciderunt
250 1873 281 1929 in
300 1872 429 1937 instanti,
450 1872 660 1928 stridentibus
713 1881 823 1931 etcum
843 1876 1013 1944 bumilitate,
1030 1874 1061 1930 iii
1082 1875 1214 1931 omnibus
1234 1889 1298 1945 gra-

65 1947 175 2006 sanctis
188 1944 313 2014 Angelis,
327 1949 355 2001 et
367 1959 431 1999 cuin
442 1943 541 1999 loetore
552 1941 660 2014 proprii
713 1946 768 2002 tias
783 1961 878 2015 agere.

67 2019 112 2077 sui
129 2017 252 2092 peccati,
267 2017 302 2073 ad
320 2015 556 2071 inflammandum
568 2012 660 2069 bomi-
750 2022 766 2083 u
788 2018 925 2071 Porrsriis
951 2033 1078 2072 aricinum
1106 2033 1235 2071 nieuones
1254 2032 1301 2070 iisr

67 2107 121 2149 nes
136 2106 189 2163 per
203 2087 391 2144 tentationem
405 2085 508 2168 parati.
526 2088 559 2141 Et
576 2100 662 2141 causa
714 2105 813 2143 oniriii
827 2105 999 2144 onirisoarn
1011 2107 1042 2143 ei
1059 2106 1173 2145 rnoiiiie
1186 2104 1301 2142 oiiuiiius

68 2163 157 2234 hujus
174 2161 264 2217 ruinae
277 2158 332 2215 luit
346 2158 442 2224 elatio,
456 2157 515 2213 sive
526 2157 662 2228 superbia
714 2177 776 2215 nini
798 2177 907 2215 rorasr.
925 2190 958 2202 -
983 2160 1060 2216 Unde
1084 2166 1124 2216 ait
1142 2159 1300 2216 Dominus:

69 2234 106 2291 de
123 2248 176 2290 sua
189 2229 364 2288 exrellentia.
379 2229 463 2297 Quasi
478 2228 587 2310 diceret
601 2227 661 2283 Sal·
714 2235 782 2288 Ecce
797 2232 861 2287 dedi
879 2232 956 2287 uobis
979 2238 1139 2301 potestatem
1162 2231 1300 2305 calciandi,

70 2311 155 2362 rator
170 2301 315 2375 discipulis
326 2303 405 2358 suis:
423 2301 527 2357 Carere
538 2301 661 2369 diligen·
714 2302 823 2359 scilicet
850 2304 922 2375 pede
937 2302 1077 2376 spirituali
1092 2321 1178 2376 supra
1194 2319 1302 2375 serpeu-

70 2382 117 2434 ter
127 2374 249 2442 debetis,
261 2390 296 2429 ue
307 2390 340 2429 eii
351 2370 474 2428 elatione
484 2377 512 2427 et
521 2376 660 2453 potestate
715 2380 754 2431 tes
769 2380 794 2431 et
808 2379 973 2447 scorpiones,
988 2382 1013 2432 et
1029 2393 1110 2447 super
1125 2392 1229 2431 omnem
1242 2377 1300 2429 oir-

70 2462 211 2505 concessa
230 2461 315 2526 snper
331 2445 487 2509 daemones,
504 2442 588 2498 nimis
603 2443 661 2498 ele·
715 2453 809 2513 tutem,
824 2452 852 2502 et
867 2446 1034 2519 multiplicia
1045 2445 1204 2519 spiritualia
1218 2462 1302 2501 nocn-

67 2516 188 2585 remini,
204 2522 232 2572 el
247 2533 287 2572 sic
302 2513 449 2571 corruatis.
466 2517 577 2572 Salariae
593 2530 661 2583 ergo
716 2524 812 2574 menta
827 2520 955 2581 intinici';
981 2524 1010 2574 et
1036 2534 1120 2574 omne
1143 2534 1234 2587 genus
1246 2516 1301 2570 ini·

68 2590 202 2662 exemplo
219 2588 399 2644 deterrentur
417 2592 445 2642 et
462 2587 499 2642 ad
515 2584 660 2641 bumilita-
715 2590 888 2645 mundorum
902 2588 1063 2659 spirituum,
1073 2589 1108 2644 de
1120 2589 1218 2643 obsess
1231 2599 1304 2642 »rum

68 2666 129 2719 tem
149 2664 333 2726 revocantum
356 2656 450 2728 utqui
470 2658 546 2711 bunc
562 2657 598 2713 ob
614 2673 660 2711 su·

67 2731 203 2806 perbiam
222 2731 258 2786 de
275 2730 347 2786 coelo
367 2727 586 2785 recordarentur
602 2728 661 2798 eje·

67 2810 161 2870 ctum,
173 2801 261 2858 multo
273 2800 365 2872 magis
377 2816 408 2856 se
419 2800 454 2855 de
467 2804 544 2856 terra
557 2799 660 2867 editos,

67 2875 93 2933 si
112 2873 315 2947 superbierint,
332 2870 540 2940 humiliandos;
562 2877 593 2926 ut
612 2885 660 2926 ca-

69 2961 136 3004 sum
151 2944 297 3017 proprium
309 2945 364 3000 boc
375 2943 507 3014 exemplo
522 2947 660 2998 careant:

69 3019 126 3087 Qui
144 3033 173 3072 sc
189 3018 333 3071 existimet
351 3021 437 3082 stare,
454 3015 548 3070 videat
564 3031 598 3070 irc
616 3030 662 3069 ea-

71 3090 134 3145 dat.
155 3089 190 3144 llt
209 3086 232 3142 si
247 3085 295 3141 ille
311 3091 428 3158 propter
443 3085 606 3156 superbiam
628 3084 664 3140 de

70 3159 146 3218 coelo
167 3157 278 3224 cecidit,
298 3157 388 3214 multo
410 3155 504 3212 minus
524 3159 664 3228 superbus

72 3230 142 3288 illuc
157 3227 301 3299 ascendet,
321 3227 387 3300 quia
405 3231 437 3283 nt
455 3228 491 3284 ab
509 3227 606 3300 aliquo
621 3226 663 3282 di·

74 3309 153 3359 ctum
169 3306 213 3358 cst
229 3317 237 3357 :

75 3410 198 3481 dbrpi'us
209 3407 331 3479 ejicitur,
342 3422 426 3479 quam
437 3422 492 3462 non
504 3406 667 3548 odffiittitur

573 3492 663 3546 ospes.

73 3588 156 3646 tlnde
180 3586 220 3644 ait
243 3587 390 3656 Grcooitus
414 3603 422 3644 ι
445 3607 460 3638 u
478 3584 548 3643 blire
565 3590 665 3643 autem

72 3659 223 3729 Dominus,
242 3664 273 3716 ut
295 3658 327 3715 in
347 3657 549 3730 discipulorum
571 3657 664 3715 cordi-

74 3732 129 3789 bus
136 3730 287 3788 elationem
298 3733 450 3803 premeret,
455 3729 593 3801 judiciuin
604 3729 662 3787 rui-

76 3819 121 3861 nae
145 3799 253 3870 retulit,
273 3802 349 3874 quod
367 3800 428 3872 ipse
447 3800 584 3872 magister
604 3802 665 3858 ela·

76 3873 163 3931 tionis
177 3872 299 3945 accepit;
313 3878 344 3930 ut
353 3871 383 3928 in
395 3877 511 3928 auctore
523 3873 664 3945 superbiae

76 3944 220 4003 discerent
236 3943 304 4017 quid
318 3944 354 4000 de
368 3942 500 4000 elationis
516 3944 584 4000 vitio
605 3944 665 4001 lor·

76 4016 230 4074 midareut.
242 4036 258 4066 »
270 4015 350 4072 Unde
361 4020 391 4071 et
402 4015 543 4072 isidorus:
559 4036 572 4066 a
585 4016 665 4084 Quis·

76 4087 142 4161 quis
151 4087 212 4160 jain
227 4103 260 4144 ex
276 4085 411 4143 deteriori
424 4085 525 4142 melior
535 4103 599 4143 csse
613 4103 668 4143 coe-

98 4160 131 4228 it,
146 4164 245 4216 caveat
258 4158 293 4214 de
308 4157 431 4230 acceptis
447 4156 542 4215 extolli
556 4157 667 4214 virtuti-

76 4175 145 4301 Eus
167 4246 204 4287 ne
223 4229 338 4301 gravius
355 4244 408 4311 per
424 4244 527 4286 ranam
546 4228 667 4301 gloriam

76 4306 205 4372 corruat,
219 4316 305 4374 quam
319 4315 399 4373 prius
413 4315 467 4374 per
483 4300 594 4373 lapsum
606 4299 668 4357 riti·

715 2659 893 2729 corporibus,
914 2659 1065 2731 ejiciendi3
1086 2664 1112 2714 ct
1131 2660 1203 2714 nibil
1226 2658 1304 2711 vobis

715 2732 831 2787 nocebit.
849 2730 1008 2788 Secundum
1024 2732 1137 2799 bedam,
1156 2733 1304 2800 serpentes

716 2804 814 2871 deute,
831 2808 858 2858 et
883 2801 1048 2874 scorpiones
1067 2803 1158 2859 cauda
1183 2805 1302 2868 nocent3

717 2880 865 2946 serpentes
880 2874 956 2931 enim
985 2889 1080 2931 morsu
1099 2873 1168 2944 oris,
1187 2880 1215 2930 ct
1230 2888 1307 2929 scor·

717 2945 818 3018 piones
847 2945 999 3018 punctione
1037 2947 1134 3004 caudae
1166 2961 1306 3003 venenum

718 3018 851 3074 tundunt.
873 3019 939 3074 ldeo
965 3025 1113 3092 serpentes
1133 3026 1230 3090 aperte
1252 3033 1304 3072 sae·

718 3088 837 3158 vientes,
857 3094 886 3146 et
904 3090 1069 3162 scorpiones
1093 3089 1221 3146 clanculo
1240 3086 1307 3144 insi-

718 3159 840 3230 diantes,
861 3161 904 3216 rel
930 3161 1071 3229 homines,
1094 3164 1137 3217 vel
1162 3168 1306 3216 daemones

719 3231 893 3303 significant.
913 3232 973 3302 Vel,
993 3237 1140 3304 serpentes
1166 3236 1230 3286 sunt
1257 3227 1306 3299 qui

719 3302 889 3359 inchoandis
909 3302 1060 3360 virtutibus
1083 3316 1193 3357 venena
1212 3315 1306 3369 praiae

720 3372 913 3446 persuasionis
941 3372 1097 3445 objiciunt;
1130 3372 1305 3442 scorpiones,

720 3447 767 3517 qui
790 3450 1002 3499 consummatas
1023 3442 1142 3499 virtutes
1164 3442 1307 3497 adfinem

720 3514 821 3571 vitiare
850 3513 1012 3570 intendunt.
1040 3513 1200 3571 Secundum
1226 3515 1308 3568 Tbco-

717 3589 838 3660 pbitum,
848 3591 995 3657 serpentes
1005 3590 1081 3653 sunt,
1093 3584 1141 3658 qni
1158 3583 1307 3641 visibiliter

722 3662 836 3725 nocent,
855 3657 930 3714 velut
955 3657 1150 3715 fornicationis
1171 3662 1199 3714 et
1215 3655 1306 3713 linini-

720 3729 785 3787 cidii
813 3730 940 3787 daemon:
965 3729 1013 3801 qui
1039 3746 1105 3787 vero
1127 3728 1308 3786 invisibiliter

720 3807 833 3871 nocent,
849 3800 1012 3874 scorpiones
1027 3808 1174 3871 vocantur,
1188 3802 1262 3859 sicut
1279 3800 1306 3856 iii

720 3873 796 3930 vitiis
807 3872 1012 3946 spiritualibus.
1026 3876 1145 3947 Insuper
1154 3874 1240 3930 etiarn
1253 3871 1308 3950 cal3

722 3961 787 4001 care
802 3950 972 4017 serpentem,
991 3949 1036 4002 est
1050 3946 1189 4017 subjicere
1204 3942 1307 4000 rationi

722 4016 1039 4086 sensualitatemque,
1065 4014 1222 4072 secuudum
1250 4014 1307 4066 Au-

721 4091 873 4158 pastinum,
882 4086 1120 4159 significatnrper
1129 4086 1305 4162 serpentem,

723 4164 752 4215 cl
771 4159 882 4215 calcare
905 4158 1079 4230 scorpiones,
1100 4162 1143 4212 est
1171 4155 1306 4232 detestari

723 4229 929 4298 detractorem;
950 4237 979 4284 et
992 4229 1102 4283 calcare
1122 4239 1235 4281 omnem
1255 4237 1308 4278 rir-

722 4305 813 4358 tutem
841 4297 962 4369 inimici,
982 4303 1025 4355 est
1047 4296 1172 4368 abjicere
1192 4308 1309 4353 omnem
