2880 4942
496 368 535 422 ult
562 365 652 421 Flhlt]
678 367 804 422 ltlltlllhl
831 370 970 425 Shh'h'lO.

659 545 788 602 ORATIO

154 695 273 752 Domine
288 694 355 753 lesu
373 695 495 768 Christe,
523 696 603 755 dives
618 695 746 754 omnium
761 698 913 767 bonorum,
934 702 963 754 et
984 697 1104 770 largitor
1125 702 1351 776 opulentissime,

120 768 155 824 da
168 767 239 824 mihi
254 768 371 840 fatigato
386 767 415 824 ln
429 769 513 841 hans
530 769 597 827 vitae
609 769 713 826 itinere
733 768 826 826 eibum
842 773 870 826 et
888 774 996 842 potum,
1012 776 1044 828 ut
1055 773 1170 831 ressciar
1188 792 1205 832 a
1223 781 1259 832 te.
1278 780 1352 835 Fons

119 838 181 895 ritas
196 845 224 896 et
240 841 366 896 omnium
381 844 538 911 gratiarum
556 841 711 910 uberrime,
729 857 778 897 cor
803 857 898 898 meum
921 841 957 898 ah
973 843 1100 902 ubertate
1128 846 1281 919 voluptatis
1296 853 1352 908 ture

117 910 286 980 inebriant
314 909 497 969 obliviscatur
512 913 609 969 omnia
623 915 678 969 ista
697 913 873 970 transitoria.
898 912 984 969 Panis
997 913 1088 985 rirns,
1117 919 1165 989 qni
1194 935 1351 992 numquam

119 982 228 1051 delicis,
248 983 286 1039 da
304 982 373 1037 mihi
389 984 464 1039 hunc
478 983 573 1040 cibum
589 983 777 1056 spiritualem,
792 989 825 1041 nt
841 990 919 1042 tuam
938 987 965 1041 in
980 987 1112 1045 omnihus
1132 989 1233 1047 larium
1249 992 1352 1049 rotun·

118 1058 224 1121 tatem3
243 1070 326 1110 mane
336 1054 413 1122 arrad
423 1071 467 1111 me
481 1054 552 1111 duos
565 1054 637 1125 dies,
653 1061 794 1182 ‹puatenus
808 1056 864 1113 duo
877 1062 1018 1129 praccepta
1038 1058 1351 1136 caritatisduorumqne
1398 1057 1406 1065 ’

121 1126 369 1181 testamentorum
384 1125 471 1182 fidem
484 1142 530 1182 me
550 1143 648 1184 amare
673 1126 750 1183 aclas
773 1131 802 1182 et
825 1129 989 1199 obseruare,
1004 1144 1037 1188 ae
1059 1131 1146 1189 tertia
1162 1132 1219 1203 die,
1246 1134 1354 1193 scilicet

124 1195 233 1268 gloria,
248 1197 324 1268 apud
346 1201 374 1253 te
394 1213 507 1271 semper
523 1213 651 1257 manere.
671 1199 774 1256 Amen.

607 1506 744 1579 CAPUT
761 1506 866 1577 Lxlll

464 1719 508 1763 nu
536 1719 642 1764 nanto
672 1719 814 1765 nanneni
839 1716 1007 1765 sanare.

629 1881 712 1937 teau.
729 1895 792 1951 cap.
813 1881 858 1936 tv.

161 2074 171 2108 1
203 2052 379 2107 haihamma
407 2068 435 2107 nr
469 2053 544 2108 Caua
578 2051 711 2109 Gaianas
762 2053 795 2109 in
825 2052 925 2110 ludaea
945 2069 952 2108 ι
974 2051 1095 2108 Romani
1120 2051 1197 2108 enirn
1223 2053 1353 2113 uolentes

124 2126 253 2193 Cnursro,
270 2141 392 2179 accessis
405 2141 439 2178 aa
456 2140 509 2180 eon
526 2125 664 2180 licentes.
677 2156 712 2166 —
763 2126 897 2196 frangere
915 2124 1078 2180 ludaeorum
1094 2123 1269 2196 snperbiam,
1284 2126 1356 2184 ahs·

126 2195 232 2252 Deinde
245 2201 308 2267 post
324 2196 393 2251 diros
408 2196 467 2250 dies
482 2195 586 2268 quihus
614 2195 710 2252 nomi-
764 2197 891 2254 tnlcrnut
917 2196 953 2252 ah
980 2194 1020 2251 eis
1041 2195 1148 2268 regiam
1172 2195 1353 2270 dignitatem,

126 2283 179 2324 nus
193 2269 275 2324 lesus
290 2266 395 2323 mansit
409 2267 484 2339 apud
503 2265 710 2338 samaritanos,
763 2283 885 2350 regnum
910 2267 1016 2323 ludaeae
1044 2265 1074 2323 in
1100 2272 1224 2340 quatuor
1251 2274 1354 2329 tetrar-

124 2342 195 2395 eaiit
209 2341 284 2402 inde,
305 2337 412 2394 scilicet
428 2338 464 2396 de
480 2337 620 2407 Samaria,
639 2356 705 2396 con·
762 2341 844 2396 eluas
874 2338 1044 2408 dividentes,
1068 2340 1105 2397 ad
1133 2343 1352 2413 praecavendum

125 2411 245 2466 lirmatis
260 2409 447 2468 samaritanis
469 2409 499 2467 in
516 2411 583 2479 fide,
598 2417 624 2467 et
639 2412 711 2468 adlit
762 2427 864 2469 eorum
886 2410 1081 2468 rebellionem.
1108 2443 1144 2453 —
1166 2413 1228 2470 Alio
1255 2414 1352 2486 modo,

125 2486 156 2538 in
170 2482 324 2548 deliteam,
338 2481 387 2538 uhi
398 2483 491 2539 luerat
503 2482 626 2539 nutritus
638 2500 645 2538 :
658 2498 711 2556 per
762 2484 922 2540 seeundum
937 2484 1167 2552 chrysostomum,
1185 2484 1288 2540 dicitur
1300 2487 1354 2542 Re-

124 2553 201 2626 quod
224 2553 412 2622 significatur,
433 2558 509 2625 qnod
535 2553 565 2609 in
585 2554 643 2610 line
665 2570 710 2610 se·
763 2556 859 2625 galus,
877 2553 982 2625 aliquis
996 2555 1033 2608 de
1048 2553 1135 2624 stirpe
1147 2553 1226 2624 regia
1241 2571 1291 2610 seu
1306 2570 1353 2626 ge-

126 2625 192 2694 culi,
208 2625 384 2682 confirmatis
400 2625 537 2682 Gentibus
561 2624 591 2680 in
609 2625 666 2682 tide
683 2629 712 2682 et
763 2626 842 2681 neris
857 2624 980 2681 existens
994 2623 1118 2694 regalis,
1134 2640 1185 2680 uec
1200 2625 1252 2680 hec
1267 2626 1352 2684 modo

123 2697 253 2765 veritate,
272 2702 432 2753 revertetur
454 2697 490 2753 ad
508 2696 624 2754 tunsos
645 2713 711 2753 con·
764 2695 902 2767 accipitur
915 2694 971 2751 hic.
987 2725 1021 2738 -
1037 2694 1132 2751 Tertio
1149 2696 1234 2753 mode
1249 2696 1353 2754 dicitur

122 2769 285 2826 vertendos.
305 2772 387 2826 Venit
403 2786 466 2839 erpo
482 2772 620 2825 iterumiu
636 2770 711 2827 dana
763 2767 869 2840 aliquis
891 2766 1024 2840 Regulus,
1047 2783 1148 2840 regum
1167 2767 1309 2838 officialia,
1325 2774 1354 2827 et

124 2841 256 2910 Galilaea,
275 2841 335 2909 ult,
349 2840 380 2897 in
394 2841 510 2913 nuptiis,
525 2842 593 2911 tecit
607 2857 709 2912 aquom
762 2841 817 2897 iste
844 2840 930 2896 modo
958 2838 1095 2911 accipitur
1120 2838 1181 2912 hic;
1197 2839 1266 2913 qnia
1291 2847 1353 2899 erat

121 2915 228 2982 atnam,
261 2928 359 2969 coram
392 2912 539 2985 discipulis
571 2912 639 2970 suis.
674 2915 711 2969 Et
762 2911 895 2969 olfaciat-is
922 2910 1105 2984 Imperatoris
1136 2912 1280 2985 Romani,
1300 2912 1352 2971 de·

123 2985 312 3055 arctonidem
332 2986 463 3055 uenatus,
479 2985 559 3055 errius
572 2987 648 3056 tilius
663 2986 710 3041 in·
762 2990 878 3058 putatus
903 2985 939 3040 ad
959 2983 1117 3041 custodiam
1133 2984 1269 3055 Galilaeae,
1283 3001 1352 3058 pro·

120 3058 288 3126 motatur
313 3058 518 3128 Goptrnraanm.
548 3060 618 3126 llic,
648 3072 710 3113 cum
761 3055 918 3130 pterquod
942 3057 1076 3113 manebat
1094 3055 1125 3112 in
1140 3058 1351 3139 capharnaum,

123 3129 246 3184 audisset
271 3131 338 3198 qnia
360 3131 473 3186 lesuad
509 3134 584 3185 artes
600 3127 653 3185 sihi
668 3127 710 3183 ri·
763 3145 827 3200 qum
858 3131 922 3184 erat
949 3127 1117 3199 metropolis
1144 3127 1219 3185 illum
1244 3134 1351 3198 terrae3

122 3198 474 3268 rinasadoeniret,ahtito
510 3217 570 3256 enm
582 3199 709 3268 incana,
762 3201 806 3256 rel
823 3200 897 3255 torte
914 3197 1017 3269 aliquis
1042 3198 1078 3254 dc
1103 3197 1210 3256 familia
1230 3197 1352 3255 llerodls

123 3270 170 3328 nbi
184 3287 249 3328 eum
264 3277 380 3328 noverat
392 3289 464 3341 esse,
478 3276 503 3327 et
514 3273 631 3339 repebat
638 3286 709 3335 eum,
761 3271 935 3338 Tetrarchae,
956 3269 1066 3341 pollens
1088 3268 1183 3340 aliqua
1208 3269 1352 3340 principa·

121 3342 711 3413 utdcscenderet,scilicetinciritatemCa·
763 3347 810 3398 tus
835 3340 983 3412 dignitate.
1009 3339 1135 3410 Regulus
1162 3339 1227 3406 iste,
1248 3339 1353 3396 auditis

119 3415 291 3486 pharnaum,
307 3431 370 3486 qnae
386 3422 447 3471 erat
463 3414 492 3470 in
510 3414 596 3469 hesso
612 3428 710 3484 respe-
763 3410 912 3469 miraculis
927 3410 1042 3479 Christi,
1059 3409 1184 3480 sperarit
1198 3412 1233 3466 ah
1249 3426 1283 3467 eo
1298 3409 1353 3467 im-

122 3486 350 3558 ctuloeiinqno
373 3489 540 3554 tesnserat,
556 3488 711 3541 etsouaret
764 3489 879 3556 petrare
899 3482 1051 3537 sanitatem
1080 3479 1133 3536 filii
1165 3480 1219 3549 sui,
1248 3486 1277 3538 et
1295 3497 1354 3539 cre

142 3558 339 3614 resentialitcr
363 3561 452 3630 pltnm
471 3557 541 3627 ejus,
558 3571 645 3628 quem
670 3554 711 3611 di·
763 3554 836 3612 didit
850 3555 942 3625 ipsum
958 3568 1041 3625 posse
1055 3552 1256 3609 sanarefilium
1269 3569 1352 3612 snum

120 3572 244 3711 iigehan
273 3629 354 3702 quasi
384 3646 441 3686 nou
469 3633 565 3701 posset
593 3643 708 3697 sanare,
763 3642 851 3698 aquo
874 3623 1159 3697 salntemqmesirit;
1184 3626 1233 3682 sed
1250 3625 1279 3682 in
1295 3626 1353 3684 nde

120 3700 175 3757 nisi
191 3717 317 3773 praescus
336 3707 422 3758 esset.
439 3700 602 3758 Secundum
622 3702 709 3756 Theo·
763 3698 904 3756 dnhitarit
929 3697 961 3753 in
980 3697 1045 3767 hoe,
1065 3698 1141 3770 quod
1164 3697 1352 3780 praesentiam

118 3773 238 3844 phitom,
254 3773 308 3829 iste
332 3773 456 3846 Regulus
475 3771 605 3829 interluit
620 3771 708 3829 mira·
763 3773 825 3844 ejus
852 3768 1012 3854 requirens,
1030 3785 1088 3826 non
1117 3769 1172 3826 nisi
1198 3771 1353 3842 praesentia

119 3843 183 3900 culo
195 3844 270 3902 lacto
285 3844 315 3900 in
328 3845 443 3918 nuptiis,
456 3845 570 3917 quando
579 3844 710 3901 Christus
762 3843 904 3915 corporali
922 3847 951 3899 et
968 3845 1046 3898 tactu
1060 3856 1127 3898 eum
1150 3858 1234 3914 posse
1251 3857 1354 3898 sanare

121 3930 226 3987 aquarn
243 3915 273 3972 in
290 3915 386 3975 vinnm
401 3916 540 3984 mutarit3
556 3915 710 3989 quintana
762 3914 873 3988 putarit
888 3932 895 3972 :
913 3929 972 3971 non
994 3913 1071 3970 enim
1095 3913 1201 3985 ubique
1228 3927 1355 3984 praesen-

120 3986 251 4056 credidit,
267 3988 318 4044 sed
332 3993 429 4046 tamen
447 3987 551 4046 Christi
573 3987 709 4044 divinita·
760 3995 820 4044 tem
836 4001 901 4043 curn
925 4001 988 4042 esse
1009 3984 1139 4050 credidit,
1156 3984 1229 4040 sicut
1249 3986 1353 4040 Centu-

120 4064 179 4115 tem
202 4060 329 4131 perlecte
357 4076 413 4117 non
434 4058 575 4144 cognorit.
601 4057 711 4116 Dicitur
764 4058 818 4127 rie,
842 4059 889 4129 qui
905 4072 1012 4130 rogans
1026 4071 1079 4129 pro
1094 4060 1250 4126 aegrotante
1264 4069 1354 4125 puero

122 4133 218 4187 autem
229 4131 565 4205 Regulusmnltiphc'iter.
577 4131 637 4188 tlno
651 4145 712 4186 mo·
763 4130 826 4188 ait:
844 4133 967 4194 nemim,
990 4144 1045 4184 non
1071 4142 1132 4182 snm
1146 4126 1248 4192 diutins
1265 4130 1295 4180 nt
1309 4128 1354 4181 in·

123 4201 160 4257 do
169 4217 274 4275 parvus
285 4204 441 4272 Rex,idest
451 4203 498 4275 qui
509 4219 596 4276 parre
609 4206 713 4275 praeest
763 4209 819 4258 tres
846 4202 896 4256 sad
921 4205 1022 4258 tectum
1047 4212 1148 4265 meum,
1172 4196 1220 4253 sat
1247 4200 1355 4253 tantum

123 4288 224 4346 regno,
239 4278 267 4331 et
296 4275 350 4332 hoe
381 4275 466 4332 modo
495 4291 554 4333 ηοη
572 4273 713 4348 accipitur
764 4274 810 4329 die
833 4272 924 4342 cerdo,
943 4277 968 4327 et
984 4268 1133 4327 sanabitur
1146 4283 1217 4340 puer
1231 4284 1315 4325 mens.

122 4343 181 4415 hic,
195 4344 264 4419 quia
279 4350 345 4405 tnnc
360 4345 496 4421 temporis
507 4362 566 4405 non
580 4351 641 4404 erat
656 4347 713 4403 Rex
802 4363 817 4399 η
834 4344 968 4401 Cnnrsrns
981 4356 1172 4398 orrrroannan
1185 4356 1283 4398 annam
1298 4342 1354 4400 Rs·
