2880 4942
144 352 176 404 06
531 338 639 392 Plillldi
666 340 785 396 ethus
811 340 916 395 CAPUT
945 341 1005 396 tlt

141 451 272 511 rorantia
286 449 350 505 rilae
366 449 532 518 assumptae,
550 446 617 502 dum
632 445 731 504 incon-

141 526 265 584 siderate
280 519 447 589 aggreditur
473 517 546 573 viam
567 534 653 589 quam
675 535 731 574 non

141 603 235 671 potest
255 587 404 665 perlicere.
423 588 501 669 Unde
525 590 590 670 huic
611 589 658 660 qui
679 607 730 672 ag-

141 668 269 741 greditur
285 664 359 718 viam
373 661 555 732 perfectiouis
570 677 732 718 necessaria

142 748 187 797 est
205 734 349 800 diseretio,
366 739 395 788 ut
410 732 570 788 consideret
586 735 608 788 si
629 734 732 789 haheat

142 810 212 867 illud
235 806 310 878 «pund
332 804 369 860 ad
394 804 447 858 hoe
474 803 637 874 requiritur,
654 805 731 875 nirod

143 887 185 938 est
200 877 335 934 fortitudo
350 873 437 931 animi
454 874 490 929 ad
511 875 730 946 relinquendum

143 954 240 1009 oirinia
263 956 291 1005 et
314 946 513 1003 sustinernlum
537 948 659 1002 arlversa
679 964 730 1018 pro

145 1026 224 1081 Deir:
245 1038 280 1076 ne
301 1023 415 1090 propter
435 1016 667 1073 indiscretionem
684 1035 730 1073 re·

143 1095 218 1151 sitiat
234 1095 269 1149 ab
286 1090 407 1161 incepto.
425 1090 457 1144 Et
476 1090 528 1143 hoe
543 1089 667 1144 ostendit
682 1106 733 1160 per

144 1164 361 1223 similitudinem
390 1160 425 1215 de
451 1161 563 1215 volente
585 1161 732 1217 aedificare

145 1236 257 1302 turrim,
276 1235 304 1289 id
325 1239 368 1289 est
391 1232 507 1303 aggredi
528 1231 732 1301 perlectionem

146 1307 343 1375 Erarrgeliram
370 1308 398 1359 et
427 1303 491 1358 vitre
514 1303 729 1368 sublimitatem,

145 1395 197 1452 per
227 1374 312 1449 qnam
343 1373 445 1432 Christi
473 1390 570 1430 sumus
589 1374 730 1442 discipuli.

148 1453 198 1518 Qui
217 1466 285 1519 ergo
305 1444 409 1501 Christi
434 1445 588 1515 discipulus
613 1462 686 1512 esse,
704 1452 732 1501 et

147 1520 201 1578 diei
223 1515 376 1583 desiderat,
391 1518 486 1569 selenc
501 1516 578 1586 prius
597 1521 733 1583 eornpetet

146 1597 283 1659 sarnatus,
302 1591 351 1658 qui
373 1589 520 1642 necessarii
541 1594 615 1648 sunt.
640 1589 666 1641 id
690 1592 734 1642 est

148 1663 310 1719 deliberans
334 1657 505 1723 consideret,
526 1661 551 1709 sr'
571 1659 669 1712 liabent
687 1675 731 1715 re·

148 1733 243 1805 qtrisla
266 1733 305 1784 nd
331 1729 540 1799 perficiendum:
564 1727 586 1783 si
608 1729 731 1799 discipu·

148 1806 241 1861 lornm
263 1803 349 1857 vitam
375 1805 483 1868 tenere,
500 1800 664 1870 patientiam
682 1803 732 1856 ha-

149 1878 225 1935 bere.
254 1875 381 1930 laborem
411 1871 562 1938 sustinere,
591 1878 617 1927 ct
647 1872 730 1928 simul

148 1964 212 2003 curn
235 1946 276 2002 eis
301 1943 402 2001 turrim
424 1943 558 1999 virtutum
576 1943 730 2011 anlillrarc,

149 2027 248 2076 eoritra
264 2020 359 2073 hostes
375 2030 501 2087 pugnare
517 2021 544 2070 et
560 2022 733 2086 ceteraque

149 2097 306 2161 sepiuntur
318 2102 402 2159 agere
416 2087 518 2142 valeat.
533 2089 661 2158 llagnam
677 2094 735 2142 ete-

150 2163 207 2217 nim
236 2162 336 2216 turrim
364 2158 507 2213 aedificare
538 2158 656 2228 inripil,
686 2158 733 2228 ‹pui

150 2234 235 2299 hujus
263 2229 363 2285 intrudi
400 2230 538 2295 honores,
567 2228 687 2309 divilias
707 2233 735 2284 et

151 2302 304 2372 dignitates
333 2304 526 2365 contemnens,
551 2299 648 2354 omnia
681 2305 735 2354 ista

151 2372 295 2443 relinquit,
317 2375 345 2426 ct
368 2369 568 2442 Apostolorum
596 2369 682 2425 vitam
702 2386 734 2425 ae

151 2446 357 2501 monachorum
394 2440 639 2496 conversationem
671 2457 735 2512 pro

152 2516 254 2583 nnttit;
269 2515 319 2570 sed
343 2513 395 2568 iste
414 2511 494 2585 prius
510 2519 673 2584 computare
689 2513 736 2568 de-

151 2590 198 2646 bet
212 2604 297 2660 «priam
314 2592 421 2642 arctam
434 2589 462 2640 et
477 2584 649 2639 laboriosam
661 2584 735 2640 viam

152 2661 345 2729 agarediatnr,
374 2663 403 2713 et
431 2671 516 2727 quam
545 2672 678 2726 inagrnnn
707 2660 735 2711 et

151 2732 267 2788 diflicile
290 2746 361 2801 opus
384 2743 470 2799 agere
500 2727 624 2798 incipiat.
651 2728 733 2794 Quia,

152 2804 307 2859 serendum
337 2800 508 2866 drepmtum.
541 2814 626 2854 ornile
657 2799 734 2869 quod

152 2878 272 2943 agrinus,
288 2870 445 2943 praevenire
461 2884 511 2939 per
526 2869 650 2924 studium
667 2886 735 2925 ron·

152 2941 334 3001 siderationis
355 2943 500 2997 dehemus.
522 2941 624 2997 Sedens
637 2940 733 3011 igitur,

154 3017 180 3072 id
206 3023 249 3071 est
274 3030 291 3070 a
316 3013 373 3067 vila
390 3010 477 3067 veteri
495 3017 523 3066 et
538 3028 555 3067 a
568 3011 734 3068 tumultibus

153 3086 249 3144 inurnli
264 3092 292 3142 et
304 3083 468 3156 passionum
482 3081 623 3151 qiiietatus
638 3090 665 3137 et
676 3082 735 3152 qni-

152 3175 261 3225 esrens
277 3160 412 3225 computet
427 3158 456 3209 et
466 3153 617 3223 diligenter
631 3154 735 3209 discer-

153 3237 203 3287 nat
237 3227 414 3300 erogandam
449 3241 513 3281 esse
545 3225 734 3282 substantiam

153 3301 350 3373 temporalem,
368 3303 397 3354 et
423 3312 471 3354 eor
492 3313 509 3353 a
532 3297 735 3369 cupiditatibus

152 3376 349 3440 avertendum,
367 3376 396 3427 et
420 3368 547 3426 animam
569 3376 670 3426 contra
694 3386 736 3426 se·

152 3446 207 3503 culi
235 3446 354 3503 adversa
383 3442 613 3515 praeparandam.
647 3443 735 3498 Debet

153 3518 238 3575 etiam
269 3515 394 3587 rogitare
423 3515 446 3571 si
474 3515 578 3569 habeat
605 3519 735 3585 sumptus

152 3589 313 3660 spirituales
329 3587 463 3642 virtutum
478 3591 505 3640 et
517 3585 658 3640 bonorum
670 3601 736 3654 ope-

153 3675 226 3723 rum,
242 3664 370 3727 sumptus
389 3656 465 3712 enim
489 3656 661 3727 temporales
684 3672 733 3725 po-

153 3730 209 3785 tius
222 3726 373 3798 spargendi
395 3732 473 3793 sunt,
493 3733 647 3796 antequam
670 3742 735 3780 corr-

151 3799 306 3873 gregandi3
323 3802 348 3852 si
357 3798 465 3857 hebent.
485 3795 611 3865 iuquam,
625 3797 662 3850 ed
671 3812 733 3866 per-

150 3874 297 3944 ficiendum
325 3885 396 3940 opus
418 3867 571 3935 intentum,
594 3866 687 3949 idest
710 3866 733 3922 si

152 3944 356 4007 lnnnilitatem,
383 3937 566 4012 patientiam,
596 3939 734 3995 obedien·

153 4018 231 4084 tiam,
252 4021 280 4071 et
304 4009 546 4086 perseverantiam
570 4027 634 4092 quae
664 4026 732 4066 eon-

151 4093 282 4151 summat,
301 4093 398 4141 tenere
419 4087 447 4139 et
469 4083 611 4138 custodire
629 4081 732 4150 valeat,

150 4161 211 4217 sine
242 4158 343 4231 quibus
369 4156 422 4211 hoc
456 4153 607 4211 aedidrium
634 4154 733 4224 perlici

152 4249 207 4288 non
222 4235 323 4303 potest.
341 4230 473 4298 Sumptus
488 4226 601 4296 quidem
617 4230 684 4280 sunt
698 4241 733 4282 ea

789 448 878 505 draus
902 464 970 519 ergo
995 447 1195 519 spiritualiter,
1224 451 1379 511 considera

788 519 811 574 si
832 521 937 588 sobrie,
955 525 983 576 et
1007 537 1052 591 pre
1067 526 1095 576 et
1109 523 1184 590 juste
1201 521 1326 593 vineris3
1347 542 1380 582 ne

788 597 967 661 posteaquam
997 596 1119 660 posuerit
1143 595 1376 661 [laudamentum.

809 663 863 718 uod
881 664 1012 719 consistit
1036 663 1064 718 in
1089 666 1273 722 observantia
1293 683 1378 724 man·

787 679 931 802 latorum,
953 742 979 789 et
1006 751 1060 790 non
1087 740 1208 806 potuerit
1236 742 1375 808 perficere,

787 821 804 860 a
827 807 900 860 hono
924 806 1071 876 proposito
1098 807 1282 876 declinando,
1296 816 1325 865 et
1348 810 1377 867 in

787 876 1375 952 aedisseiobonreoperationis‹leticiendo,

788 947 949 1004 irrisionem
979 949 1114 1030 patiatur,
1132 952 1166 1006 ab
1181 950 1305 1007 inimicis
1320 953 1377 1008 sri-

787 1019 852 1074 licet
869 1019 1167 1090 malignisspiritibus‚
1179 1023 1283 1078 nostris
1293 1023 1376 1080 honis

787 1089 921 1161 operibus
955 1108 1068 1161 semper
1099 1092 1318 1162 insidiantibus3
1348 1100 1378 1151 et

788 1178 878 1217 omnes
895 1165 945 1232 prii
959 1164 1081 1218 viderint
1097 1180 1160 1219 enm
1186 1165 1321 1233 delicere,
1336 1169 1377 1222 ia·

788 1237 894 1303 ctptont
921 1236 1038 1289 illudere
1065 1239 1099 1297 ei,
1121 1242 1169 1291 aul
1198 1236 1329 1293 homines
1349 1237 1379 1293 in

788 1304 856 1372 vita,
871 1310 919 1360 ant
934 1306 1079 1362 dernones
1095 1307 1123 1362 in
1141 1313 1242 1375 morte,
1260 1313 1310 1363 aut
1325 1311 1379 1364 uo·

788 1373 882 1432 minus
898 1375 926 1431 in
939 1377 1059 1446 jndicio,
1075 1383 1103 1432 et
1116 1378 1201 1433 etiarn
1216 1380 1312 1435 Sancti
1326 1379 1374 1450 oui

788 1463 873 1517 super
900 1463 964 1502 euin
990 1447 1132 1516 ridelmnt,
1149 1451 1286 1505 dicentes:
1303 1451 1377 1517 Quia

788 1520 831 1572 hie
847 1520 925 1573 homo
941 1527 1021 1588 erepit
1045 1522 1190 1589 certificare,
1208 1521 1262 1577 iter
1279 1522 1373 1593 perle-

788 1587 888 1644 ctionis
901 1591 1084 1658 assumendo,
1101 1597 1125 1646 ct
1141 1609 1193 1647 non
1207 1597 1297 1663 potuit
1313 1610 1374 1649 eon-

787 1677 933 1719 summare.
955 1661 983 1717 in
1008 1661 1120 1734 incepto
1149 1665 1373 1734 perseverando.

788 1731 843 1787 Sed
866 1731 934 1802 qtiid
949 1733 973 1787 ei
991 1734 1111 1801 rrepisse
1127 1735 1254 1804 prodest,
1274 1735 1296 1791 si
1314 1735 1371 1792 sal·

788 1819 839 1858 vus
856 1819 912 1858 non
929 1806 1005 1860 eritl
1020 1807 1079 1861 Non
1093 1805 1169 1862 enim
1181 1807 1228 1876 qui
1244 1807 1373 1879 creperit,

789 1874 850 1941 sed,
865 1879 896 1931 ut
911 1874 950 1930 ait
970 1880 1129 1945 spostolus,
1150 1881 1199 1947 qui
1215 1895 1375 1950 persevere-

788 1949 868 2008 verit,
885 1948 928 2001 liic
942 1945 1036 2002 saluus
1050 1952 1113 2004 erit.

826 2022 842 2071 8
871 2018 1002 2083 Qunnrnn
1032 2037 1377 2078 rursorusurnu:srn1.ra

789 2106 966 2144 concionans
996 2108 1021 2144 m
1054 2109 1176 2147 rnornns
1200 2110 1316 2148 vinnons.
1342 2125 1378 2137 -

790 2161 928 2226 Qriartnm
957 2160 1189 2233 impedimentum
1218 2171 1261 2218 est
1285 2163 1376 2219 confl-

790 2230 888 2286 dentia
913 2233 1006 2287 stultae
1035 2234 1204 2300 securitatis,
1222 2235 1290 2290 dum
1312 2234 1378 2305 quis

791 2301 908 2356 conlidit
928 2301 955 2357 iu
972 2306 1125 2361 securitate
1140 2321 1255 2361 suarum
1271 2305 1379 2363 virium

791 2372 833 2427 vel
851 2372 1027 2440 interiturum,
1044 2376 1147 2447 quibus
1163 2376 1302 2432 violenter
1317 2393 1379 2434 ere·

790 2442 832 2498 dit
853 2443 967 2502 coelesle
995 2464 1112 2519 regumn
1134 2447 1273 2513 obtinere,
1289 2453 1317 2504 et
1341 2465 1376 2505 ex

791 2514 901 2571 meritis
925 2517 1025 2573 salvari
1050 2520 1127 2589 juste
1140 2537 1146 2587 ;
1161 2520 1210 2575 sed
1233 2519 1377 2590 quianon

791 2592 892 2657 poten,
907 2604 970 2644 rum
999 2590 1092 2645 trullus
1120 2590 1229 2646 meritis
1253 2590 1313 2646 suis
1338 2591 1376 2647 ad

790 2659 910 2727 gloriam
942 2661 1103 2730 pertingere
1133 2661 1232 2732 possit,
1255 2661 1307 2717 nisi
1334 2678 1378 2718 se·

792 2729 849 2784 rcri
861 2729 970 2786 lrrdiris
981 2732 1121 2788 sententia
1136 2737 1310 2805 temperetur
1325 2749 1377 2804 per

791 2800 1027 2870 misericordiam,
1045 2820 1159 2860 neeesse
1181 2811 1224 2861 est
1247 2810 1277 2860 ut
1301 2820 1376 2876 prae-

791 2873 905 2927 mittens
931 2873 1103 2937 legationem
1132 2876 1322 2946 lacrymarum
1351 2880 1381 2932 et

790 2959 909 3014 operum
925 2944 1074 3011 botrorum,
1089 2954 1167 3015 roget
1179 2963 1213 3002 ea
1224 2964 1286 3018 quae
1297 2946 1377 3019 pacis

790 3020 898 3070 suntet
915 3016 948 3069 ad
966 3031 1064 3086 parem
1084 3018 1186 3074 ariinne
1205 3018 1373 3089 pertinenl;

790 3085 819 3141 in
834 3094 985 3156 conspeetu
1006 3087 1081 3142 enim
1101 3089 1162 3159 ejus
1180 3088 1376 3146 omnishomo

790 3157 970 3227 imperfectus
990 3166 1033 3214 est
1054 3165 1082 3214 et
1102 3161 1197 3215 trullus
1219 3162 1325 3231 justus.
1342 3164 1375 3217 nt

790 3229 843 3283 hoc
868 3229 993 3285 ostendit
1023 3246 1074 3301 per
1098 3231 1316 3289 similitudinem
1340 3233 1376 3289 de

791 3316 858 3371 rege
880 3301 992 3358 volente
1012 3307 1178 3358 eornmittere
1203 3304 1304 3359 bellum
1325 3305 1375 3360 ed·

790 3389 884 3428 versrts
913 3375 1000 3428 ulium
1024 3391 1125 3441 repam,
1145 3373 1203 3445 qui,
1227 3391 1292 3430 rum
1317 3390 1375 3431 non

789 3447 878 3514 possit
897 3462 956 3500 curn
976 3446 1066 3501 decem
1090 3448 1214 3501 millibus
1236 3460 1376 3502 occurrere

790 3522 816 3571 et
836 3520 886 3587 qui
911 3520 984 3572 uenit
1002 3519 1040 3572 ud
1059 3534 1087 3573 se
1109 3535 1168 3573 carm
1193 3521 1297 3585 violati
1313 3520 1376 3574 mil·

791 3589 874 3647 libus,
893 3588 994 3658 quaerit
1016 3605 1126 3660 parem.
1146 3591 1173 3645 Si
1200 3605 1248 3644 rex
1271 3605 1288 3645 a
1307 3604 1375 3661 rege

790 3674 889 3782 parem
906 3659 1018 3728 ipuaerit,
1034 3662 1122 3715 rnnlto
1146 3660 1237 3729 magis
1257 3675 1309 3715 nos
1329 3659 1374 3716 in·

801 3730 888 3785 lnnns
904 3745 969 3784 rnrn
988 3731 1044 3785 Deo
1064 3746 1162 3801 pacem
1183 3732 1288 3788 hahere
1303 3746 1375 3787 con·

789 3800 877 3871 grnit.
893 3799 943 3855 llic
961 3799 1067 3872 nirippe
1083 3802 1222 3874 arripitur
1236 3820 1297 3867 ree,
1314 3803 1375 3875 qui·

789 3886 910 3941 rumque
942 3873 999 3927 rult
1030 3874 1147 3943 aggredi
1176 3880 1283 3931 statum
1308 3890 1374 3948 per·

790 3941 930 4011 feetionis,
960 3943 1027 4013 quia
1055 3946 1140 4001 dehet
1168 3947 1241 4003 bene
1274 3960 1374 4018 regere

789 4013 972 4084 operationes
987 4021 1016 4070 et
1029 4016 1216 4088 cogitationes
1231 4034 1298 4074 suas
1313 4033 1374 4074 om·

789 4101 899 4154 nesnue
932 4102 1031 4142 sensus
1065 4105 1132 4144 suos
1164 4089 1315 4147 interiores
1347 4092 1376 4145 et

789 4155 958 4219 exteriores:
978 4164 1006 4212 et
1022 4159 1107 4216 habet
1122 4161 1301 4218 committere
1314 4160 1375 4218 bel·

788 4226 852 4282 lum
874 4226 908 4282 ad
932 4229 1097 4299 rapiendum
1120 4231 1173 4287 sibi
1194 4233 1309 4289 rmleste
1328 4247 1375 4288 re·

150 4318 214 4375 (lure
232 4304 318 4359 debes
337 4302 404 4367 heo,
423 4296 485 4366 tibi,
500 4299 638 4369 proximo.
654 4297 731 4352 AEdi-
786 4314 885 4370 guum,
901 4300 967 4372 quia
984 4317 1097 4371 restrum
1112 4306 1238 4361 celorum
1253 4308 1310 4361 cim
1320 4320 1373 4376 po·
