2880 4942
117 388 162 442 tst
486 384 598 439 PlllllAE
624 383 744 438 elarls
772 381 877 436 attur
905 382 982 437 lxx

766 489 913 562 sanguinis
930 486 985 558 sui,
1003 491 1033 545 nt
1051 487 1082 545 in
1104 486 1154 543 illo
1167 492 1316 560 maneant,
1332 490 1365 545 et

766 562 871 636 ipsein
887 559 953 617 illis.

115 496 157 552 vit
171 494 247 566 quod
264 492 328 549 illos
342 490 484 558 movebat,
500 495 527 545 et
542 489 634 562 aperit
648 508 706 547 un-

116 568 153 626 de
165 567 279 623 tuemnt
292 560 486 630 scandalizati,
503 561 527 618 si
542 567 639 619 umen
656 562 707 619 in-

115 639 288 709 telligerent.
315 634 358 692 ltli
383 632 460 689 enim
483 635 621 705 putabant
640 651 706 691 eum

116 715 303 780 erogaturum
335 707 455 786 Corpus·
469 710 498 787 et
532 706 707 777 Sanguinem

115 798 214 847 suum;
237 779 298 850 ipse
318 783 413 833 autem
428 777 497 833 dixit
516 792 547 834 se
570 794 706 836 ascensu-

113 870 178 911 rum
191 853 220 908 in
234 850 337 907 coelum
349 847 447 920 utique
458 848 600 920 integrum
615 866 621 906 :
639 866 706 924 ergo

116 926 153 982 de
178 920 320 994 spirituali
340 920 562 978 manducatione
582 922 636 978 hoc
661 922 706 979 in-

115 995 234 1062 tellexit,
255 1009 313 1050 non
327 993 363 1048 de
376 993 495 1049 carnali.
511 995 544 1051 Si
557 1010 621 1063 erpo
632 995 708 1050 oide-

115 1071 192 1131 m'tis,
219 1065 325 1137 inquit,
359 1063 452 1120 oculis
480 1065 573 1121 cordis
603 1068 708 1122 Filium

115 1141 235 1196 homirds
261 1137 450 1193 ascendentem
474 1138 524 1192 ubi
546 1143 607 1192 eret
625 1141 707 1208 prius

115 1226 201 1283 quam
230 1214 391 1266 assumeret
414 1224 541 1275 carnem,
569 1213 646 1265 certe
663 1209 705 1266 vel

114 1279 707 1362 tuncintelligeretis,quiagratiaejusnon

114 1354 292 1411 consumitur
317 1350 469 1421 morsibus,
496 1357 525 1408 et
554 1368 621 1423 quia
648 1369 706 1409 non

114 1442 150 1483 eo
164 1426 261 1492 modo,
276 1439 331 1494 quo
347 1423 463 1494 putatis,
479 1429 578 1495 erogat
598 1425 707 1495 Corpus

114 1499 214 1555 suuml
234 1494 289 1566 lpsi
315 1494 392 1550 enim
420 1493 620 1551 intellexerant
641 1511 706 1551 oar·

114 1584 191 1631 nem,
209 1564 352 1637 quomodo
362 1564 391 1620 in
401 1566 541 1623 cadavere
552 1566 704 1632 laceratur,

114 1643 164 1697 aut
193 1637 223 1693 in
248 1636 367 1693 macello
382 1637 533 1706 venditum
565 1654 620 1694 non
638 1653 707 1709 qno-

114 1710 202 1768 modo
217 1708 320 1780 spiritu
333 1713 490 1779 vegetatur.
507 1709 559 1767 Ubi
572 1711 705 1778 Augusti·

112 1798 183 1839 aus:
195 1803 211 1833 a
223 1780 309 1837 Filius
321 1779 444 1837 bominis
454 1780 583 1840 Christus
597 1798 630 1838 ex
645 1781 707 1838 Vir·

114 1854 182 1927 gine
202 1854 291 1909 illaria
310 1854 356 1908 hic
374 1869 434 1910 esse
454 1853 541 1927 coepit
560 1871 588 1910 in
610 1860 702 1923 terra;

115 1926 166 1984 nbi
180 1940 296 1983 carnem
310 1924 465 1997 assumpsit
481 1932 616 1983 exterra.
630 1926 704 1992 Quid

113 1996 704 2127 certissimarum

398 2110 403 2121 '
624 2113 632 2139 i

117 2140 347 2213 erotpriustnisi
363 2147 394 2196 ut
405 2140 602 2211 intelligamus
617 2158 702 2198 unam

114 2227 267 2340 gersonem
299 2227 360 2268 esse
388 2212 532 2269 Christum
559 2216 649 2269 Deum
674 2219 704 2269 et

136 2284 273 2350 ominem,
296 2298 354 2337 non
374 2283 455 2350 duas,
471 2300 507 2339 ne
522 2284 594 2340 tides
604 2290 703 2341 nostra

114 2370 173 2412 non
189 2354 225 2411 sit
238 2352 371 2421 Trinitas,
385 2355 435 2410 sed
449 2354 635 2425 quaternitas.
656 2354 702 2412 Sic

114 2442 183 2499 ergo
205 2431 267 2484 erat
289 2426 376 2482 Filius
411 2425 536 2482 bominis
561 2426 589 2484 in
618 2427 701 2497 coelo,

114 2498 356 2571 quemadmodum
384 2495 471 2554 Filius
503 2498 554 2555 Uei
581 2504 646 2555 erat
672 2500 701 2555 in

112 2575 193 2630 terra
206 2571 238 2627 in
250 2575 381 2643 suscepta
397 2586 495 2640 carne,
511 2570 598 2627 Filius
612 2570 703 2628 homi·

112 2643 159 2700 nis
189 2642 220 2699 in
245 2643 318 2699 ccelo
344 2643 373 2698 in
393 2642 503 2699 unitate
529 2659 700 2714 personae.»

112 2716 194 2772 Unde
208 2718 236 2770 et
253 2715 440 2785 Theophilus:
456 2733 471 2767 a
487 2716 627 2787 Nouergo
638 2731 702 2786 pro-

111 2790 176 2857 pter
197 2786 251 2841 hoc
263 2791 355 2856 putes,
370 2785 446 2855 quod
461 2787 497 2842 de
511 2787 584 2843 coelo
596 2802 702 2857 corpus

113 2855 218 2914 Christi
243 2854 438 2923 descenderit3
459 2856 512 2912 sed
541 2859 609 2928 quia
627 2874 701 2914 unus

113 2934 143 2985 et
153 2927 228 2983 idem
244 2932 306 2982 crat
319 2926 407 2982 Filius
419 2926 469 2983 liei
489 2935 518 2984 et
533 2926 667 2984 bominis.
684 2948 700 2981 s

113 3000 223 3056 Deinde
238 2997 306 3054 dicit
323 2999 468 3069 :Spiritus
482 3003 524 3054 est
542 3001 593 3070 qui
606 3002 699 3070 uiuip-

112 3077 168 3141 eot,
182 3070 267 3127 idest
289 3069 378 3126 verba
391 3071 548 3128 secundum
562 3070 699 3139 spiritua·

111 3141 169 3200 lem
195 3158 311 3199 sensum
337 3140 483 3199 intellecta
510 3142 655 3199 vivificant
670 3148 699 3200 et

110 3213 199 3272 sitam
219 3215 302 3283 dant;
320 3230 385 3270 coro
405 3218 503 3271 autem
517 3231 573 3271 non
586 3215 699 3287 prodest

111 3288 267 3415 guidpuom
281 3287 341 3342 sine
359 3284 473 3357 spiritu,
493 3285 522 3343 id
536 3291 580 3343 est
593 3302 697 3345 secun-

131 3375 179 3416 um
194 3358 339 3415 carnalem
352 3374 469 3415 sensum
490 3357 636 3415 intellecta
652 3358 697 3414 ni·

109 3429 151 3488 hil
168 3432 336 3503 pmderunt,
361 3429 420 3487 imo
443 3432 596 3488 nocebunt.
619 3431 698 3488 Sicut

109 3505 227 3558 amentia
250 3504 313 3559 sine
337 3505 456 3560 caritate
473 3506 564 3573 inflet,
581 3502 631 3559 sed
646 3519 700 3575 per

109 3576 257 3630 caritatem
282 3573 419 3641 aedificat;
448 3574 489 3631 ita
515 3576 609 3641 umba,
637 3591 699 3646 qua

109 3658 158 3712 spo
180 3646 285 3701 temtus
299 3660 360 3700 sum
383 3645 471 3714 uobis,
487 3645 524 3701 ad
544 3646 696 3703 utilitatem

107 3720 243 3782 nestram,
258 3714 294 3770 de
308 3717 432 3787 Corpore
443 3733 507 3772 meo
522 3717 697 3774 manducan-

107 3785 155 3856 do,
171 3790 199 3841 et
213 3786 248 3842 de
267 3786 411 3857 Sanguine
427 3787 559 3851 bibendo,
578 3791 697 3858 spiritus

107 3863 135 3914 et
148 3860 207 3913 otta
221 3862 295 3926 sunt,
303 3856 332 3913 id
345 3861 388 3913 est
398 3857 577 3929 spiritualem
589 3859 696 3915 habent

104 3928 293 3993 intellectum,
305 3933 334 3985 et
346 3927 533 4000 spiritualiter
542 3936 571 3987 et
584 3945 643 3986 non
658 3931 693 3987 ad

103 4000 230 4059 litteram
248 3999 434 4075 intelligenda
453 4006 528 4069 sunt,
548 4001 635 4060 etsie
655 4003 696 4058 ri·

102 4073 228 4131 rideant.
242 4076 350 4131 littere
360 4075 433 4129 mim
444 4073 560 4141 oceidtt3
574 4076 694 4146 spiritus

102 4152 195 4202 autem
218 4149 344 4216 otoipeut
371 4164 382 4201 .·
408 4160 476 4201 narn
505 4146 577 4201 sicut
608 4146 692 4217 palea

101 4215 290 4288 humentum;
309 4220 349 4275 sic
363 4221 392 4275 et
408 4216 504 4273 littera
518 4215 590 4288 tegit
604 4217 691 4288 spiri·

99 4292 171 4343 turn.
202 4288 273 4346 ilinc
302 4291 380 4347 enim
408 4289 499 4347 voluit
527 4288 688 4363 intelligere

97 4359 318 4420 manducatores
333 4365 365 4421 et
379 4366 527 4435 potatores
545 4363 641 4420 carnis
658 4366 690 4420 et
747 4378 815 4424 mm

802 636 954 692 5anvrna
978 632 1062 687 Parni
1079 647 1238 688 nesrousro.
1260 662 1295 674 —
1312 634 1363 691 En

766 709 928 763 iterantem
955 706 1039 759 multi
1060 703 1261 775 discipulorum
1278 704 1355 776 eius,

766 778 795 835 in
817 778 947 836 doctrina
964 774 1053 847 ipsius
1074 790 1132 831 non
1186 776 1358 848 riectornm,

766 850 814 922 qui
827 850 863 906 ad
873 846 1047 906 audiendum
1060 846 1122 917 ejus
1156 847 1300 904 octrinam
1312 850 1361 906 Je-

766 938 828 979 sum
848 924 999 992 sequentes
1025 918 1207 989 videbantur,
1230 918 1358 979 sednon

765 999 848 1051 erant
862 1009 929 1050 vore
950 989 1093 1062 discipuli,
1106 992 1235 1046 obierunt
1248 997 1357 1048 retror-

765 1083 836 1131 sum,
849 1071 935 1137 atque
948 1068 1184 1131 retrocesserunt,
1194 1064 1289 1132 etjam
1301 1080 1361 1123 non

766 1155 826 1194 cum
852 1139 901 1194 illo
924 1135 1105 1191 ambulabant
1129 1135 1290 1204 credentes,
1311 1136 1359 1194 ve'l

766 1226 817 1280 per
848 1208 1048 1281 poenitentiam
1078 1207 1243 1263 redeuntes.
1271 1210 1358 1265 nisu

765 1296 829 1351 ergo
842 1284 921 1339 desua
935 1280 973 1335 od
993 1278 1135 1334 duodecim
1147 1295 1156 1331 ε
1170 1280 1319 1349 Numquid
1332 1284 1361 1338 u

765 1370 813 1410 uos
825 1369 897 1424 quos
911 1350 1071 1424 specialiter
1090 1348 1174 1423 elegi,
1190 1352 1277 1406 cultis
1292 1352 1357 1407 obi-

764 1429 816 1481 re?
831 1427 893 1482 Non
909 1423 980 1496 petit
994 1421 1075 1494 quasi
1093 1420 1240 1503 ignorans,
1258 1422 1312 1480 sed
1324 1428 1357 1481 ut

765 1497 899 1553 ostendat
924 1511 954 1552 se
980 1494 1022 1551 eis
1044 1510 1101 1550 non
1124 1492 1266 1565 indigere,
1287 1494 1358 1567 quia

764 1569 845 1697 ροὲιίῑ
858 1568 889 1624 in
904 1582 1004 1696 difusa}
1019 1565 1295 1709 ‘’pfl‘'ffitcafsmifms
1309 1582 1359 1696 rei

764 1657 796 1697 ce
818 1656 876 1696 ere.
985 1654 1059 1694 rmon
1144 1654 1159 1692 r
1242 1654 1270 1694 ur
1296 1654 1347 1696 era

763 1709 960 1784 principalior,
983 1714 1012 1767 et
1033 1708 1172 1766 obediens
1190 1725 1224 1765 ac
1252 1710 1356 1769 firmus

763 1784 836 1842 sicut
856 1788 947 1855 petra,
968 1785 997 1838 et
1022 1780 1053 1837 in
1072 1780 1207 1837 omnihus
1229 1781 1355 1841 maxims

762 1855 798 1912 ad
822 1858 929 1912 interro
969 1853 1056 1910 ndum
1082 1851 1246 1918 Dominum,
1267 1855 1354 1927 eique

763 1927 924 1999 responden
949 1940 995 1981 um
1019 1931 1175 1997 promptus,
1192 1940 1226 1981 ex
1240 1925 1354 1984 terrore

762 1998 900 2068 caritatis,
918 2014 968 2069 pro
981 2012 1013 2053 se
1026 2001 1055 2053 et
1070 1995 1133 2053 aliis
1146 1997 1293 2068 respoudit
1306 2000 1332 2054 et
1346 2014 1355 2054 τ

761 2074 885 2140 Domine,
900 2069 929 2126 in
946 2070 1025 2141 anus
1042 2068 1153 2124 ditione
1165 2075 1269 2125 cuncta
1286 2073 1354 2127 sunt

762 2147 864 2215 posita,
880 2142 918 2197 ed
932 2157 1012 2212 quem
1025 2139 1226 2211 ibimustquia
1237 2157 1297 2197 non
1309 2146 1354 2199 est

762 2214 817 2271 dux
831 2214 960 2271 veritatis
979 2212 1034 2268 nisi
1054 2216 1095 2269 tu.
1116 2212 1204 2280 Quasi
1220 2212 1351 2270 diceret:

762 2286 889 2342 Similem
908 2283 951 2340 tui
965 2283 1095 2340 invenire
1108 2299 1167 2339 non
1180 2299 1349 2355 possumus3

761 2363 791 2413 tu
809 2357 887 2414 solus
904 2355 1012 2412 sulficis
1025 2353 1119 2419 nobis,
1134 2360 1253 2427 propter
1265 2368 1351 2428 quem

761 2431 858 2485 omnia
883 2426 1072 2499 reliquimus3
1099 2430 1128 2484 et
1154 2442 1219 2483 cum
1236 2444 1297 2485 non
1315 2426 1352 2485 sit

761 2500 860 2557 similis
878 2498 943 2568 tibi,
971 2515 1028 2555 non
1051 2503 1096 2555 est
1115 2504 1185 2569 ate,
1202 2499 1255 2556 sed
1271 2499 1310 2557 ad
1323 2502 1351 2557 ta

762 2573 897 2631 eundum.
913 2571 993 2628 Unde
1007 2571 1206 2639 Augustinus:
1223 2589 1238 2624 a
1254 2570 1352 2628 Sinos

761 2645 877 2717 repellis
900 2658 918 2700 a
942 2649 981 2712 te,
1007 2641 1145 2700 danobis
1166 2641 1291 2699 alterum
1310 2648 1348 2715 te,

761 2733 846 2788 quem
869 2729 1033 2787 sequamur.
1060 2716 1092 2770 ln
1123 2712 1202 2770 Petri
1231 2730 1369 2788 respon·.

761 2788 841 2844 sione
854 2786 1022 2858 exprimitur
1043 2784 1167 2842 maxima
1182 2785 1299 2844 dilectio
1312 2784 1351 2845 ad

760 2859 914 2917 Christum.
932 2879 948 2909 »
964 2857 1044 2914 Unde
1059 2862 1088 2914 et
1109 2858 1345 2929 chrysostomus:

761 2952 777 2983 e
797 2934 907 2998 Petrus,
924 2930 1045 2986 tratrum
1062 2934 1196 2999 amator,
1212 2928 1349 2988 amicitie

746 3006 954 3072 conservator,
965 3016 1018 3072 pro
1030 3005 1090 3058 toto
1101 3002 1257 3074 respondet
1266 3001 1349 3060 colle·

757 3072 805 3145 gio
816 3092 825 3129 ε
835 3076 957 3142 Domine,
968 3073 1006 3128 ad
1015 3089 1096 3143 quma
1104 3074 1294 3131 ibimus?lioc
1302 3088 1349 3131 an·

756 3151 815 3202 tem
828 3145 948 3202 verbum
958 3144 1055 3201 multae
1065 3144 1247 3202 amicitiaeest
1256 3148 1348 3203 osten·

756 3219 861 3286 sivum;
870 3217 931 3289 jam
944 3215 1020 3273 enim
1030 3216 1160 3274 Christus
1168 3217 1210 3274 eis
1219 3218 1346 3275 bonora-

758 3290 843 3346 bilior
865 3296 928 3345 erat
941 3303 1027 3360 quam
1044 3294 1139 3361 patres
1152 3294 1181 3346 et
1202 3294 1347 3346 matres.»

757 3362 792 3417 Et
807 3361 926 3418 subdit:
947 3360 1039 3418 Verbo
1063 3363 1128 3417 uitae
1159 3365 1269 3419 aeterrtae
1301 3362 1347 3418 ha·

758 3434 813 3503 bes,
823 3433 851 3489 id
859 3436 903 3490 est
912 3433 999 3489 verba
1007 3431 1346 3504 vitaeaeternaepromissi·

756 3510 835 3575 ra,et
845 3504 953 3561 adeam
962 3502 1346 3577 inductiva,quibusquinon

756 3576 920 3645 crediderit,
928 3575 958 3631 in
974 3581 1113 3632 aeternum
1125 3574 1240 3649 peribit.
1252 3574 1307 3643 Qiri
1315 3574 1347 3633 iu

757 3647 967 3704 ministratione
981 3646 1115 3719 Corporis
1138 3651 1168 3704 et
1193 3645 1345 3719 Sanguinis

757 3719 798 3774 tui
815 3718 958 3790 promittis
970 3718 1069 3790 vitam,
1085 3716 1172 3776 etiam
1196 3717 1225 3775 in
1249 3717 1343 3776 verbis

755 3789 1031 3861 praedicationistuae
1035 3789 1183 3875 promittis
1193 3791 1345 3848 eamtrir·

754 3868 801 3918 tus
815 3863 893 3918 enim
910 3862 962 3918 Dei
975 3868 1021 3919 est
1033 3878 1065 3919 m
1078 3860 1244 3945 Evangelio.
1261 3862 1342 3935 Μοι-

754 3948 801 3989 ses
811 3932 912 3989 habuit
930 3934 1018 3992 rerba
1032 3933 1092 4003 Dei,
1111 3933 1245 3990 similiter
1256 3933 1345 3992 habn-

752 4009 837 4062 emnt
863 4010 891 4061 et
915 4006 1077 4078 Propheta,
1094 4006 1145 4063 sed
1170 4020 1238 4062 raro
1255 4003 1344 4063 verm

752 4077 818 4133 vita
827 4079 1080 4145 aeternae3turero
1114 4075 1239 4134 remittis
1251 4076 1340 4134 sitam

751 4155 899 4204 aeternam.
912 4148 985 4217 Quid
995 4165 1063 4221 ergo
1075 4093 1154 4232 aliud
1165 4149 1260 4232 majus
1268 4162 1345 4231 quar·

750 4221 1343 4350 abttt³ltltlttuatlttt¹tt3

900 4362 1268 4424 'turzlitaossndidtmus
1280 4351 1346 4427 eorl
