2880 4942
172 318 216 370 leb
542 306 657 362 retain
684 306 801 362 elutis
829 306 941 363 ultor
968 304 1040 360 lxx

168 438 234 479 rum
254 419 417 492 pectoribus
435 416 521 485 inest,
541 416 650 472 cunctis
669 414 763 471 omni·
815 411 1007 481 catumenim,
1023 410 1300 494 neminearguente,
1315 413 1408 473 homi·

170 510 208 551 no
218 494 301 549 rebus
310 492 470 563 fragiliores
481 489 557 545 lacit.
571 509 581 537 e
594 489 627 542 Et
638 489 761 543 iterum:
815 502 880 543 nem
894 485 987 556 prodit
999 500 1136 566 ,nemine
1155 491 1321 567 accusante,
1338 502 1408 544 con·

173 587 188 617 a
213 567 381 620 Peccatores
406 560 528 617 scientes
552 567 579 614 et
604 560 763 614 nescientes
815 559 947 625 demnat;
964 557 1131 612 ettrmrdum
1141 562 1169 612 et
1183 572 1300 628 pigrum
1314 559 1409 616 reddit

170 630 763 715 quemquestrepitumpeptimescunt:pec·
815 629 1029 701 delinquentem
1047 645 1054 684 :
1075 630 1167 685 nhaec
1184 631 1405 699 chrysostomus.

723 821 853 879 ORATIO

206 987 324 1043 [romine
338 987 407 1042 lesu
426 985 537 1041 Christe
557 983 785 1051 clementissime,
806 982 923 1053 dignare
947 983 977 1038 in
1006 981 1165 1040 naviculam
1190 984 1319 1053 pectoris
1351 987 1406 1044 mei

168 1059 333 1127 ascendere,
359 1064 388 1113 et
417 1055 558 1129 superbiae
586 1054 795 1125 ventositatem,
826 1070 859 1110 ac
879 1055 1011 1110 vitiorum
1033 1054 1242 1127 insurgentium
1269 1056 1407 1127 procellas

168 1131 280 1197 sedare,
298 1146 332 1185 ue
349 1145 394 1185 mc
410 1128 439 1185 in
457 1130 554 1198 aliquo
571 1128 762 1183 tentationum
778 1133 878 1181 ventus
894 1126 1049 1195 subvertat,
1066 1127 1110 1182 rel
1130 1128 1206 1183 uuila
1226 1129 1408 1200 submergat.

170 1204 211 1259 Da
226 1202 295 1258 mibi
308 1204 335 1258 in
351 1200 567 1272 perturbatione
584 1198 746 1265 consilium,
762 1199 790 1253 in
803 1196 1001 1280 persecutione
1015 1199 1163 1266 auxilium,
1180 1200 1209 1253 in
1221 1200 1407 1258 tribulatione

169 1275 314 1335 solatium,
334 1274 363 1328 in
387 1272 558 1329 adversitate
582 1272 789 1339 tortitudinem,
805 1286 835 1326 ln
850 1269 928 1325 omui
953 1270 1108 1327 tentatione
1130 1272 1278 1327 virtutem.
1304 1271 1407 1329 Libera

168 1360 215 1401 me
230 1362 247 1400 a
262 1345 478 1414 tempestatibus
503 1344 588 1415 buJ'us
609 1340 756 1414 procellosi
772 1342 870 1409 maris,
887 1346 916 1398 et
931 1343 1036 1412 perduc
1051 1358 1098 1398 me
1114 1342 1150 1397 ad
1165 1340 1407 1413 tranquillitatem

170 1417 259 1488 quieti
274 1418 388 1484 littoris,
405 1417 477 1473 dans
493 1416 564 1471 mibi
577 1430 654 1470 nune
673 1429 771 1486 pacem
787 1412 922 1485 temporis
937 1421 965 1469 et
980 1416 1114 1486 pectoris,
1132 1418 1160 1470 et
1175 1415 1311 1485 posthoc
1325 1421 1407 1472 reter-

165 1487 272 1544 nitatis.
287 1489 387 1543 Amen.
998 1498 1007 1511 ·

650 1812 787 1887 CAPUT
819 1816 912 1887 lxx

298 2000 337 2045 DE
354 2000 457 2048 veneis
472 1998 588 2060 neuim,
611 1999 744 2048 PROPTER
766 2000 834 2053 QUAE
855 2000 971 2053 QUIDAM
985 1999 1081 2048 RETRO
1098 2001 1262 2048 solentne.

653 2154 771 2212 Joannis
785 2169 847 2226 cap.
859 2156 906 2212 Vl.

203 2354 213 2388 1
232 2332 404 2399 Qennennus
417 2350 466 2388 nsr
478 2335 561 2390 Jesrs
579 2349 702 2389 rnoersn
718 2351 758 2389 ss.
813 2338 930 2406 propter
943 2349 999 2403 me,
1012 2332 1062 2389 sed
1078 2334 1399 2408 propterrcicctionem,

163 2434 198 2446 -
227 2404 383 2474 Postquam
416 2420 483 2476 ergo
517 2405 655 2461 [lominus
679 2407 760 2461 Jcsus
812 2405 1400 2478 neprovictuoporteatvoslaborare,et

162 2476 376 2533 transfretasset
395 2477 761 2546 cumdiscipulisadeser-
811 2476 917 2533 habere
948 2477 1180 2535 sollicitudinem.
1207 2477 1295 2546 Quasi
1324 2479 1399 2537 dice·

162 2552 193 2604 to
209 2564 301 2619 usque
323 2549 359 2604 ael
385 2549 574 2617 Genezareth,
595 2550 683 2604 altero
703 2549 758 2613 die,

163 2621 267 2688 turbae,
282 2637 352 2691 quas
364 2626 494 2693 paverat,
507 2637 563 2677 non
581 2620 759 2677 invenientes

162 2707 228 2749 eum
244 2692 273 2747 iu
289 2694 353 2748 loco
371 2693 419 2748 ubi
435 2693 488 2748 hoc
505 2695 621 2762 lecerat,
639 2693 760 2748 intrare-

162 2770 234 2818 ruut
250 2779 338 2820 riores
360 2763 597 2833 supervenientes
613 2780 630 2819 a
646 2763 758 2820 civitate

162 2833 323 2902 Tiberiade,
346 2848 411 2905 quae
437 2840 479 2889 est
504 2835 587 2905 jersia
608 2835 683 2890 idem
714 2836 760 2891 ele-

161 2911 287 2971 sertum,
316 2908 346 2959 et
370 2904 590 2961 transtretantes
626 2911 759 2961 reuocent

163 2974 371 3045 Goprbornoam,
407 2981 558 3046 quarentes
588 2979 688 3034 lesum.
710 2980 757 3047 Et,

162 3062 223 3103 oum
237 3049 407 3103 incepissent
424 3064 485 3102 cum
498 3053 576 3103 troas
589 3049 760 3104 moremira·

162 3118 269 3175 bantur
288 3120 432 3191 quomodo
451 3118 520 3176 illuc
539 3120 673 3190 venisset,
692 3136 757 3176 cunr

161 3190 251 3247 solani
293 3191 455 3247 naviculam
494 3190 641 3261 vidissent,
671 3208 757 3263 quam

163 3277 227 3320 cum
242 3263 390 3334 discipulis
409 3279 467 3319 non
484 3264 655 3332 intraverat;
675 3269 703 3320 et
716 3265 758 3319 di-

160 3340 262 3392 aro-oar
274 3337 300 3390 ei
311 3354 319 3391 :
330 3336 432 3401 Robbi,
443 3337 555 3406 quondo
568 3338 621 3392 buc
632 3339 733 3392 cepisti
743 3339 757 3391 ?

162 3408 211 3480 qui
239 3406 345 3463 scilicet
374 3423 427 3464 nec
457 3408 671 3480 discipulorum,
703 3424 756 3464 nec

161 3478 248 3535 aliam
272 3494 374 3535 navem
400 3480 538 3536 intrasti‘t
552 3480 702 3552 Respondit
717 3483 756 3536 eis

161 3551 251 3613 lesus,
279 3566 338 3605 non
366 3550 403 3606 ad
430 3553 618 3622 questionem
643 3568 755 3621 corum,

158 3620 207 3675 sed
228 3621 263 3675 ael
281 3619 470 3679 intentionem
491 3624 605 3680 :Amen
622 3624 684 3679 dico
710 3640 757 3679 eo·

161 3689 213 3751 bis,
225 3690 291 3746 lieet
303 3708 352 3746 vos
362 3696 443 3762 quasi
456 3695 573 3751 devotos
587 3694 755 3763 ostendatis,

159 3764 256 3816 tanton
279 3766 406 3831 quaeritis
423 3771 451 3820 et
466 3767 620 3836 sequimini
635 3782 687 3830 me,
701 3765 756 3822 sci-

159 3830 228 3887 licet
240 3832 329 3903 aliqui
346 3850 380 3889 ex
392 3836 485 3904 vobis,
501 3838 554 3892 etsi
568 3852 625 3893 non
643 3852 754 3908 omncs,

157 3919 214 3960 non
240 3907 310 3974 quia
336 3906 452 3961 vidistis
475 3911 558 3976 siqua
582 3906 685 3978 quibus
709 3923 755 3964 nro

158 3990 328 4047 cognoscere
343 3976 488 4048 potuistis,
502 3995 557 4035 non
568 3984 685 4052 propter
694 3996 754 4036 ser·

155 4062 272 4105 monem
299 4064 384 4119 quem
403 4048 533 4121 audistis,
548 4068 607 4107 non
632 4057 663 4108 ut
683 4052 754 4108 milri

156 4120 200 4176 rel
228 4118 317 4191 siguis
341 4119 425 4189 meis,
442 4137 506 4193 quae
534 4121 608 4179 lacio
638 4123 753 4181 credero

154 4192 262 4262 velitis,
281 4193 339 4262 sed,
361 4195 430 4264 quia
449 4195 641 4251 manducastis
655 4211 690 4251 ea
699 4212 753 4267 po-

158 4264 242 4322 ribos
265 4270 292 4324 et
314 4268 438 4324 saturati
461 4269 528 4324 estis
533 4284 543 4342 3
560 4269 614 4325 hoc
629 4272 682 4342 est,
695 4283 754 4325 non

811 2554 877 2605 ret:
899 2550 1019 2619 Propter
1045 2565 1161 2607 carnem
1188 2566 1235 2606 me
1260 2550 1400 2622 queritis,

810 2636 869 2676 non
893 2628 1010 2692 propter
1039 2620 1270 2693 spiritun1,qula
1296 2622 1401 2680 scilieet

809 2698 842 2748 ut
862 2694 962 2748 ilerum
982 2691 1167 2761 saturemiui;
1187 2693 1238 2749 sed
1258 2693 1400 2751 deberetis

810 2780 871 2819 esse
887 2762 978 2833 masis
989 2763 1100 2819 solliciti
1120 2766 1154 2819 de
1169 2764 1233 2822 elbo
1247 2763 1399 2838 spirituali,

809 2850 865 2905 quo
888 2837 985 2891 anima
1009 2842 1185 2892 sustentatur
1205 2853 1213 2892 ι
1234 2839 1304 2908 quia
1321 2842 1400 2895 tanto

809 2905 966 2963 meliorest
981 2907 1043 2963 cibo
1059 2908 1211 2978 corporali,
1225 2924 1283 2979 quo
1299 2922 1400 2980 corpus

808 2978 948 3048 relicitur,
972 2985 1078 3049 quanto
1096 2981 1193 3035 anima
1215 2978 1321 3037 melior
1338 2994 1399 3037 esse

809 3064 928 3119 corpore
941 3051 1128 3121 dignoscitur.
1141 3052 1299 3108 Considera
1315 3052 1399 3109 modo

808 3125 923 3191 quantae
943 3121 1089 3178 suavitatis
1103 3122 1219 3178 suerunt
1241 3140 1331 3194 panes
1346 3122 1398 3194 illi,

808 3191 938 3319 gerannus
966 3194 1128 3263 hordeacei,
1154 3210 1277 3265 quorum
1302 3195 1399 3252 dulce·

829 3263 874 3319 ine
894 3266 950 3321 illae
968 3267 1057 3322 turbae
1079 3271 1168 3337 captae
1191 3266 1288 3323 adhuc
1306 3263 1398 3324 Domi·

808 3352 875 3392 nour
890 3338 1093 3409 sequebantur,
1108 3343 1166 3393 tam
1181 3336 1324 3395 sollicitae.
1341 3338 1398 3396 lter

807 3408 923 3475 mirum,
951 3408 1016 3480 quia
1036 3408 1131 3466 suavis
1160 3412 1188 3465 et
1217 3408 1311 3466 dulcis
1337 3413 1398 3467 crat

805 3479 937 3553 provisor
952 3485 979 3536 ct
1001 3480 1179 3553 dispensator
1204 3496 1314 3552 panum
1332 3478 1396 3537 illo-

808 3568 883 3608 rum.
903 3551 1040 3609 Similiter
1065 3551 1192 3624 quotidie
1218 3554 1301 3609 multi
1321 3566 1398 3625 que·

806 3629 873 3679 runt
886 3626 994 3685 lesum.
1010 3640 1069 3680 non
1086 3630 1203 3697 propter
1216 3626 1335 3693 ,lesum3
1346 3620 1397 3681 sed

806 3702 837 3751 ut
848 3695 920 3751 bene
933 3697 969 3750 sit
980 3696 1061 3752 eisin
1073 3696 1128 3752 hoc
1142 3702 1270 3767 tempore
1287 3701 1316 3753 et
1327 3710 1397 3769 prte-

806 3767 879 3821 senti
895 3768 968 3836 vita,
990 3771 1021 3823 ut
1037 3773 1228 3839 assequantur
1247 3764 1397 3825 commode

805 3842 834 3892 et
855 3837 946 3894 silent
967 3839 1081 3898 danrna.
1099 3839 1177 3897 blulti
1202 3837 1291 3896 etiam
1304 3836 1395 3897 conii·

806 3910 884 3966 ciunt
899 3912 1008 3981 lesum,
1020 3928 1077 3969 non
1095 3918 1211 3993 proptor
1223 3908 1394 3979 lesum;sed

806 3986 921 4053 propter
945 3999 1106 4040 nummum.
1123 3985 1174 4040 llic
1192 3982 1277 4040 laetus
1298 3982 1394 4041 obviat

807 4053 978 4111 intrantibus
1003 4056 1181 4127 religionem,
1197 4062 1226 4111 et
1248 4068 1393 4135 assumen-

807 4124 881 4179 tibus
908 4125 1076 4184 clericatum
1104 4144 1137 4184 ex
1163 4126 1289 4198 ignaria,
1304 4130 1337 4182 ut
1352 4138 1392 4182 sac

806 4196 897 4253 otiose
912 4203 940 4253 ct
953 4199 1014 4256 sine
1037 4199 1136 4256 labore
1151 4214 1256 4269 panem
1276 4196 1393 4254 mandu-

807 4275 882 4326 cent.
900 4270 1008 4339 Quibus
1024 4269 1065 4329 ait
1082 4269 1244 4329 Dominus:
1261 4269 1392 4339 Quaeritis
