2880 4942
105 349 152 404 I'I6
459 344 567 397 inlitis
594 343 712 398 ratris
738 344 844 399 citur
871 342 984 398 LXVIII

109 452 254 528 Evangelii
277 451 415 511 DomInus
428 449 497 508 dicit
512 467 519 507 :
537 453 596 520 Va,
611 450 640 508 id
654 456 699 510 est
748 457 926 526 promovent,
940 457 989 509 aut
1003 451 1124 510 inritatu
1138 469 1193 511 suo
1206 455 1343 514 loventot

111 534 218 586 aeterua
236 523 391 593 damnatio,
411 524 498 592 cobis,
518 521 623 579 scilicet
641 524 697 580 im·
749 525 915 593 detendunt,
928 522 1053 607 graviter
1066 526 1161 582 Deum
1175 526 1342 599 ollendunt;

112 600 212 667 minet,
225 601 275 680 qut
287 598 408 665 diliqitis
421 598 527 666 primus
540 595 696 653 cathedras.
748 602 822 653 etse
841 595 992 669 participes
1008 611 1071 652 eum
1088 611 1124 652 eo
1146 596 1178 653 in
1198 601 1288 672 eulpa
1305 601 1343 659 la-

111 673 174 729 llon
188 670 265 737 dicit,
281 667 329 739 qui
346 667 468 735 babetis;
489 667 550 735 sed,
570 665 618 738 qui
633 666 697 724 dili·
748 666 836 724 ciunt.
862 667 940 724 Unde
965 666 1124 724 timendum
1151 673 1198 726 est
1226 687 1344 730 consen·

111 742 188 815 gitis,
200 756 256 796 non
268 754 391 821 arguens
404 754 454 794 eos
464 737 512 809 qui
522 737 567 794 his
579 743 698 796 utuntur
749 738 885 797 tientibus
908 737 1070 807 ambitioso,
1094 755 1132 796 ne
1154 742 1266 800 cadant
1285 759 1343 802 cuin

111 829 143 871 eir
158 810 243 867 officii
255 811 365 879 ordine,
379 811 428 866 sed
439 826 489 866 eos
500 810 546 882 qui
557 810 619 866 haec
629 812 695 868 dum
748 827 798 880 eo;
814 811 889 868 sicut
903 809 1115 867 consentientes
1129 812 1268 871 Lucifero
1280 814 1343 873 coci-

111 884 219 941 habent
237 889 344 950 amant,
364 882 407 938 vel
427 882 495 938 dum
515 898 570 939 non
590 883 697 939 habent
749 882 851 939 derunt
863 899 927 939 cum
942 881 1001 939 illo.
1016 884 1073 939 Ista
1085 882 1249 943 maledicta
1262 887 1343 958 pestis

108 957 257 1024 allectant3
274 954 348 1026 quod
366 954 494 1027 procedit
512 970 545 1011 eir
561 954 695 1012 ambitio·
748 953 912 1011 ambitionis
936 959 1025 1010 totam
1052 952 1147 1011 inlicit
1173 957 1342 1029 religionem

108 1044 155 1084 ne.
173 1030 219 1085 Vae
233 1026 337 1099 quippe
349 1026 376 1081 in
393 1025 537 1098 Scriptura
551 1042 633 1083 sacra
646 1040 696 1084 no·
748 1025 1015 1094 Christianitatis,et
1024 1026 1197 1084 scandalum
1206 1029 1262 1086 toti
1272 1046 1343 1087 mun-

108 1104 150 1156 tat
164 1104 300 1156 aeternam
317 1098 527 1155 damnationem
543 1103 572 1154 et
587 1100 694 1168 gelien-
748 1099 785 1155 do
796 1097 928 1180 parturit,
939 1113 997 1154 non
1011 1097 1102 1154 solum
1116 1099 1145 1154 iii
1157 1100 1286 1169 clericis,
1297 1100 1341 1159 sot

108 1187 153 1228 nai
171 1170 353 1254 supplicium;
374 1170 422 1226 sed
440 1172 491 1225 lieu
507 1170 591 1240 buius
608 1168 694 1226 seculi
748 1175 777 1226 et
796 1187 826 1225 in
845 1168 995 1240 reilgiosis.
1017 1172 1064 1226 Va
1080 1186 1152 1252 ergo
1172 1172 1291 1230 miseris
1308 1172 1340 1231 ad

127 1243 365 1315 eregrinatioiiem
376 1247 403 1299 et
416 1258 541 1314 praesens
554 1241 692 1298 exsilium.
748 1257 819 1313 quos
840 1241 1059 1310 pharisaerum,
1077 1242 1186 1312 quibus
1208 1244 1340 1302 Dominus

106 1259 188 1372 finde
203 1317 430 1385 chrysostomus:
447 1337 457 1362 ι
475 1316 540 1369 llaec
555 1313 642 1369 dictio
654 1329 695 1369 uae
748 1330 788 1368 uae
813 1312 1033 1383 imprecabatur,
1057 1311 1127 1370 iiiia
1152 1316 1337 1373 transierunt.

107 1402 220 1458 semper
242 1386 272 1441 in
291 1384 442 1457 scripturis
465 1383 569 1440 dicitur
592 1386 627 1441 de
650 1383 695 1440 bis
748 1384 802 1452 Qui
818 1401 868 1456 per
882 1386 967 1441 breve
979 1389 1008 1441 et
1022 1386 1166 1441 incertum
1177 1386 1268 1458 hujus
1280 1387 1338 1444 rite

106 1458 154 1530 qui
183 1473 240 1512 noii
265 1461 385 1528 possunt
408 1455 528 1511 evadere
557 1471 574 1511 a
600 1457 693 1511 tuturo
749 1455 1336 1531 suaecnrriculum,quopeccataplangere

106 1527 253 1599 supplicio.
279 1547 292 1578 l)
318 1526 415 1582 Solent
434 1531 528 1581 anterii
551 1526 693 1582 ambitiosi
748 1525 1150 1597 debuerunt,addignitatem,
1161 1531 1336 1588 othonorum

106 1597 303 1655 seexcusando
332 1596 693 1668 nandoqueallegareillud

106 1669 244 1741 Apostoli,
264 1673 293 1725 et
307 1613 401 1724 dicere
418 1684 424 1723 :
440 1669 494 1736 Oui
508 1672 694 1741 episcopatum

106 1742 255 1805 desiderat,
273 1741 369 1796 bonum
385 1756 453 1810 opus
467 1740 615 1797 desiderat.
630 1740 696 1809 Qui-

107 1813 160 1871 bus
174 1810 340 1885 responderi
359 1817 461 1883 potest,
477 1813 553 1884 quod
567 1829 638 1885 opus
652 1817 695 1870 est

106 1887 228 1954 bonum;
254 1885 303 1941 sed
329 1883 491 1941 desiderare
514 1890 557 1942 est
575 1885 693 1942 maium.

106 1957 150 2016 Sic
163 1965 189 2014 et
200 1957 254 2014 dici
269 1961 362 2029 potest
376 1974 383 2011 :
397 1955 445 2028 qui
457 1972 557 2014 aurum
575 1958 693 2026 lucatur,

105 2031 209 2087 bonam
220 2046 281 2086 reni
291 2030 413 2098 iuratur,
427 2028 495 2101 quia
507 2046 608 2086 aurum
619 2031 695 2087 bona

107 2118 153 2158 res
168 2109 221 2169 est,
237 2102 286 2158 sed
306 2100 393 2157 iurari
414 2101 521 2158 malum
541 2107 592 2158 est.
614 2100 693 2158 Unde

104 2174 254 2246 Apostolus
269 2173 361 2245 ipsum
378 2189 460 2245 opus,
480 2180 627 2300 tamquam
642 2173 692 2255 be-

106 2246 540 2313 numetlructuosum,commen
562 2245 693 2312 at;Cbri·

105 2319 165 2370 stus
179 2332 244 2372 vero
255 2314 347 2387 ipsum
359 2316 532 2384 desiderare,
547 2322 691 2386 tamquam

106 2386 212 2442 melum
242 2391 270 2442 et
298 2403 413 2455 narium,
437 2388 617 2445 condemnat.
647 2385 692 2443 Sic

105 2474 173 2530 ergo
190 2463 267 2529 petet
280 2475 313 2515 eii
323 2459 425 2517 Christi
439 2459 533 2516 verbis
548 2464 575 2514 et
590 2457 691 2515 ceteris

105 2530 269 2603 Scripturis‚
290 2533 363 2602 quod
384 2531 553 2588 ambitiosus
572 2547 630 2587 nou
649 2536 693 2587 est

103 2600 132 2658 in
151 2610 224 2660 statu
242 2604 341 2675 gratiae
362 2609 391 2659 et
408 2603 516 2660 salutis.
538 2604 619 2659 Patet
637 2604 691 2659 hoc

103 2674 188 2730 etlam
199 2692 232 2730 eii
241 2675 410 2745 quibusdam
423 2674 581 2731 rationibus
591 2680 619 2730 et
629 2690 693 2730 cau-

103 2744 142 2800 sIs
160 2763 167 2799 :
186 2747 253 2815 quia
272 2745 301 2799 iii
321 2750 361 2800 tot
377 2745 508 2801 humanis
523 2745 689 2814 defectibus,

104 2814 201 2870 nullus
229 2814 401 2885 relinquitur
429 2814 581 2872 ambitioso
611 2816 691 2871 locus

102 2885 300 2951 excusationis,
318 2893 347 2940 et
361 2900 412 2956 per
426 2888 479 2941 lior
493 2900 580 2966 grave
594 2884 619 2941 ei
636 2885 692 2940 im-

103 2954 190 3011 minet
220 2954 376 3027 periculum
406 2954 583 3027 perditionis.
610 2955 691 3013 Multi

103 3025 180 3082 enini
203 3042 254 3099 per
279 3025 473 3084 infirmitatem
492 3025 535 3082 rel
555 3026 690 3098 ignoran-

101 3096 182 3168 tiam,
198 3103 247 3155 aut
261 3096 290 3153 in
306 3103 364 3154 toto
379 3106 428 3155 aut
441 3099 469 3155 iii
481 3104 562 3171 parte
576 3099 611 3156 de
624 3116 689 3173 pec·

102 3170 173 3227 catis
185 3176 368 3239 excusantur;
387 3172 436 3228 sed
452 3170 630 3241 ambitiosus,
646 3171 689 3230 cui

100 3259 225 3315 praesse
241 3245 320 3312 libet,
334 3260 385 3316 per
400 3244 509 3301 nullum
526 3244 628 3300 horum
644 3244 692 3302 de·

100 3316 235 3373 tenditur.
254 3319 314 3373 Non
336 3316 449 3388 quidem
469 3332 520 3389 per
537 3314 689 3373 iiilirmiIa·

99 3392 167 3456 teiii,
182 3388 249 3460 quia
263 3390 396 3446 ducatum
410 3388 506 3461 gregis
519 3387 611 3445 libens
624 3404 687 3445 sus·

100 3461 173 3531 cepit
185 3468 213 3516 ot
224 3461 327 3529 tenuit,
342 3466 369 3517 et
379 3461 443 3518 ideo
455 3467 600 3532 tamquam
614 3459 689 3518 aries

101 3529 687 3604 iiigregolortispraeceterisessedebuit;

99 3616 152 3655 nec
171 3618 222 3671 per
244 3603 447 3672 ignorantiam,
467 3603 533 3674 quia
553 3603 688 3674 magiste-

101 3671 174 3726 rIum
190 3671 309 3727 aliorum
324 3689 469 3730 assumere
482 3680 510 3730 et
522 3679 620 3730 tenere
634 3673 687 3730 sibi

100 3739 216 3813 placuit,
232 3747 260 3796 et
279 3742 343 3798 ideo
362 3743 495 3814 Ignorare
515 3761 573 3800 nori
591 3744 689 3801 debuit

101 3811 149 3884 qui
165 3812 301 3884 magister
312 3828 374 3868 esse
389 3814 487 3870 roluil.
498 3815 594 3871 'lolem
609 3831 688 3886 ergo,

100 3882 207 3940 scilicet
217 3882 410 3952 ambitiosum,
421 3889 449 3940 et
461 3884 617 3941 caecitatem
628 3886 689 3958 ejus

99 3956 182 4012 valde
196 3955 332 4028 plangere
346 3955 501 4025 debemus;
518 3955 585 4027 qula
598 3956 689 4013 hoini-

99 4044 165 4084 neni
183 4029 219 4084 ad
235 4029 282 4084 Ilei
296 4026 449 4099 imaginem
465 4028 580 4098 laetum,
595 4027 688 4101 ipsum

98 4100 267 4166 Luciferum,
290 4104 321 4156 ut
344 4114 440 4171 supra,
459 4115 511 4172 per
528 4099 688 4169 (troparium

102 4170 214 4250 dicitur,
231 4171 336 4228 Imitari
350 4171 488 4228 uidemus.
503 4172 537 4227 Et
551 4172 617 4242 quia
630 4188 689 4229 am·

102 4240 224 4299 biliosus
246 4243 374 4301 intanto
400 4248 529 4300 versatur
551 4243 676 4316 periculo

103 4307 167 4368 idco
191 4313 240 4386 qui
264 4314 387 4373 scienter
410 4315 496 4374 taleni
516 4314 626 4388 eligunt
644 4332 678 4373 re

130 4594 252 4652 A

749 1599 886 1682 aspirare,
909 1599 952 1655 vel
976 1598 1096 1671 probis
1120 1599 1270 1671 laborare,
1291 1618 1335 1659 seu

748 1675 835 1728 etiam
851 1675 971 1740 certare,
985 1671 1036 1726 Dei
1050 1669 1155 1728 timore
1168 1674 1336 1746 postposito,

748 1759 806 1799 non
818 1748 959 1799 metuunt.

784 1820 801 1883 d
817 1817 960 1872 Sucunouir
975 1831 1065 1871 uisuri
1081 1831 1228 1873 uunnsicin
1244 1835 1336 1874 rmus·

748 1903 812 1942 riuir
828 1904 835 1942 z
853 1902 980 1943 incuruo
995 1903 1126 1942 mininis
1144 1905 1230 1946 uinus
1245 1906 1336 1945 nionos

748 1976 917 2014 anscausus·
934 1989 969 1999 -
984 1958 1145 2014 Secundum
1163 1961 1274 2018 malum
1287 1964 1336 2031 est,

748 2030 815 2101 quia
830 2046 905 2103 saepe
920 2029 1050 2086 carnales
1064 2028 1148 2086 amici
1164 2031 1194 2087 iu
1210 2030 1337 2090 benefici·

748 2118 829 2158 orum
844 2101 994 2159 collatione
1006 2100 1070 2158 aliis
1080 2101 1252 2162 melioribus
1264 2110 1292 2161 et
1301 2102 1337 2160 di

747 2174 894 2244 gnioribus
908 2173 1111 2246 praeieruntur3
1131 2190 1259 2247 quornm
1273 2192 1336 2304 Kro-

747 2247 905 2302 motoribus
923 2262 963 2300 ure
982 2245 1175 2302 damnationis
1196 2248 1275 2321 Prop
1294 2252 1336 2305 eta

747 2316 948 2386 commiuatur,
966 2315 1063 2373 dicens
1079 2334 1086 2372 :
1105 2320 1163 2382 Vae,
1184 2323 1240 2389 qui
1252 2321 1334 2391 adip-

747 2392 791 2444 cot
809 2390 876 2445 Sion
898 2391 929 2443 in
947 2389 1149 2458 sanguinibus!
1167 2390 1251 2447 ldulti
1273 2394 1336 2449 sunt

746 2461 832 2527 enini,
851 2458 898 2542 qui
925 2475 976 2531 pro
1001 2459 1157 2517 amicorum
1177 2463 1335 2520 carnalium

745 2538 934 2603 promotione,
951 2536 979 2587 et
995 2547 1097 2603 corpus
1111 2537 1140 2588 et
1154 2533 1284 2592 animam
1299 2550 1336 2591 ae·

746 2603 835 2659 ternis
850 2609 992 2675 eiiponunt
1005 2602 1158 2673 incendIIs3
1174 2606 1225 2677 qui
1241 2623 1258 2664 e
1272 2622 1335 2664 con·

747 2691 830 2731 verso
838 2692 889 2747 pro
897 2690 996 2731 eorum
1004 2673 1335 2735 liberationeeitremum

748 2746 828 2816 digiti
844 2745 888 2802 iiiii
904 2747 941 2802 ad
958 2746 1058 2802 boram
1072 2753 1217 2819 ponerent
1234 2749 1264 2806 in
1281 2754 1336 2807 tor-

747 2817 862 2874 mentis.
882 2815 976 2874 lliiltis
991 2816 1105 2899 quidem
1124 2819 1255 2890 praelatis
1271 2836 1336 2949 pro·

748 2896 830 2945 curat
849 2888 978 2946 diabolus
1000 2904 1157 2946 amicorum
1180 2907 1271 2950 carna
1282 2894 1336 2951 iuni

747 2960 970 3030 multitudinem,
996 2964 1028 3016 ut
1050 2976 1159 3029 eorum,
1177 2960 1209 3020 in
1231 2962 1335 3022 carnali

746 3031 895 3089 allectione
907 3038 935 3088 et
947 3032 1135 3104 promotione,
1149 3034 1285 3093 obscuret
1294 3035 1335 3093 di·

745 3102 883 3174 gnitatem
903 3108 931 3160 et
945 3102 1134 3161 sanctitatem.
1152 3107 1237 3178 Saepe
1256 3123 1333 3165 narn-

746 3191 800 3246 que
815 3180 933 3247 nepotes
946 3176 1140 3247 praelatorum,
1161 3184 1190 3233 et
1210 3178 1260 3235 alii
1274 3195 1333 3237 car·

744 3247 824 3303 nales
845 3246 940 3316 amici,
959 3246 1008 3318 qui
1029 3252 1095 3304 ante
1114 3246 1245 3320 ipsorum
1264 3267 1334 3323 prae·

745 3318 867 3375 latorum
896 3318 1104 3390 promotionem
1129 3336 1188 3376 non
1215 3337 1333 3396 appare·

745 3391 824 3457 bant,
840 3394 903 3461 post
915 3390 1125 3462 promotionem
1140 3407 1269 3451 eoruma
1288 3410 1332 3467 pa·

744 3477 807 3518 rere
821 3461 975 3533 incipiunt;
991 3461 1073 3534 quasi
1085 3474 1143 3518 una
1157 3463 1216 3535 die,
1229 3465 1267 3522 sr'
1281 3465 1333 3523 icet

743 3532 941 3606 promotionis,
959 3533 1017 3589 nati
1035 3532 1193 3591 videantur.
1216 3537 1272 3594 Sed
1287 3553 1330 3595 su·

742 3620 794 3731 per
814 3606 868 3660 boc
886 3608 979 3676 potest
999 3603 1124 3661 Ecclesia
1142 3606 1240 3665 dicere
1264 3607 1331 3666 illud

756 3674 823 3731 saiae
844 3676 935 3743 :Quis
958 3680 1053 3745 qeuuit
1073 3679 1144 3732 mibi·
1164 3680 1258 3736 istos?
1276 3684 1331 3750 Euo

742 3749 846 3803 eteritis
866 3751 892 3802 et
910 3763 964 3803 non
982 3750 1107 3820 pariens,
1131 3754 1331 3822 troasmtqrute

742 3823 768 3873 et
780 3822 900 3890 captiuo,
915 3823 941 3874 et
953 3821 1021 3875 istos
1032 3822 1095 3891 quis
1108 3823 1266 3880 enutrivit?
1275 3826 1331 3895 ligo

743 3890 876 3945 destituto
887 3894 913 3945 et
921 3891 981 3945 solo
991 3907 1000 3973 ξ
1016 3897 1043 3947 et
1055 3893 1105 3946 isti
1118 3892 1167 3947 ulii
1177 3901 1270 3967 erum,
1281 3893 1332 3953 sci·

742 3960 806 4017 licet
816 3966 882 4017 ante
892 3959 1000 4033 praelati
1012 3961 1245 4035 promotionem?
1253 3964 1332 4025 Unde

741 4031 782 4089 ait
795 4032 912 4103 quidam
928 4050 935 4088 :

777 4105 843 4162 Cum
863 4106 955 4171 foetor
974 4121 1066 4162 reum
1077 4108 1206 4178 privaret
1228 4111 1329 4167 santus

1216 4183 1318 4238 olm

777 4243 826 4302 Ad
848 4245 959 4303 Sutunae
982 4253 1075 4306 uotum
1093 4179 1225 4308 sumsit
1248 4224 1357 4310 trudu'·

1179 4321 1329 4398 Im·
