2880 4942
114 280 161 334 sto
482 272 590 326 ibium
619 271 740 326 tibiis
768 271 874 324 cliui
902 270 975 324 xcii

116 384 184 443 latio
199 380 357 454 religionis.
375 379 500 436 Primum
520 378 698 459 esterroris3

114 449 699 530 secuudum,simulationis;tertium,pra-

112 527 139 585 ii
155 526 252 584 moris.
271 524 409 593 Primum,
436 520 593 592 corrumpit
613 526 700 576 ratio·

109 615 196 669 nem;
218 596 387 664 secundum,
405 592 614 673 intentionem,
644 597 700 673 ter-

110 672 192 740 tium,
213 667 421 742 operationem.
438 667 479 722 lle
492 663 537 720 his
551 664 644 720 tribus
658 663 700 719 di-

109 741 148 800 cit
161 741 313 815 Apostolus
334 740 416 796 :Non
434 737 611 805 intermerata
631 739 700 791 uete-

110 817 147 884 η’,
156 809 337 886 quantumad
352 807 475 880 primum
486 823 588 879 meque
601 809 631 863 iu
640 808 700 874 (sr-

109 890 199 943 mmto
214 883 353 954 nequitie,
369 884 509 953 qnantum
531 878 568 935 ad
590 894 700 936 secun-

112 957 200 1025 dumr
213 954 372 1021 etmaiitie,
379 956 516 1023 quantum
526 950 565 1008 ad
572 950 699 1007 tertium.

112 1027 174 1099 Vel,
194 1024 349 1083 secundum
363 1023 515 1097 quosdam,
525 1022 700 1079 fermentum

112 1097 232 1157 llerodis
249 1100 332 1153 vorat
356 1094 444 1152 etiam
463 1093 626 1152 doctrinam
639 1110 701 1150 cor·

111 1175 255 1300 iiiiii
278 1164 700 1298 iiiiiidbidiiiitl

426 1279 433 1294 ·
691 1280 698 1307 i

111 1313 269 1371 secundum
291 1327 353 1381 eos,
376 1311 490 1367 suerunt
514 1309 632 1381 quidam
654 1311 701 1366 iu-

111 1385 178 1455 daei,
196 1385 337 1457 lingentes
351 1380 507 1454 quamdam
522 1387 629 1438 sectam
645 1396 698 1437 no·

110 1472 186 1525 iam,
202 1456 329 1512 dicentes
344 1454 380 1535 de
395 1453 507 1535 Herode
522 1450 698 1535 Ascalonita,

111 1529 263 1600 quoderat
278 1528 407 1594 Messias,
427 1529 497 1581 moti
513 1524 586 1581 falso
612 1525 699 1580 intel·

111 1601 187 1656 lectu
202 1597 280 1654 illius
299 1596 376 1668 quod
394 1595 498 1652 dicitur
521 1596 552 1651 in
574 1593 698 1652 Genesi:

109 1672 171 1730 Non
187 1671 329 1750 auferetur
342 1671 464 1737 sciptum
477 1667 511 1721 de
527 1667 612 1735 iudo,
625 1671 697 1736 etc.;

110 1742 160 1798 ubi
175 1739 280 1798 dicitur
294 1737 371 1821 quod
384 1737 490 1794 ablatio
503 1736 584 1809 regni
594 1736 698 1796 atribu

110 1812 192 1871 iuda
204 1815 267 1869 erat
283 1825 398 1882 signum
417 1809 557 1867 adventus
576 1806 697 1868 Messias.

111 1885 167 1941 Iste
181 1888 278 1941 autem
292 1881 419 1939 Herodes
434 1880 559 1939 obtinuit
577 1897 698 1953 regnum

110 1954 192 2027 illud,
214 1970 278 2012 cuni
310 1959 408 2011 tamen
429 1952 604 2025 alienigena,
631 1953 699 2024 quia

111 2032 194 2099 pater
207 2027 269 2099 ejus
282 2025 335 2082 suit
348 2025 490 2083 ldumaeus
512 2030 541 2081 et
571 2024 698 2082 niables·

112 2098 185 2156 siam
215 2096 407 2179 promissum·
431 2041 629 2179 intelligeliant
656 2095 698 2153 illi

112 2186 235 2243 regnare
260 2169 464 2240 temporaliter,
487 2184 539 2225 nec
564 2168 700 2225 videbant

112 2241 200 2300 alium
229 2246 297 2299 tuuc
326 2256 447 2313 regnare
474 2239 628 2309 inludaea,
646 2238 697 2296 nisi

111 2313 187 2371 hunc
207 2313 363 2380 llcrodem3
387 2311 451 2368 ideo
477 2312 609 2368 dixerunt
632 2326 697 2368 eom

111 2402 174 2443 csse
192 2382 334 2451 Messium,
359 2399 423 2439 cuin
439 2387 534 2439 tamen
550 2380 699 2454 prophetia

110 2458 199 2515 Jacob
208 2455 355 2528 praedicta,
363 2462 449 2519 esset,
464 2454 618 2511 secundum
628 2453 700 2511 ieri-

109 2532 209 2593 iatem,
229 2527 265 2586 de
284 2526 408 2598 Christo,
431 2531 559 2598 tempore
578 2525 698 2583 Herodis

109 2608 187 2670 nato,
207 2597 405 2672 intelligenda.
422 2598 465 2655 Ab
479 2597 525 2654 bis
547 2613 616 2670 ergo
636 2614 695 2654 om·

107 2671 192 2730 nibus
209 2675 305 2728 monet
317 2669 471 2743 discipulos
487 2686 598 2740 cavere,
616 2685 651 2726 ne
667 2669 697 2726 in

107 2742 153 2800 his
166 2740 357 2811 consentiant,
385 2741 428 2798 vel
448 2742 509 2798 baec
535 2741 565 2798 in
584 2740 626 2797 eis
649 2757 698 2813 ap·

106 2813 269 2888 probando,
285 2813 328 2869 iel
348 2812 377 2869 in
408 2811 452 2868 his
472 2828 521 2868 eos
542 2811 695 2869 imitando.

105 2889 169 2946 Noa
183 2885 261 2942 enim
281 2883 435 2939 vivendum
451 2890 494 2938 est
513 2885 544 2938 ia
560 2885 696 2951 iumento

106 2958 203 3027 ueteri,
220 2958 359 3027 quantum
372 2954 581 3024 adperiersam
593 2953 697 3010 doctri·

108 3042 196 3095 nam,
225 3041 312 3096 aeque
340 3028 372 3080 iri
401 3026 535 3093 tumente
568 3026 695 3095 malitie,

108 3104 246 3174 quantum
269 3096 306 3154 ad
328 3111 440 3152 morum
470 3093 650 3167 pravitatem,
671 3101 698 3153 et

108 3172 249 3244 nequitia,
265 3173 403 3240 quantum
419 3168 456 3225 ad
481 3167 644 3225 simulatam
656 3168 698 3240 ju·

111 3241 236 3312 stillam
259 3241 308 3297 sed
331 3244 362 3297 ia
385 3243 492 3310 naumis
514 3243 695 3309 sinceritatis,

108 3315 203 3388 quoad
222 3313 309 3370 vitam
325 3319 353 3370 et
366 3311 566 3382 intentionem,
580 3316 607 3368 et
621 3316 696 3368 oeri-

110 3389 187 3454 iutis,
203 3385 299 3458 quoad
313 3383 484 3441 doctrinam.

145 3463 163 3527 b
178 3459 271 3516 Enaoii
282 3458 484 3513 Aiosroioiinii
497 3473 602 3513 aurici
616 3473 697 3513 inru-

107 3548 204 3588 rirnii.
229 3530 324 3585 -At
349 3529 404 3593 iili,
430 3527 524 3584 idest
552 3528 694 3601 discipuli,

106 3601 213 3659 dictum
230 3598 344 3658 Domini
357 3598 552 3682 intelligentes
571 3601 606 3657 de
621 3616 694 3672 pane

105 3673 275 3730 sermentato
300 3677 329 3728 et
359 3670 511 3740 materiali,
536 3673 695 3742 cogitabant

103 3747 179 3801 iutro
205 3760 234 3801 se
260 3744 398 3814 diceutes,
428 3744 554 3814 quodam
582 3743 693 3801 occulto

103 3831 260 3884 murmure,
291 3817 339 3870 uia
349 3830 434 3886 panes
448 3832 502 3872 non
516 3817 694 3887 occepimus?

103 3890 162 3945 Hoc
181 3887 244 3944 ideo
264 3832 343 3969 elicii,
363 3884 431 3960 quia
451 3903 509 3943 non
532 3887 591 3943 rull
616 3887 693 3970 qnod

102 3958 693 4032 depanePbarisaeorumsermentatoacci·

100 4030 224 4104 piamus.
236 4032 378 4087 Putabant
391 4029 467 4087 enim
483 4046 514 4086 se
529 4045 592 4086 csse
605 4029 691 4088 tacite

101 4107 217 4160 notatos
232 4102 267 4160 de
279 4118 384 4175 panum
400 4101 553 4170 oblivione,
571 4107 600 4158 ct
614 4103 691 4173 quod

97 4173 137 4255 ad
161 4174 297 4242 litteram,
312 4174 348 4230 de
365 4190 440 4246 pane
458 4174 628 4231 sermentato
645 4173 689 4229 lo·

100 4251 304 4319 querelando
329 4245 365 4302 ab
390 4244 432 4301 eis
459 4245 639 4319 acciperent;
654 4261 688 4303 eo

755 376 830 450 quod
851 392 940 448 panes
963 390 1062 433 secum
1082 392 1146 434 uon
1160 378 1347 450 accepissent.

754 449 895 506 Errabant
922 446 1050 520 Apostoli
1076 445 1109 504 in
1130 447 1249 506 duobus
1267 450 1347 523 :quia

755 520 833 577 etde
854 535 960 592 panum
979 518 1094 576 deiectu
1114 519 1303 590 dubitabant,
1317 539 1346 579 eo

755 591 831 665 quod
855 607 945 665 panes
963 607 1022 648 non
1041 590 1223 662 attulerant;
1242 598 1271 650 el
1287 594 1347 665 quia

755 665 873 721 verbum
887 661 1000 720 Domini
1011 661 1046 719 de
1058 662 1209 722 fermento
1225 665 1263 721 ad
1277 665 1346 723 litie-

754 751 817 792 ram
833 733 994 807 capiebant.
1010 732 1109 792 Primo
1125 751 1200 808 ergo
1219 752 1347 808 argunn-

754 812 801 864 tur
815 807 851 864 ds
865 804 969 879 primo,
986 804 1096 864 scilieet
1110 807 1193 880 quod
1211 807 1347 866 timebant

754 877 1346 1022 titblti⁰t¹ibiitii¹¹3iittit

1257 995 1266 1022 ‚
1338 985 1347 995 .

754 1038 839 1094 quani
849 1025 936 1092 Deus,
951 1020 1045 1093 arguit
1054 1037 1105 1078 eos
1119 1021 1157 1080 de
1172 1022 1244 1080 fidei
1257 1024 1346 1082 modi-

755 1093 851 1164 citate,
867 1093 945 1166 quia,
963 1109 997 1151 eo
1012 1101 1167 1165 presente,
1184 1111 1221 1152 ae
1237 1113 1304 1154 cnm
1317 1113 1348 1154 eo

754 1165 894 1223 timebant
905 1181 989 1238 posse
1003 1180 1099 1238 egere,
1114 1170 1143 1224 et
1156 1167 1237 1224 dieii
1252 1188 1262 1224 ε
1277 1169 1348 1237 Quid

755 1241 885 1307 cogitatis
899 1239 976 1294 iutro
989 1253 1037 1293 uos
1050 1237 1166 1295 modicae
1185 1239 1266 1310 pidet,
1283 1243 1348 1312 quio

752 1326 840 1381 pones
863 1325 918 1366 uou
942 1309 1104 1378 balatiaet
1124 1325 1174 1366 me
1192 1309 1300 1369 dixisse
1314 1311 1347 1369 de

754 1380 875 1455 panibus
889 1379 1022 1448 terrenis,
1037 1379 1195 1452 dequibus
1215 1383 1346 1441 dubitare

754 1469 813 1509 non
828 1451 995 1510 deberetis?
1009 1453 1116 1509 Panem
1132 1453 1214 1525 vitae,
1226 1471 1294 1528 qua
1308 1460 1348 1513 est

754 1540 841 1582 causa
853 1522 982 1581 omnium
994 1539 1113 1597 panum,
1128 1540 1230 1583 secum
1259 1528 1347 1585 babe-

753 1596 838 1666 bant;
852 1601 880 1652 et
894 1595 959 1653 ideo
972 1595 1007 1653 de
1022 1611 1128 1668 panum
1138 1597 1258 1656 delectu
1268 1598 1346 1657 dubi·

754 1672 816 1725 tare
840 1684 899 1724 non
923 1666 1075 1726 debebant.
1091 1668 1152 1725 lloc
1175 1675 1288 1741 autem,
1302 1687 1347 1728 se·

753 1739 879 1797 cundum
899 1740 1131 1809 chrysostomum,
1144 1741 1290 1800 Dominus
1307 1743 1346 1800 ia·

754 1810 802 1879 eit,
817 1815 848 1868 ut
866 1809 1086 1869 sollicitudinem
1104 1827 1241 1870 escarum
1254 1815 1292 1872 ab
1308 1814 1348 1872 eis

753 1882 878 1965 abjiciat.
898 1881 984 1951 Quasi
998 1882 1053 1966 illis
1065 1881 1176 1941 diceret
1191 1901 1205 1967 ι,
1216 1887 1251 1942 Et
1266 1886 1347 1943 iactis

753 1954 1344 2109 liiiiiiililililiii‘flil'iidiii

753 2113 850 2155 meum
864 2097 1062 2169 intelligeretis
1075 2114 1135 2155 non
1147 2099 1185 2156 de
1200 2115 1278 2172 pane
1288 2118 1345 2158 ma·

752 2168 857 2238 teriali,
880 2168 947 2242 quia
974 2169 1010 2226 de
1035 2170 1089 2227 hoc
1112 2185 1233 2242 possum
1263 2173 1344 2230 iobis

753 2241 928 2298 sufficienter
949 2239 1110 2312 providere.
1126 2242 1211 2310 Quod
1240 2245 1344 2317 probat

752 2312 858 2386 duplici
873 2310 1013 2384 exemplo,
1028 2310 1058 2368 in
1073 2328 1129 2384 quo
1144 2330 1284 2386 magnam
1298 2332 1345 2388 po·

772 2387 811 2442 uli
826 2383 1036 2441 multitudinem
1059 2384 1172 2442 satiarit
1195 2402 1288 2459 parvo
1303 2387 1342 2445 ci·

752 2401 799 2538 Eo.
810 2457 890 2513 Unde
903 2455 1012 2528 subditi:
1023 2448 1152 2515 Nomium
1166 2461 1341 2529 intettipitii,

752 2527 859 2585 scilicet
870 2527 1053 2600 mysterium,
1067 2543 1134 2585 nam
1147 2528 1172 2586 si
1186 2545 1239 2602 per
1251 2547 1342 2604 panes

751 2598 922 2671 intelligitur
937 2599 1069 2656 doctrina
1082 2615 1162 2670 sana,
1177 2603 1342 2660 necessario

751 2686 804 2743 per
817 2670 990 2727 fermentum
1005 2670 1093 2727 intelli
1117 2670 1174 2730 'tur
1188 2683 1341 2757 corrupta,

751 2758 838 2814 aeque
851 2742 1047 2811 recordamini,
1059 2741 1100 2799 sci
1112 2742 1168 2801 icet
1182 2743 1300 2803 virtutis
1315 2748 1341 2803 in

751 2813 987 2886 multiplicatione
1009 2829 1125 2885 panum,
1141 2815 1222 2873 unde
1244 2833 1277 2874 se
1299 2816 1341 2876 ui-

751 2890 809 2956 tur,
824 2888 947 2957 quiaque
955 2902 1072 2957 pomum,
1082 2885 1192 2944 scilicet
1206 2888 1294 2946 distri
1317 2907 1344 2946 u-

750 2961 858 3027 terum,
872 2960 903 3012 in
925 2960 1160 3028 quinquemillia
1184 2960 1339 3032 bominum,

751 3033 778 3084 et
797 3033 863 3100 quot
883 3030 1014 3101 captiuos
1034 3032 1205 3103 sumpsistis,
1218 3031 1257 3088 de
1272 3034 1342 3090 resi-

750 3100 827 3158 duo‘l
841 3103 935 3171 Neque
959 3106 1062 3172 septem
1085 3118 1201 3174 panum,
1229 3104 1340 3163 seilicet

750 3170 979 3242 distributorum,
992 3175 1023 3228 iu
1040 3179 1159 3244 quatuor
1173 3175 1272 3231 miliia
1291 3179 1341 3234 bo·

750 3246 867 3313 minum,
893 3248 920 3300 et
950 3248 1017 3315 quot
1040 3251 1150 3316 sportas
1175 3260 1237 3302 sum
1259 3251 1340 3306 sistis

750 3312 999 3397 fragmentorum?
1012 3316 1133 3374 Reducit
1148 3332 1197 3374 eos
1215 3264 1258 3375 ag
1280 3336 1340 3378 me-

750 3402 872 3445 moriam
886 3385 1088 3444 miraculorum
1109 3388 1146 3445 de
1185 3387 1296 3463 uirique
1311 3398 1340 3449 ct

750 3463 860 3541 septem
888 3457 1021 3530 panibus,
1036 3463 1068 3516 ut
1094 3403 1240 3527 condiant
1262 3464 1339 3535 quod

750 3547 759 3586 i
781 3547 811 3586 se
836 3534 934 3604 pascet
960 3531 1046 3603 ipsos,
1061 3530 1109 3604 qui
1129 3532 1209 3606 parit
1227 3537 1338 3593 turbas.

750 3546 836 3670 timasi
852 3601 981 3659 diceret:
997 3604 1058 3660 Non
1072 3606 1115 3660 est
1132 3603 1215 3662 robis
1232 3605 1337 3665 limen

749 3673 829 3743 dum,
851 3689 915 3730 cuni
944 3673 979 3730 de
1005 3680 1064 3731 tam
1088 3674 1185 3748 paucis
1213 3678 1340 3748 panibus

748 3750 843 3802 tantas
857 3744 910 3801 feci
928 3745 1075 3805 abundare
1094 3745 1241 3819 reliquias.
1257 3751 1340 3809 Unde

749 3818 955 3888 Glirysostomus
969 3837 978 3874 ε
994 3841 1009 3871 «
1024 3820 1079 3875 Per
1092 3818 1145 3875 boc
1164 3818 1194 3874 id
1220 3837 1339 3879 memo-

747 3889 820 3945 riam
833 3888 875 3945 eis
884 3888 995 3946 reducit
1004 3905 1038 3947 ea
1049 3906 1112 3962 qnae
1122 3891 1337 3963 preterierunt,

747 3965 777 4017 et
802 3961 839 4017 ad
872 3961 969 4018 sutura
1004 3961 1174 4020 attentiores
1210 3963 1291 4022 iacit.
1323 3989 1338 4020 i»

747 4030 854 4088 Deinde
878 4038 1038 4104 arguuntur
1056 4033 1091 4090 de
1110 4034 1245 4106 secundo,
1262 4038 1340 4095 scili-

746 4108 791 4161 cet
810 4104 886 4176 quod
900 4106 1044 4162 habebant
1057 4105 1199 4163 deiectum
1218 4109 1339 4169 intelle·

746 4181 808 4233 ctus
827 4175 992 4248 spiritualis,
1011 4192 1076 4233 cum
1095 4176 1222 4235 dicitur:
1244 4181 1340 4248 Quare

745 4264 799 4304 aon
814 4250 985 4319 intelligitis.
1000 4247 1108 4306 scilicet
1124 4267 1130 4306 :
1147 4253 1216 4321 quia
1228 4268 1285 4310 mou
1302 4256 1339 4315 dc
