2880 4942
102 335 149 395 ³28
483 338 597 394 eblus
624 337 740 392 elutis
766 333 877 391 CAPUT
904 332 949 389 XC

101 445 173 506 darii
189 464 303 507 sursum
317 448 354 506 ad
369 448 492 505 celestia
504 445 608 504 debere
623 444 686 501 eri·
742 443 832 517 magis
854 442 1059 518 predicarent
1065 461 1076 514 ;
1094 442 1153 501 sed
1177 440 1235 500 boc
1256 436 1337 514 preti·

120 537 179 578 ere.
192 520 265 589 Quid
280 522 356 577 enim
371 520 519 591 prodesset
532 534 550 575 a
565 516 686 574 terrenis
741 516 845 591 piendo
857 515 947 590 pigris
956 514 1235 573 voluitostendere
1250 517 1337 584 quanm

99 536 161 650 pore
186 600 326 665 ereptum,
342 590 391 648 sed
415 607 473 648 non
491 589 619 647 animum
638 588 687 645 ha·
742 589 1095 660 studiosius,quantoque
1106 584 1274 644 ferventius
1286 598 1338 655 pre

98 664 168 722 bere
177 665 214 720 ad
228 666 331 720 coelum
343 662 488 719 erectum?
501 694 535 703 -
550 660 685 733 Septimo,
742 661 837 719 dicare
852 660 988 728 debeant,
1002 659 1060 733 qui
1076 661 1231 729 jubentur
1245 661 1339 739 utpre

97 737 229 794 Salvator
251 732 414 805 ingemscit
434 750 519 806 super
540 732 686 789 infirmum
743 734 855 801 dicent;
872 732 988 803 quando
1006 731 1142 804 quidem
1160 730 1217 793 illi,
1234 745 1278 801 qur
1291 743 1340 799 pro

98 807 268 867 sanandum.
289 807 394 862 docens
413 821 465 877 per
490 808 544 863 boc
567 820 619 861 nos
640 820 687 875 ga·
743 805 925 873 bibebauur,
951 808 1054 861 tacere
1083 820 1152 861 non
1181 806 1339 876 poterant.-

99 893 179 936 more
197 877 302 934 debere
319 892 371 950 pro
391 876 518 936 incolatu
540 875 689 950 presentis
747 880 790 945 m,
815 880 951 948 quantum
965 876 1030 948 ipse
1052 892 1090 932 ex
1108 874 1281 933 humilitate
1297 886 1341 927 non

99 947 234 1014 miseriae,
255 947 375 1007 dicendo
403 965 466 1006 cnm
495 948 584 1007 Drrvid
604 965 611 1003 :
632 950 690 1003 Heu
745 948 858 1007 dilatari
882 947 1085 1019 precipiebat,
1102 965 1138 1004 co
1166 947 1290 1019 emplius
1302 942 1341 997 ad-

101 1023 181 1085 nn'bc',
193 1023 261 1093 quia
273 1021 410 1078 incolatus
424 1038 499 1078 meas
510 1024 691 1095 prolonpetus
746 1018 930 1079 mirabuntur.
946 1020 1086 1085 dicentes,
1102 1024 1137 1077 et
1154 1018 1201 1076 sic
1220 1033 1284 1076 euru
1295 1015 1342 1099 lan-

104 1096 161 1149 est!
175 1092 335 1150 Praemissis
349 1100 458 1165 septem
470 1092 605 1167 peractis,
622 1090 690 1148 dixit
746 1092 841 1149 dando
851 1090 1045 1164 predicantes
1060 1094 1163 1149 :Bene
1174 1093 1272 1147 omnin
1282 1091 1344 1156 tart,

105 1164 235 1223 Salvator
261 1167 419 1238 epopteta,
449 1164 528 1237 quasi
561 1180 612 1238 per
639 1163 692 1218 boc
748 1169 776 1221 et
802 1164 896 1221 lacere
923 1161 1078 1235 probavit,
1120 1163 1187 1227 uia,
1209 1170 1238 1219 ct
1263 1158 1346 1217 trudo

104 1239 223 1295 uerbum
238 1237 310 1294 dans
324 1241 466 1310 peccatori
479 1237 594 1310 plenam
607 1236 691 1292 abso·
746 1239 814 1305 fecit
827 1235 972 1298 audirem
987 1241 1084 1291 mutos
1095 1179 1207 1307 (ioqui.
1221 1236 1347 1315 quotquot

103 1307 243 1366 tutionem
261 1325 279 1366 a
298 1325 383 1382 poeua
405 1314 434 1365 et
457 1325 475 1366 a
498 1309 595 1381 culpa3
617 1306 692 1364 unde
749 1307 839 1366 voluit
851 1311 879 1364 et
896 1305 949 1363 sibi
964 1305 1087 1380 placuit.
1108 1306 1197 1364 Licet
1213 1320 1292 1362 emm
1312 1304 1348 1358 luc

106 1395 172 1437 mox
184 1380 313 1453 sequitur
327 1398 335 1437 ι
350 1384 388 1438 st
403 1384 499 1438 stetim
511 1386 612 1452 opertae
629 1381 694 1435 sunt
750 1377 811 1437 noti
828 1379 967 1451 exprimat
989 1377 1046 1434 nisi
1063 1395 1163 1436 unum
1186 1376 1306 1435 surdum
1326 1378 1348 1429 ct

108 1468 189 1507 aures
216 1454 285 1522 ejus,
306 1458 331 1508 ct
352 1454 472 1509 solutum
490 1458 530 1509 eat
554 1452 694 1508 uinculum
751 1461 862 1509 mutum
878 1465 941 1507 esse
966 1455 1117 1520 curatum,
1136 1455 1246 1508 tamen
1267 1447 1349 1530 plnres

107 1524 209 1591 ttapuae
230 1524 306 1594 ejecte
323 1529 349 1579 et
371 1523 535 1594 loquebatur
556 1529 636 1579 recte.
661 1522 695 1576 lit
751 1525 865 1580 luerunt
888 1521 976 1591 surdi,
997 1526 1026 1578 et
1054 1520 1147 1590 muti,
1173 1538 1212 1579 ac
1233 1535 1308 1577 caect.
1326 1520 1349 1574 et

106 1593 148 1649 sic
170 1598 302 1666 peccator
319 1593 469 1650 restitutus
492 1599 536 1650 est
562 1594 695 1666 perlectae
751 1593 855 1663 claudi,
867 1591 973 1665 aliique
997 1592 1110 1650 inilrmi
1137 1594 1251 1655 curati.
1267 1598 1347 1673 utpt·

105 1663 232 1729 sanitati,
246 1670 274 1721 et
288 1680 345 1721 uon
358 1669 446 1722 restat
461 1664 486 1722 ei
501 1663 557 1722 nisi
570 1664 694 1723 evolare.
752 1666 824 1724 tebit
837 1665 867 1722 in
885 1664 1007 1738 capitulo
1026 1664 1193 1736 sequenti;
1210 1663 1264 1721 sed
1285 1666 1349 1744 tour

141 1741 157 1792 5
173 1735 353 1792 Pancrersrrm
370 1754 405 1792 ua
421 1754 463 1794 cm
479 1753 611 1793 arcanam
628 1752 695 1792 cau·
752 1738 817 1796 illos
831 1741 894 1794 erat
906 1753 991 1805 unus,
1010 1737 1094 1808 eujus
1110 1753 1191 1794 cura
1208 1735 1263 1793 tuit
1277 1747 1349 1790 mire

109 1824 156 1864 sa.
166 1810 247 1864 -m
257 1811 387 1881 pracepit
398 1809 468 1878 illis,
482 1825 540 1867 non
553 1814 696 1892 praecepto
753 1809 838 1869 bilior
852 1810 928 1865 inter
945 1815 1067 1878 ceteros,
1083 1807 1159 1891 quia
1179 1807 1213 1864 in
1228 1807 1304 1880 ipso,
1315 1820 1347 1859 se

107 1879 327 1951 observationis,
353 1880 403 1938 sed
431 1880 640 1949 instructionis,
660 1879 697 1936 ad
753 1881 879 1939 cundum
892 1883 1098 1950 Hieronymum,
1116 1887 1181 1936 trra
1199 1891 1348 1936 concurre·

107 1951 317 2010 humiliandum
341 1969 372 2010 se
402 1951 431 2010 in
459 1953 539 2010 lactis
568 1951 696 2023 exemplo
753 1958 820 2010 runt
844 1949 994 2021 miracula,
1021 1950 1135 2008 scilicet
1151 1967 1160 2007 t
1179 1953 1211 2008 in
1239 1967 1273 2008 re
1292 1963 1347 2004 ara·

107 2022 208 2107 ipsius,
222 2041 255 2080 nc
268 2025 556 2108 caldicerenbelper
569 2024 624 2081 hoc
640 2037 698 2105 non
752 2024 831 2107 tione
851 2023 966 2080 auditus
987 2027 1016 2080 et
1036 2021 1180 2096 loquelae,
1199 2038 1236 2080 ao
1256 1965 1349 2078 tibere

106 2100 217 2179 pectere
247 2097 322 2153 bona
350 2112 402 2154 sua
435 2097 596 2166 discerent3
630 2108 699 2166 quta
753 2095 1025 2153 troneadaemoue.

106 2165 275 2295 {lactantium
292 2167 322 2223 in
337 2167 416 2224 omni
431 2184 517 2241 opere
536 2168 612 2226 bono
632 2181 698 2239 pro·
790 2171 806 2223 6
827 2168 950 2223 Vrrarrun
969 2184 1042 2223 vana
1067 2183 1184 2224 ornam.
1201 2197 1238 2209 -
1254 2166 1288 2223 at
1303 2178 1347 2220 no-

133 2237 213 2295 ibuit.
242 2239 379 2311 Praecepit
407 2255 445 2296 ue
472 2238 517 2297 cui
544 2238 672 2296 dicerent
691 2251 698 2290 ι
753 2237 964 2296 tanterdicitur
976 2238 1012 2295 de
1026 2238 1141 2296 Christo
1154 2255 1163 2295 τ
1178 2242 1251 2296 Bene
1264 2236 1349 2293 omnm

110 2309 214 2387 primo,
231 2314 262 2366 nt
285 2309 400 2367 doceret
417 2327 475 2368 non
496 2326 558 2368 esse
577 2310 700 2381 glorian·
752 2313 831 2381 fecit,
847 2309 923 2382 quia,
944 2325 1001 2367 non
1021 2308 1127 2368 sufficit
1148 2311 1231 2368 bona
1251 2309 1347 2373 tacere,

112 2381 180 2437 dum
203 2380 233 2437 in
257 2379 419 2451 virtutibus,
434 2383 486 2440 sed
506 2382 536 2439 iu
560 2397 643 2438 cruce
671 2387 700 2435 et
754 2380 810 2440 nisi
836 2382 908 2438 bene
931 2381 1020 2450 llant;
1042 2382 1117 2439 bene
1140 2388 1245 2440 autern
1271 2380 1347 2447 fiunt,

110 2451 327 2521 bumiliatione;
358 2455 497 2524 secundo,
529 2458 559 2510 ut
584 2453 700 2510 doceret
756 2453 870 2526 quando
894 2453 945 2510 Dei
971 2452 1149 2526 adjutorium
1171 2452 1347 2581 spostulatur,

133 2524 187 2581 uod
203 2525 344 2583 beneficia
358 2527 524 2598 tergentes,
538 2525 628 2583 decis
643 2525 702 2581 lau·
756 2524 908 2597 etquando
924 2526 1051 2582 humana
1063 2525 1161 2597 glorie

109 2541 174 2653 gem
190 2597 336 2669 propriam
356 2614 416 2655 uon
435 2599 542 2656 debent
559 2611 700 2669 quaerere.
757 2612 825 2668 ergo
841 2596 977 2653 docemur
991 2613 1093 2655 vanam
1101 2597 1229 2668 gloriam
1244 2598 1347 2667 lugere,

111 2668 166 2726 Sed
203 2668 703 2742 uiaaccipientesconronitlaudarc
757 2673 786 2726 et
810 2667 957 2726 bominum
983 2669 1156 2740 iactantiam
1195 2669 1347 2725 declinare.

107 2684 317 2809 beneiactores,
346 2740 412 2799 ideo
439 2741 512 2799 bone
543 2739 674 2797 subditur
685 2755 701 2820 ,ε
758 2743 822 2808 Qui.
838 2740 981 2809 staquurd
994 2740 1112 2813 dignum
1125 2738 1263 2798 laudasti
1286 2752 1347 2794 usn

109 2811 217 2878 Quanto
229 2816 331 2879 nutem,
344 2827 378 2867 ex
389 2811 599 2868 abundantiore
615 2812 702 2867 bumt·
759 2810 972 2880 defecerimus,
989 2813 1113 2872 hocnon
1126 2811 1166 2869 ad
1182 2755 1346 2883 vulgiiam

110 2880 200 2945 litate,
220 2884 260 2935 ets
285 2884 480 2953 precipiebat,
506 2888 584 2937 tanto
613 2883 704 2949 mopis
759 2898 821 2940 rem
835 2883 970 2939 extollere
990 2888 1019 2939 et
1033 2882 1207 2957 praedicare,
1225 2883 1286 2940 imo
1302 2883 1348 2938 bu·

107 2953 175 3025 plus
197 2951 387 3020 predicabant
406 2952 529 3024 gloriam
556 2951 645 3023 ipsius
674 2956 704 3006 et
760 2954 866 3011 militer
875 2954 1049 3011 abscondere
1059 2955 1193 3013 etoelare
1204 2955 1347 3012 debemm.

111 3020 290 3090 dilatabant;
323 3021 391 3094 quia
417 3023 563 3080 humilitas
592 3038 705 3095 semper
760 3025 1346 3084 Elboctotnmvertituriueontrarium:

113 3090 235 3166 gloriam
250 3093 394 3167 precedit.
409 3096 464 3153 Per
480 3095 534 3152 boc
548 3099 643 3152 antem
659 3110 705 3150 os·
761 3097 828 3171 quia
840 3097 905 3170 plns
920 3097 1073 3156 laudantur
1088 3098 1128 3154 illi
1143 3098 1195 3170 qui
1214 3099 1291 3155 lacta
1304 3110 1349 3153 sut

114 3165 253 3234 tenditur,
271 3166 347 3239 quod
361 3166 548 3225 beneficiatus
562 3167 598 3224 de
612 3167 706 3225 bene·
761 3169 937 3227 abscondere
956 3168 1065 3239 volunt,
1081 3185 1168 3241 quam
1185 3169 1227 3227 illi
1252 3168 1303 3241 qui
1321 3181 1350 3223 en

117 3237 191 3295 ficiis
209 3237 294 3296 debet
317 3255 348 3296 se
367 3246 479 3312 gratum
498 3239 660 3304 ostendere,
679 3245 708 3294 et
761 3257 813 3314 pro
829 3256 903 3299 vana
921 3241 1014 3314 gloria
1029 3243 1217 3300 manifestare
1235 3246 1349 3298 conten·

117 3326 231 3383 semper
242 3311 453 3370 benefactorem
466 3312 594 3381 laudare,
605 3326 705 3383 quem·
762 3313 843 3369 dunt.
858 3313 887 3370 Si
912 3313 1033 3385 gloriam
1059 3312 1158 3371 mundi
1183 3314 1274 3386 iugis,
1296 3311 1351 3384 ipsa

115 3381 158 3438 vis
167 3382 221 3438 hoo
229 3383 395 3441 benefactor
404 3400 462 3441 non
471 3389 591 3457 qnaerat,
604 3390 652 3440 aut
661 3397 707 3439 ne·
762 3388 789 3441 te
805 3383 952 3456 sequitur;
969 3390 998 3443 et
1013 3384 1036 3442 si
1051 3400 1115 3443 eam
1132 3384 1280 3458 sequeris,
1295 3384 1351 3456 ipsa

116 3452 158 3509 lit.
177 3454 256 3511 Unde
271 3455 312 3511 alt
328 3456 494 3527 Theophilus
509 3475 519 3512 .-
536 3482 551 3508 ι,
567 3458 707 3512 Docemur
762 3462 790 3513 te
809 3455 908 3528 lugiet.
927 3457 1007 3514 Unde
1024 3459 1240 3530 Anpustc'nnace
1260 3457 1351 3514 Victo·

116 3529 212 3582 autern
231 3542 264 3583 ex
287 3527 352 3595 boc,
373 3543 438 3586 cum
459 3527 545 3584 alicui
567 3524 707 3584 benellcin
761 3534 805 3585 tes
819 3527 935 3585 babenti
949 3544 1053 3600 magna
1065 3527 1155 3586 virtus
1169 3534 1216 3586 est
1230 3535 1353 3585 contem·

117 3594 285 3668 elargimur,
303 3597 420 3655 minime
432 3600 587 3672 applausus
600 3604 628 3655 et
645 3597 706 3654 lau·
763 3615 831 3657 nero
848 3599 981 3671 gloriam,
1000 3599 1067 3672 quia
1090 3604 1277 3685 contemptus
1296 3600 1353 3672 ejus

116 3666 168 3724 des
197 3675 350 3739 appetere3
367 3686 432 3727 cum
455 3686 523 3727 vero
551 3669 707 3743 accipimus
763 3671 793 3727 in
812 3679 966 3743 conspectu
983 3671 1032 3729 Dei
1060 3676 1114 3741 est,
1128 3671 1240 3745 judicto
1260 3678 1352 3729 autent

114 3738 265 3808 beneficia,
281 3740 481 3798 benefactores
503 3740 661 3814 praedicare
679 3746 707 3797 et
763 3758 822 3799 non
848 3743 977 3815 aperitur
1001 3745 1137 3801 humano.
1152 3745 1186 3801 at
1214 3743 1265 3818 qui
1292 3758 1353 3800 con·

115 3810 245 3879 laudare,
269 3811 399 3883 quamvis
424 3812 526 3868 nolint.
544 3833 558 3865 n
576 3815 629 3868 Per
654 3814 708 3868 boc
762 3813 866 3871 temnit
876 3813 985 3885 jndicio
998 3814 1355 3882 lattdantium,contemnit

117 3883 204 3940 etiam
219 3898 381 3951 monemur,
397 3888 429 3939 ut
448 3882 613 3954 frequenter
633 3900 706 3956 prae·
763 3885 849 3943 etiarn
865 3885 1071 3959 suspicantium
1085 3886 1292 3946 temeritatem.
1309 3888 1357 3944 Ne·

119 3955 247 4012 dicemus
259 3953 364 4012 Christi
379 3953 513 4027 gloriam,
527 3957 576 4026 qui
591 3957 627 4012 ab
645 3956 652 4010 i
675 3972 707 4013 so
784 3973 819 4014 ue
834 3963 877 4015 est
892 3975 959 4016 vera
971 3958 1071 4026 virtus,
1088 3958 1143 4016 uisi
1158 3975 1227 4031 quae
1242 3960 1281 4017 ad
1294 3973 1358 4017 enm

119 4031 285 4083 mentatum
298 4027 448 4095 babemus,
461 4025 528 4109 dum
542 3972 707 4109 eosquissus
763 3974 851 4086 finem
866 4029 959 4087 tendit
978 4029 1025 4087 ubi
1046 4035 1091 4087 ost
1108 4032 1216 4088 bonum
1234 4031 1358 4089 bominis

120 4097 217 4155 datum
232 4104 294 4155 erat
312 4105 484 4172 praeceptum
499 4099 616 4167 srlentu,
634 4116 707 4171 praa·
763 4117 820 4173 quo
833 4101 936 4159 melius
947 4108 1094 4160 nonest.»
1109 4103 1190 4160 Unde
1200 4109 1232 4160 et
1245 4105 1361 4174 thpeo·

121 4169 231 4226 dicasse
252 4170 454 4240 conspicimus.
470 4170 550 4227 Unde
570 4170 708 4239 Anpusti-
762 4174 1278 4246 stontusc«versutaestvanagloria,
1291 4175 1362 4233 etad

121 4257 173 4296 nus
202 4242 255 4299 boc
282 4243 393 4300 babet:
416 4268 429 4292 s
451 4241 562 4299 Sciebat
582 4240 639 4312 illo,
660 4241 708 4315 qui
764 4261 799 4304 ea
812 4261 875 4317 quae
891 4245 972 4303 valde
986 4250 1053 4302 sunt
1064 4244 1227 4313 manifesta,
1238 4250 1363 4305 excecat

123 4311 220 4370 omnia
246 4313 325 4371 novit
353 4320 507 4386 autequam
536 4314 622 4386 itant,
643 4313 710 4387 quia
765 4321 889 4374 mentem
901 4333 1012 4389 eorum,
1027 4317 1077 4391 qui
1092 4319 1129 4375 ab
1143 4333 1178 4376 ea
1193 4319 1361 4393 capiuntur.

1185 2525 1293 2598 agitur.
1305 2522 1348 2578 llic
