2880 4942
283 366 319 417 llll
347 363 547 416 llllllstlttltt
575 363 719 418 lllltttllt
747 363 787 415 itt
815 363 892 416 OTIO
918 362 1030 416 ltlflllt
1057 363 1154 417 lituu.
1291 365 1333 419 tat

97 473 184 529 domo
199 486 249 526 sua
259 468 415 541 suscipiunt
428 486 435 537 ;
452 469 504 526 ista
517 485 573 524 non
587 484 685 550 quem-

100 544 178 611 libet,
199 542 248 598 sed
268 540 414 623 proprium
434 539 533 595 Filium
556 542 617 608 Dei,
636 539 691 611 (μίί

100 615 257 672 nonhabet
282 614 327 669 ubi
342 617 428 684 caput
451 627 534 667 suum
554 611 683 680 reclinet,

101 702 158 742 non
174 685 202 741 iu
218 686 314 753 domo,
329 685 378 739 scd
398 683 427 738 in
449 690 529 740 utero
550 699 630 739 susce
652 685 682 738 it.

101 757 153 813 Alii
168 757 277 813 nudum
295 754 538 827 quemlibetveste
555 699 684 811 mutassili

102 833 184 900 alque
210 826 388 899 corruptibili
408 825 553 883 undelibet
572 842 686 898 compo

100 901 153 956 sita
166 899 296 1026 operiunt
304 917 312 966 ;
332 898 386 953 isla
400 898 524 954 Verbum
536 897 598 966 Dei,
610 897 686 968 quod

99 971 129 1028 in
143 987 174 1027 ea
198 987 243 1026 em
258 969 375 1039 Virgine
400 985 515 1024 earnem
531 969 560 1024 in
576 971 686 1025 unitate

99 1059 231 1125 personae
259 1038 424 1110 assumpsit,
448 1055 512 1110 quae
538 1039 599 1096 sine
629 1041 687 1096 line

100 1111 326 1182 incorruptibilis
346 1117 430 1181 atque
448 1109 687 1168 iucommutabilis

99 1184 286 1256 permanebit.
313 1181 366 1237 Μίί
382 1181 537 1253 quemlibet
563 1182 689 1239 esurien-

102 1261 161 1311 tem
184 1255 226 1309 vel
250 1252 401 1321 sitientem,
415 1254 476 1309 cibo
493 1253 536 1309 vel
553 1258 621 1325 potu
641 1271 687 1310 eii·

101 1324 198 1381 teriori
212 1324 356 1392 reficiunt;
369 1324 422 1380 ista
437 1324 583 1381 homiuem
598 1328 687 1382 Deum

99 1396 266 1453 humanitus
296 1396 482 1466 indigentem,
511 1412 567 1452 non
593 1397 687 1453 solum

98 1467 288 1526 exterioribus
311 1467 381 1524 cibis
401 1467 442 1523 vol
459 1466 575 1539 potibus
597 1467 685 1540 pavit,

99 1554 197 1596 verum
212 1538 297 1594 etiam
314 1537 441 1594 interiori
456 1555 508 1595 suo
523 1538 594 1596 lacte
605 1539 685 1596 aluit.

98 1613 142 1680 El,
157 1617 186 1666 ut
201 1610 325 1667 brevitor
340 1627 388 1666 sex
407 1609 456 1666 illa
472 1626 559 1682 opera
573 1610 687 1667 miseri-

100 1680 204 1738 cordiae
223 1697 432 1763 percurramus,
455 1697 517 1752 (μία
544 1683 566 1738 si
587 1682 636 1738 uni
657 1700 689 1739 ex

100 1753 145 1811 his
161 1753 286 1809 minimis
302 1755 380 1822 liant,
397 1755 534 1810 Dominus
549 1755 603 1810 sibi
618 1755 692 1811 lacta

101 1825 268 1891 confitetur,
286 1825 337 1880 ista
353 1840 410 1879 non
425 1823 579 1896 quemlibet
594 1843 626 1882 ex
642 1827 692 1882 nii-

102 1895 197 1963 nimis,
217 1896 268 1951 sed
286 1912 430 1952 summum
446 1895 494 1952 Dei
515 1895 617 1952 Filium
638 1897 691 1953 ho-

103 1968 204 2040 spitem
232 1966 371 2039 suscepit;
389 1967 508 2036 nudum,
534 1983 620 2024 carne
647 1968 691 2024 rel

102 2039 189 2097 etiam
218 2040 332 2111 pannis,
362 2038 488 2165 operuit3
519 2038 691 2095 esurientem

102 2110 193 2184 parit;
211 2111 355 2167 sitientem
390 2115 452 2166 acte
471 2109 595 2182 potarit3
609 2109 691 2165 iiilir·

102 2198 180 2240 mum
200 2199 250 2255 por
270 2181 420 2238 intantiam
435 2187 463 2238 et
474 2183 618 2310 {arentem
633 2198 691 2237 non

100 2255 192 2311 solum
211 2253 344 2321 visitarit,
361 2254 411 2310 sed
428 2258 456 2310 et
493 2253 645 2322 alueando,
662 2257 690 2309 el

100 2326 237 2393 liniendo,
251 2333 280 2381 ct
291 2326 422 2396 fovendo,
436 2329 464 2381 el
478 2325 616 2396 gestando
632 2326 688 2381 fre-

123 2396 260 2464 uentavit,
278 2402 307 2452 ut
321 2396 421 2453 merito
439 2397 474 2454 de
488 2396 538 2453 illa
553 2397 664 2454 dicatur
679 2414 687 2453 ι

133 2471 215 2524 artha
241 2476 331 2524 autem
359 2470 502 2538 satagebat
533 2472 607 2525 circa
629 2471 688 2536 fre-

104 2557 190 2613 quens
213 2543 412 2609 ministerium
436 2541 641 2612 comprehenso
661 2544 690 2597 el

103 2612 249 2680 crucilliio,
274 2613 355 2683 quasi
383 2611 413 2667 in
440 2627 553 2667 carcere
580 2610 687 2736 posito,

101 2683 194 2753 alluit,
209 2682 282 2739 sicut
294 2683 430 2755 scriptum
447 2687 491 2739 est
506 2699 513 2737 :
527 2684 577 2740 Sto
596 2688 626 2738 ot
638 2698 688 2738 au·

102 2761 160 2812 tem
173 2755 262 2824 juata
291 2772 395 2810 murem
418 2756 483 2810 lesa
507 2756 599 2812 Mater
617 2753 687 2823 ejus.

101 2829 179 2883 luter
187 2827 249 2885 haec
262 2825 383 2882 sollicita
395 2830 457 2883 erat
469 2830 498 2882 el
510 2827 688 2895 turbabatur,

99 2914 165 2956 eum
184 2898 295 2969 lugeret
309 2897 338 2953 iu
354 2901 504 2969 AEgyptum
519 2897 621 2955 alacie
637 2899 690 2954 lle·

102 2969 197 3037 rodis;
217 2970 385 3026 turbabatur
406 2985 469 3026 cuni
487 2969 601 3026 ludaeos
619 2967 689 3025 insi-

102 3041 214 3099 diantes
226 3047 255 3096 et
269 3046 389 3097 mortem
403 3043 428 3098 ei
443 3041 548 3098 inferre
562 3041 689 3098 volentes

103 3129 136 3170 co
157 3117 297 3169 nosceret.
314 3113 356 3168 Ad
372 3113 501 3170 ultimum
515 3114 631 3170 turbata
645 3117 689 3169 est

105 3129 196 3249 rafde,
212 3200 275 3240 cum
303 3183 371 3240 vidit
388 3185 487 3242 Filium
505 3201 587 3241 suum
602 3185 689 3240 talem

104 3253 319 3329 comprehendi,
345 3255 437 3338 ligari,
454 3256 604 3328 flagellari,
620 3272 689 3312 oon·

138 3326 179 3397 ui,
198 3325 288 3399 spinis
306 3342 449 3395 coronari,
462 3325 597 3394 derideri,
613 3325 689 3382 cola·

104 3343 223 3468 ςἳίίίανί,
240 3398 379 3471 cruciligi,
397 3397 480 3467 mori,
494 3396 618 3469 sepeliri.
638 3398 691 3452 Uii-

104 3414 140 3527 ge
151 3469 177 3528 ei
192 3469 325 3542 congruit
340 3468 415 3541 quod
430 3468 552 3525 dicitur:
566 3469 690 3537 Marito,

106 3542 227 3606 ltartba,
242 3544 364 3597 sollicito
380 3556 416 3604 ea,
445 3546 471 3596 et
488 3540 611 3595 turbaris
626 3556 692 3607 erpa

124 3614 236 3676 lacrima,
252 3620 305 3670 eto.
320 3615 408 3669 Nemo
424 3627 490 3669 vero
502 3611 614 3669 dubitat
624 3609 693 3683 quin

141 3689 189 3742 ata
211 3686 298 3742 Viro
321 3683 410 3741 Μανία
431 3683 531 3741 l'ilium
548 3683 632 3741 vellet
657 3683 692 3740 de

105 3755 184 3813 omni
194 3701 375 3838 tribifiatione
388 3755 457 3829 eripi
460 3799 470 3840 ,
485 3760 515 3814 el
525 3754 648 3839 seipsam
662 3754 692 3812 iu

106 3830 318 3900 perturbatione
340 3829 467 3901 adJuvari
492 3844 510 3884 a
533 3828 690 3898 divinitate,

144 3913 191 3956 am
205 3898 299 3956 eidem
315 3900 384 3956 Filio
402 3900 510 3957 sciebat
527 3899 621 3957 inesse
640 3915 692 3972 per

106 3976 116 4026 t
138 3971 274 4038 eminam,
291 3987 354 4042 (μία
370 3977 493 4044 estpars
512 3971 619 4029 Μανία.
632 3973 690 4027 lloe

105 4042 242 4115 estquod
263 4044 375 4100 Martha
400 4043 595 4115 conqueritur,
615 4041 691 4115 quod

104 4129 170 4171 eain
186 4129 269 4170 soror
283 4114 397 4185 reliquit
411 4115 501 4172 solam
517 4113 690 4184 ministrare,

107 4189 137 4242 et
150 4185 213 4258 ejus
226 4184 361 4242 auxilinm
381 4185 411 4242 in
434 4185 591 4244 ministerio
607 4184 689 4257 llagi-

106 4261 157 4314 tat.
178 4258 244 4313 llaec
264 4256 384 4313 dicenda
406 4257 441 4314 de
460 4263 541 4330 parte
561 4259 688 4314 llarthae.

147 4351 175 4387 ιι
192 4329 400 4386 Comsurmio
421 4346 448 4386 ni
462 4347 549 4388 αίίανί
562 4331 690 4402 Vindius,

742 486 798 531 oua
814 485 920 523 ναίίναίί
937 470 1033 524 Μανία
1046 488 1181 527 nxuiuuir.
1200 504 1233 513 -
1247 474 1335 530 Porro

741 541 777 596 de
794 545 875 612 parte
893 539 1001 608 Μανία,
1017 556 1082 611 quir
1102 543 1210 614 optima
1230 544 1337 615 praedi·

742 617 833 679 catur,
846 616 953 693 quanta
963 611 1006 666 vel
1019 612 1112 683 qualis
1124 614 1208 670 luerit
1226 633 1253 670 in
1270 618 1334 673 bea·

742 688 771 739 ta
783 685 898 749 Virgine
910 681 1007 750 Μανία,
1017 683 1080 764 quis
1091 683 1175 756 digno
1186 687 1334 757 loquitur?

743 754 771 812 Si
793 754 858 810 talis
879 758 932 820 est,
952 760 983 810 ut
1003 753 1133 823 diximus,
1155 757 1210 811 imo
1234 757 1335 814 melior

742 834 796 893 est,
817 841 903 897 quam
926 824 1059 895 diximus,
1080 826 1110 882 in
1128 828 1212 883 beata
1232 828 1333 899 Μανία,

742 914 809 970 pars
830 897 958 965 blarlbae,
978 913 1042 969 quaa
1061 902 1156 955 tamen
1173 915 1191 954 a
1211 899 1333 957 Domino

744 986 801 1025 non
819 968 961 1036 laudatur,
976 969 1026 1024 sed
1040 974 1135 1026 tamen
1150 986 1207 1026 nou
1222 970 1332 1042 vitupe-

744 1047 842 1107 ratur3
874 1037 946 1095 ualis
960 1044 1082 1112 estpars
1096 1058 1182 1112 quam
1196 1042 1332 1114 optimam

746 1110 835 1167 Μανία
844 1055 941 1181 degit,
953 1126 1015 1181 (μία
1026 1111 1065 1167 sic
1077 1129 1094 1167 α
1107 1112 1225 1168 Domino
1237 1114 1334 1169 lauda·

746 1188 802 1248 tur,
824 1186 855 1237 ut
871 1181 907 1236 ab
925 1197 959 1236 ea
970 1198 1026 1237 non
1040 1183 1144 1239 aulerci
1162 1183 1293 1239 dicatur?
1310 1184 1332 1241 0

747 1270 832 1325 quam
844 1267 948 1322 magna
957 1252 1107 1309 mullitudo
1115 1254 1273 1310 dulcedinis
1285 1254 1335 1311 Dei

748 1327 800 1382 luit
816 1326 845 1381 in
866 1324 949 1379 beata
969 1323 1081 1396 Virgine
1101 1324 1201 1393 Maria,
1221 1325 1334 1396 quaudo

748 1397 869 1470 Spiritus
889 1395 1009 1451 Sanctus
1024 1395 1054 1451 iu
1074 1412 1138 1452 eam
1157 1396 1335 1468 superuenit,

746 1476 774 1526 et
783 1469 871 1524 virtus
881 1465 1017 1546 altissimi
1025 1467 1050 1524 ei
1060 1468 1250 1535 obumbravit,
1262 1473 1290 1524 ol
1300 1468 1335 1526 de

746 1542 847 1597 eodem
861 1536 967 1608 Spiritu
982 1539 1086 1595 Sancto
1100 1538 1246 1611 concepit!
1264 1538 1336 1607 Quid

746 1614 782 1669 de
797 1629 830 1668 eo
846 1624 904 1666 uon
918 1609 1056 1681 sapiebat,
1071 1609 1101 1666 in
1121 1627 1174 1682 (μία
1191 1610 1336 1683 Sapientia

747 1682 796 1742 Dei
811 1681 928 1747 latebat,
945 1687 974 1738 et
988 1681 1017 1738 in
1038 1682 1117 1754 cujus
1133 1690 1213 1739 utero
1229 1698 1335 1755 corpus

747 1754 800 1812 sibi
815 1752 954 1826 aptabat?
977 1755 1042 1809 llaec
1058 1759 1152 1810 aulem
1169 1771 1226 1809 non
1242 1754 1336 1810 solum

746 1828 782 1884 ad
794 1826 945 1897 pedes,sed
956 1824 992 1881 ad
1000 1831 1084 1896 caput
1093 1825 1203 1881 Domini
1218 1826 1335 1892 sidens,

747 1898 880 1955 audiebat
904 1897 1023 1952 verbum
1050 1911 1083 1951 eti
1103 1912 1152 1950 ore
1175 1897 1246 1965 eius.
1271 1897 1336 1951 Haec

748 1969 925 2025 conservabat
951 1969 1043 2022 omnio
1065 1967 1147 2020 uerba
1168 1968 1224 2020 liare
1243 1966 1335 2035 Ange·

747 2041 839 2096 lorum
863 2040 979 2105 scilieet,
999 2038 1157 2104 Pastorum,
1178 2039 1336 2106 llagorum,

746 2110 876 2168 necnoni
899 2107 1337 2176 siusFiliisui,conserenslncor·

747 2184 780 2238 de
793 2200 851 2239 suo.
864 2223 871 2238 ί
888 2199 951 2240 emo
966 2195 1113 2252 umquam,
1126 2177 1197 2236 sicut
1211 2178 1274 2244 ista,
1287 2194 1336 2250 gu·

746 2255 830 2312 stavit
843 2272 926 2326 quom
939 2254 1034 2309 suauis
1049 2258 1088 2308 est
1104 2254 1253 2318 Dominum
1270 2249 1335 2307 ine-

746 2327 894 2384 briabatur
906 2328 942 2384 ab
958 2325 1086 2382 ubertate
1105 2323 1206 2380 domus
1227 2321 1287 2392 Dei,
1305 2325 1335 2378 et

744 2403 872 2456 torrente
893 2395 1043 2469 voluptatis
1062 2394 1150 2467 ipsius
1169 2397 1332 2466 potabatur.

744 2473 799 2528 Nec
829 2469 945 2537 mirum,
977 2466 1114 2538 quoniam
1146 2467 1223 2537 apud
1257 2480 1332 2533 eam,

744 2541 802 2598 imo
831 2541 907 2596 intra
933 2554 1008 2604 eam,
1035 2544 1096 2593 erat
1117 2538 1179 2591 lous
1199 2537 1274 2605 ritae,
1297 2537 1334 2591 de

745 2629 801 2683 quo
817 2612 953 2667 manabat
967 2613 1047 2664 tauta
1072 2607 1209 2688 perfectio
1228 2605 1334 2661 utrius·

745 2701 799 2755 (μία
821 2681 896 2738 vitae.
913 2679 994 2738 Circa
1008 2679 1141 2751 plurima,
1158 2682 1187 2733 ut
1211 2676 1333 2757 llartba,

746 2756 953 2826 occupabatur,
977 2750 1052 2806 circa
1078 2765 1177 2818 unum,
1190 2755 1220 2805 ut
1233 2751 1333 2818 Μανία,

745 2827 947 2884 delectabatur.
964 2825 1050 2880 Porro
1065 2838 1150 2877 urium
1178 2827 1217 2878 est
1240 2835 1335 2876 necea·

744 2902 875 2963 sumum,
905 2894 973 2970 qula
1001 2893 1123 2967 plurima
1152 2895 1331 2960 auferuntur,

744 2986 833 3028 unum
846 2974 951 3026 manet.
968 2965 1153 3040 singulariter
1170 2965 1258 3038 igitur
1270 2979 1334 3036 par·

746 3048 802 3099 lom
816 3042 934 3098 lllarthae
949 3040 1070 3112 peregit,
1087 3037 1270 3110 singulariter
1284 3050 1333 3108 op-

746 3114 844 3170 timam
860 3111 955 3168 llariae
971 3116 1079 3182 partem
1093 3109 1188 3180 elegit.

786 3207 815 3241 ια
831 3187 885 3241 San
910 3200 977 3238 raus
999 3184 1161 3238 liminari
1179 3195 1331 3246 urrunnun,

747 3259 844 3312 Μανία
873 3272 958 3310 rauna
988 3268 1175 3308 ranunuuxra.
1204 3281 1238 3290 -
1275 3248 1332 3329 Sed

747 3344 814 3399 pars
831 3326 950 3381 Martha>
965 3322 991 3379 ei
1008 3322 1155 3386 aufertur,
1178 3321 1242 3400 jam
1256 3333 1333 3400 emm

747 3414 805 3454 non
820 3396 874 3452 erit
888 3393 1008 3451 sollicita
1023 3398 1054 3449 ul
1064 3390 1204 3446 ministret
1219 3406 1244 3445 et
1261 3394 1334 3447 sicul

747 3485 848 3541 puero,
876 3465 921 3522 cui
946 3480 1045 3520 omnes
1064 3462 1237 3532 Angelorum
1253 3459 1332 3516 ordi·

747 3556 799 3596 nes
826 3537 990 3594 ministrant
1018 3534 1091 3591 sieut
1116 3532 1247 3590 Domino.
1269 3534 1333 3590 Jam

748 3629 806 3668 non
820 3609 981 3667 tristabitur
1003 3605 1117 3678 lugiens
1134 3605 1163 3661 in
1182 3608 1333 3679 AEgyptum

747 3683 851 3742 asaele
876 3679 1007 3750 Herodis,
1023 3677 1091 3753 (μίία
1118 3677 1125 3735 i
1148 3694 1180 3735 sa
1205 3676 1334 3736 ascendit

747 3756 776 3813 iii
797 3756 911 3825 ccelum,
927 3758 954 3811 et
972 3753 1098 3811 Herodes
1123 3695 1271 3809 gessenna
1295 3749 1333 3809 ad

747 3828 929 3896 internum,a
943 3824 1015 3882 laeie
1029 3826 1101 3899 ejus.
1115 3828 1178 3882 lam
1195 3842 1253 3881 non
1268 3828 1332 3879 tur·

745 3899 862 3959 babitur
878 3915 946 3972 erga
967 3897 1099 3971 plurima,
1121 3914 1184 3980 qua
1203 3897 1331 3976 lecerunt

746 3973 816 4029 litio
832 3989 884 4029 suo
898 3970 1000 4037 ludaei,
1016 3969 1083 4043 quia
1103 3985 1199 4026 omnia
1217 3968 1332 4048 subdita

746 4049 812 4101 sunt
834 4043 870 4100 ei.
892 4046 955 4101 lain
973 4043 1060 4100 Filius
1074 4041 1170 4098 Μανίαν
1191 4056 1208 4095 a
1224 4038 1331 4096 Judaeis

745 4117 789 4172 vel
817 4115 953 4173 militibus
966 4132 1022 4172 non
1049 4110 1250 4184 flagellabitur,
1278 4125 1332 4168 nec

746 4186 911 4245 occidetur:
941 4187 1012 4255 Quia
1038 4187 1163 4244 cbristus
1186 4197 1331 4253 resurgens

745 4276 763 4314 a
778 4262 902 4325 mortuis,
912 4261 973 4330 J'orn
987 4273 1042 4314 non
1055 4259 1186 4322 moritum
1200 4257 1246 4311 illi
1259 4271 1331 4313 mors

746 4333 822 4388 altra
849 4348 905 4389 non
931 4330 1130 4389 dominabitur.
1162 4329 1232 4388 Pars
1259 4344 1329 4403 ergo
