2850 4936
336 339 377 394 bt
404 340 585 397 PATIENTIA
611 344 646 398 itt
672 343 841 400 tbttttsts
869 345 1038 404 ssthtdttt.
1275 354 1313 417 bt

71 453 182 510 lunate
197 453 293 505 tamen
310 448 427 518 aequatis
443 450 574 505 ostilam
588 451 663 508 sicut

71 524 126 581 iste
139 520 206 577 ideo
219 536 316 591 passus
331 525 382 583 est,
398 536 433 575 ne
457 537 488 576 se
509 524 598 594 magis
621 522 663 580 ii·

72 595 177 652 deatur
194 608 303 657 amare,
330 607 413 662 quam
441 593 543 661 Deum3
570 595 608 650 ita
635 601 665 651 et

72 665 123 724 ille
138 666 203 722 ideo
216 664 289 735 legit
316 679 350 718 ne
367 661 456 719 rictus
472 662 500 718 in
517 664 664 723 doloribus

70 737 237 795 thesaurum
288 732 508 792 Christianitatis
542 737 663 796 amittat.

71 810 134 867 Hoc
148 815 243 865 autem
258 808 385 872 mandat,
401 810 457 862 tion
474 814 504 862 ut
519 810 567 881 qui
582 816 666 867 stete·

70 882 123 953 rii,
141 886 255 954 peccet:
275 879 323 933 sed
341 885 373 933 ut
403 880 451 949 qui
467 878 581 950 ingerit,
608 898 665 938 non

70 959 180 1028 peccet.
200 949 361 1006 infirmitati
377 950 510 1005 humanae
531 955 664 1023 consulit,

69 1040 132 1084 non
143 1023 210 1081 fidei
227 1023 409 1091 promptioris
420 1023 554 1079 virtutem
567 1024 663 1080 exclu-

69 1097 124 1155 dit.
141 1096 266 1152 Dicimus
280 1098 376 1149 autem
389 1093 424 1148 ad
440 1096 664 1153 consulationem

68 1168 241 1242 higientiuin
266 1166 511 1224 Christianorum:
529 1170 664 1237 quoniam

69 1247 148 1300 utare
164 1239 277 1310 quidem
293 1237 375 1291 forts
388 1237 452 1291 tidci
469 1245 513 1293 est
529 1255 536 1307 ;
553 1255 665 1364 magnae

68 1317 167 1370 autem
192 1308 369 1365 humilitatis.
399 1308 497 1379 lugere
526 1331 532 1366 :
564 1329 577 1361 ii
623 1327 664 1368 aec

69 1384 290 1453 chrysostomus.
323 1380 402 1435 Unde
430 1387 459 1436 et
487 1383 660 1450 Remipius:

70 1455 182 1513 «Siout
209 1460 380 1522 preceptum
410 1454 608 1517 perseverandi
633 1455 661 1510 in

68 1524 315 1600 persecutionibus
339 1521 499 1592 specialiter
523 1525 559 1580 ad
584 1526 660 1595 dpo·

66 1598 157 1657 scotos
173 1599 305 1669 pertinet.
325 1596 405 1650 etad
429 1611 528 1652 corum
553 1613 661 1652 succes·

68 1683 149 1728 sores
162 1672 235 1723 viros
251 1668 352 1734 tortas,
368 1666 409 1721 sie
423 1667 536 1723 licentia
552 1669 660 1740 lugien-

68 1741 98 1798 di
130 1741 200 1797 satis
218 1740 350 1794 coiiveiiit
379 1739 497 1794 infirmis
530 1741 559 1795 in
591 1740 656 1799 tide.

67 1810 194 1872 Cuilibet
213 1811 414 1866 condescendit
429 1814 494 1881 pius
514 1813 657 1938 Μεῖἰεῑετ,

67 1899 105 1942 ne
124 1885 148 1939 si
163 1899 193 1939 se
209 1884 282 1937 ultro
299 1883 335 1936 ad
357 1884 523 1952 martyrium
541 1900 558 1938 o
581 1882 659 1939 tulis·

65 1959 142 2024 seni,
157 1954 284 2010 fortassis
301 1955 383 2023 positi
397 1953 425 2007 in
442 1956 591 2009 tormentis
606 1970 659 2009 ne-

65 2032 186 2102 garent;
202 2025 289 2081 multo
305 2026 380 2079 enim
401 2023 487 2080 levius
503 2034 563 2080 erat
581 2024 659 2096 luge-

64 2115 98 2158 re
114 2114 199 2170 quam
213 2097 391 2168 negaresed
408 2098 536 2165 quamvis
550 2096 659 2167 lugien-

65 2169 104 2231 (lo
121 2172 253 2242 perlectae
278 2168 344 2224 fidei
366 2169 554 2224 constantiam
575 2169 604 2223 in
628 2184 658 2225 se

65 2258 126 2301 non
142 2242 337 2309 ostenderent,
350 2248 443 2295 tameo
458 2241 547 2310 nitigis
563 2240 658 2295 meriti

65 2319 160 2381 erant,
186 2310 323 2383 quoniam
345 2313 440 2367 omnia
469 2328 518 2380 pro
545 2311 657 2368 Christo

64 2385 160 2459 parati
175 2391 258 2441 erant
283 2386 413 2438 deserere
438 2384 581 2454 lugiendo.
599 2384 657 2439 dist

62 2462 162 2515 autem
174 2457 230 2512 iltis
242 2455 386 2511 licentiam
412 2453 537 2526 fugiendi
562 2455 656 2511 dedis·

61 2534 118 2599 set,
134 2527 264 2584 dicerent
279 2543 328 2581 eos
347 2526 434 2596 aliqui
460 2526 568 2582 alienos
596 2543 656 2583 esse

62 2613 81 2657 e
96 2600 190 2672 gloria
205 2599 284 2664 regni
301 2600 420 2653 coelestis
437 2619 443 2654 :
464 2597 553 2653 »haee
568 2600 658 2655 hemi·

63 2673 140 2744 pius.
156 2671 208 2726 Ubi
225 2671 376 2725 sciendum
400 2669 476 2739 quod
497 2671 657 2739 persecutio

62 2742 219 2814 aliquando
245 2746 289 2797 est
313 2743 479 2811 personalis,
497 2747 527 2795 ut
542 2743 656 2811 quando

84 2814 130 2871 uis
144 2812 285 2885 quaeritiir
312 2814 346 2867 ad
368 2821 499 2880 mortem,
516 2812 656 2883 nunquia

62 2830 157 2944 idetis
176 2889 220 2941 est
243 2885 446 2954 principaliter,
466 2885 515 2939 sed
540 2891 656 2954 propter

63 2955 162 3015 odium
175 2971 305 3028 personae
321 2955 532 3023 determinatae;
544 2962 572 3010 et
587 2962 655 3012 tunc

63 3033 107 3086 est
125 3042 238 3096 semper
260 3028 436 3099 lugienduin,
452 3029 524 3082 sicut
549 3028 653 3084 Paulus

86 3101 249 3156 uaerebatur
267 3102 303 3154 ad
322 3106 440 3155 mortem
458 3101 486 3155 in
503 3100 651 3156 Damasco.

64 3115 147 3241 &uod
161 3178 239 3241 patet
257 3188 289 3225 ex
307 3173 371 3237 hoc,
386 3172 454 3242 quia
479 3173 529 3227 alii
556 3173 652 3228 tideles

65 3242 305 3317 permittebantur
319 3243 356 3296 ibi
377 3243 493 3310 pacifice
512 3243 652 3311 hahitare,

64 3313 116 3371 sed
131 3315 300 3386 quaerebant
314 3314 406 3369 solum
422 3316 538 3369 Paulum
564 3315 653 3368 inter·

67 3385 165 3442 ficere.
192 3386 258 3441 ldeo
274 3387 405 3442 dimissus
421 3402 438 3440 a
454 3386 587 3440 tratribus
602 3400 655 3455 por

67 3471 195 3524 murum,
221 3458 292 3528 lugit
317 3455 541 3528 persecutionem
559 3471 655 3526 perso-

68 3528 179 3594 nalem3
199 3544 256 3584 non
271 3531 398 3585 timendo
416 3528 653 3598 persecutionem,

68 3600 120 3656 sed
149 3599 240 3669 potius
281 3600 462 3668 declinando,
496 3602 527 3653 ut
559 3599 656 3653 multis

67 3670 226 3744 prodesset.
249 3672 346 3742 ltaque
371 3688 426 3726 non
457 3676 497 3726 est
521 3669 655 3740 imperie-

68 3740 173 3800 ctionis
202 3742 311 3814 lugere,
330 3743 485 3799 secuudum
513 3742 656 3798 dictamen

68 3819 156 3871 rectae
171 3816 300 3882 ratitnis,
320 3815 356 3869 ad
372 3821 481 3884 tempus
504 3814 654 3883 salubrius,

70 3883 240 3942 utsalretur
257 3887 371 3955 lugiens
394 3886 430 3941 ad
455 3886 576 3956 majores
599 3885 656 3941 tru-

70 3957 320 4026 ctusdliquando
349 3965 444 4013 antem
476 3972 533 4012 nun
563 3958 655 4013 solum

70 4031 116 4086 est
131 4032 293 4109 persecutio
316 4045 459 4100 persiinae3
489 4029 538 4084 sed
568 4030 655 4085 etiam

69 4097 139 4155 lldei
167 4107 196 4154 et
220 4102 358 4171 justitieer
385 4108 413 4156 et
438 4110 505 4156 tunc
523 4101 547 4156 si
570 4103 655 4157 homo

66 4168 207 4241 percipiat
225 4173 409 4241 probabiliter·
433 4172 507 4242 quod
533 4189 567 4228 ex
588 4172 656 4244 luga

65 4255 120 4298 sua
137 4249 274 4312 sequatur
287 4247 390 4299 dei-isio
406 4244 472 4299 tidei
497 4250 525 4299 et
540 4246 656 4315 depres-

64 4310 109 4370 sio
119 4313 249 4386 justitia,
264 4316 332 4388 luga
343 4323 388 4372 est
409 4317 494 4389 mata,
509 4322 538 4374 et
553 4332 655 4389 pecca·

716 458 777 508 tum
794 453 915 509 mortale
930 471 937 522 ;
951 453 974 510 si
989 459 1086 512 autem
1099 471 1156 512 non
1169 464 1306 531 appareat

718 525 772 580 hoe
788 524 981 595 probabiliter.
999 530 1048 583 sed
1075 527 1165 600 magis
1190 537 1305 589 contra·

718 597 803 657 rium,
820 603 927 665 utpote.
942 601 1011 668 quia
1024 617 1056 654 ex
1070 599 1137 672 luga
1150 602 1199 658 tali
1214 608 1307 673 potest

717 667 786 723 alibi
799 668 860 723 sieri
885 670 990 725 utititas
1012 671 1154 741 Ecclesiae,
1170 690 1203 729 ex
1224 689 1305 731 man·

718 740 799 795 sione
813 748 907 796 autem
927 757 981 797 uon
998 743 1126 807 habetur,
1145 746 1198 801 nisi
1225 747 1306 802 occi-

719 812 761 866 sio
778 810 971 869 ministrorum
990 816 1131 878 Ecclesiae.
1146 823 1174 871 ct
1187 817 1305 874 concul-

719 883 793 938 catio
807 884 991 940 articulorum
1014 886 1080 942 fidei
1102 888 1138 943 ab
1155 888 1305 948 obstinatis

718 953 891 1019 infidelibus,
919 963 985 1012 tunc
1017 963 1061 1013 est
1084 958 1250 1030 fugiendum
1274 965 1305 1018 et

718 1027 785 1083 aiibi
811 1028 1041 1097 proficiendum:
1067 1030 1115 1099 qui
1143 1033 1220 1087 enim
1245 1047 1305 1090 non

719 1106 810 1168 petest
823 1099 851 1153 iii
868 1115 924 1155 uno
940 1101 1000 1155 loro
1015 1102 1161 1170 proficere,
1175 1104 1258 1159 debet
1269 1102 1307 1161 ad

718 1167 804 1224 alium
818 1173 950 1226 transire.
963 1172 1041 1226 Unde
1058 1171 1097 1227 sic
1114 1172 1154 1228 ait
1168 1175 1307 1242 depasti·-

717 1256 769 1295 nus
783 1259 789 1297 :
807 1261 821 1292 ii
834 1243 951 1297 Faciant
962 1245 1109 1312 ergoscrvi
1119 1245 1220 1299 Christi
1230 1245 1307 1316 quod

717 1316 853 1382 praecepit
876 1316 917 1367 rel
939 1314 1080 1383 permisit,
1096 1316 1169 1370 sicut
1188 1317 1246 1384 ipse
1261 1317 1307 1373 iu-

716 1386 758 1454 git
777 1385 804 1439 in
820 1387 969 1457 AEgyptum
1001 1386 1124 1456 Fugiant
1139 1388 1254 1442 omniuo
1270 1388 1306 1444 do

717 1456 829 1512 civitate
855 1473 882 1512 in
898 1459 1051 1515 civitatem.
1074 1460 1187 1527 quaudo
1205 1473 1306 1517 eorum

715 1527 864 1597 quisquam
877 1528 1038 1599 specialiter
1049 1547 1065 1583 a
1077 1531 1305 1599 persecutoribus

715 1602 867 1669 quaeritur;
899 1606 931 1655 ut
954 1602 990 1657 ab
1015 1602 1089 1670 aliis,
1115 1603 1162 1670 uui
1185 1618 1240 1657 non
1263 1601 1306 1660 ita

714 1679 970 1740 quercetanum
993 1672 1140 1728 deseratur
1166 1672 1303 1743 Ecclesia,

713 1744 762 1798 sed
779 1745 924 1811 praebeant
938 1743 1044 1799 ribaria
1060 1748 1212 1813 conservis,
1228 1759 1303 1817 quos

713 1814 798 1869 aliter
824 1817 918 1871 virere
952 1831 1008 1868 non
1037 1832 1130 1886 posse,
1158 1816 1302 1875 miserint.

714 1885 785 1942 tium
811 1893 905 1941 autem
923 1885 1061 1953 omnium,
1080 1889 1105 1940 id
1130 1895 1172 1940 est
1189 1888 1301 1956 Episco·

714 1972 825 2026 porum,
850 1958 1020 2011 elericorum
1047 1963 1075 2012 et
1101 1959 1237 2012 laicorum
1259 1962 1303 2014 est

713 2042 865 2082 commune
883 2029 1050 2095 periculum,
1068 2029 1096 2082 hi
1113 2029 1161 2098 uui
1177 2026 1241 2083 aliis
1257 2028 1303 2083 in-

715 2099 887 2169 digentnon
904 2099 1115 2154 deseranturuh
1126 2097 1188 2153 aliis
1198 2099 1303 2170 quihus

715 2168 853 2236 indigent.
878 2171 934 2226 dut
959 2169 1045 2239 igitur
1059 2172 1094 2226 ad
1115 2171 1177 2225 luca
1195 2171 1305 2228 munita

713 2257 812 2296 omnes
828 2249 989 2296 transeant:
1006 2248 1055 2297 aut
1070 2242 1117 2313 qui
1133 2243 1240 2299 hebent
1253 2258 1304 2301 ne·

713 2314 873 2368 cessitatem
886 2316 1063 2369 reprebendi.
1073 2331 1129 2369 iion
1142 2313 1304 2386 relinquan-

713 2391 760 2440 tur
773 2385 809 2440 ab
824 2387 874 2452 eis,
888 2402 937 2455 per
954 2401 1024 2455 qiios
1040 2384 1151 2441 illorum
1167 2386 1303 2444 Ecclesia·

710 2456 782 2511 stica
796 2458 955 2528 supplenda
969 2462 1013 2511 est
1025 2460 1173 2512 necessitas
1190 2464 1241 2513 :ut
1253 2457 1301 2514 iel

712 2528 819 2599 pariter
846 2529 951 2591 vivant,
971 2528 1012 2581 ret
1031 2527 1136 2598 pariter
1160 2529 1300 2583 sederant

711 2599 787 2669 quod
803 2615 850 2653 eos
866 2598 1067 2665 paterfamilias
1092 2599 1166 2651 volet
1183 2599 1239 2666 pati
1256 2614 1263 2654 :
1280 2616 1296 2651 ii

711 2670 772 2726 haec
790 2671 973 2738 depredare.
1001 2670 1054 2724 Sed
1077 2685 1111 2722 ne
1136 2669 1265 2724 dicerent
1291 2685 1298 2726 :

710 2739 818 2798 iussisti
852 2758 887 2796 ne
902 2742 936 2795 ad
964 2741 1068 2796 Gentes
1084 2741 1198 2799 iremus.
1227 2739 1296 2810 quid

710 2828 779 2883 ergo
793 2813 940 2878 iaciemus,
955 2816 976 2866 si
994 2828 1092 2868 omnes
1108 2811 1236 2869 civitates
1250 2812 1299 2869 Ju-

710 2885 780 2941 daeae
807 2885 1042 2953 circumierimus,
1070 2891 1098 2939 et
1123 2885 1300 2954 nosahjece·

710 2957 792 3012 riiitt
819 2960 876 3013 tloc
895 2965 1041 3026 prevenit,
1071 2957 1146 3011 hune
1166 2958 1301 3013 timorem

710 3031 893 3094 removendo,
906 3028 1002 3084 dicens
1019 3051 1024 3085 :
1041 3028 1299 3098 dmendicooobie,

708 3115 763 3155 aon
788 3101 1013 3156 corisummoditis
1042 3102 1168 3154 civitatee
1198 3100 1298 3170 lsrad,

710 3172 892 3241 praedicando
907 3171 1014 3226 scilieet
1028 3170 1067 3225 ibi
1083 3174 1237 3225 adventum
1253 3171 1299 3228 vel

709 3242 793 3299 sidem
810 3240 924 3299 Christi.
941 3243 1025 3297 donec
1039 3245 1131 3295 uciiiut
1148 3243 1237 3296 Filius
1255 3243 1300 3298 lto·

708 3315 804 3380 minis,
820 3315 994 3382 resurgendo
1013 3312 1151 3368 sciliceta
1169 3317 1301 3381 mortuis,

709 3388 777 3458 quia
797 3386 963 3439 denuntiato
979 3384 1103 3437 adventu
1123 3380 1238 3449 Christi,
1261 3383 1298 3439 ab

710 3457 851 3526 apostolis
869 3470 919 3524 per
932 3456 1061 3508 civitates
1071 3454 1186 3510 ludaeae.
1200 3455 1298 3510 imme·

710 3527 786 3583 diate
801 3542 898 3595 passus
914 3530 957 3580 est
975 3525 1102 3579 Christus
1126 3532 1154 3578 et
1176 3539 1194 3580 a
1219 3539 1299 3581 mor·

710 3599 764 3655 tuis
790 3613 964 3667 resurgi-ns,
988 3597 1120 3667 apparuit
1144 3594 1298 3670 discipulis.

688 3710 693 3723 .
711 3671 789 3729 Unde
806 3669 937 3726 Rudanas
954 3691 960 3724 :
978 3689 988 3717 i
1009 3668 1139 3724 Praedicit
1153 3670 1229 3740 quod
1241 3684 1299 3726 non

710 3750 778 3799 ante
801 3741 1050 3812 praedicationibus
1075 3740 1132 3796 suis
1150 3744 1185 3798 ad
1211 3741 1298 3798 tidem

711 3814 900 3884 perducerent
932 3815 1061 3869 civitates
1096 3815 1192 3880 lsrael,
1219 3812 1297 3884 quod

710 3887 881 3942 resurrectio
897 3885 1009 3940 bomini
1025 3886 1109 3940 tuerit
1125 3890 1297 3963 perpetrata²

710 3963 739 4013 et
763 3962 825 4014 toto
850 3957 919 4013 orbe
950 3961 1090 4011 terrarum
1124 3952 1298 4026 praedicandt

710 4031 894 4099 Evangeliuui
910 4035 1034 4098 potestas
1049 4042 1191 4082 concessa.
1206 4045 1219 4074 u
1236 4021 1296 4104 liei,

710 4099 733 4156 si
748 4099 920 4172 intelligatur
943 4102 977 4155 de
996 4102 1120 4153 adventu
1139 4098 1242 4150 Christi
1259 4093 1297 4148 ad

707 4171 856 4244 judicium,
877 4177 943 4226 tunc
962 4167 1148 4237 intelligenda
1167 4171 1210 4220 est
1229 4180 1297 4221 con·

710 4243 861 4299 summotio
873 4239 1083 4313 praedicationis
1096 4235 1297 4306 Apostolorum

709 4331 761 4389 per
782 4320 872 4371 totum
891 4314 1001 4376 orbem,
1021 4314 1159 4380 quantum
1179 4307 1215 4364 ad
1232 4322 1297 4364 con·
1361 4312 1365 4320 “
