<?xml version="1.0" encoding="UTF-8"?>
<!DOCTYPE html PUBLIC "-//W3C//DTD XHTML 1.0 Transitional//EN"
    "http://www.w3.org/TR/xhtml1/DTD/xhtml1-transitional.dtd">
<html xmlns="http://www.w3.org/1999/xhtml" xml:lang="en" lang="en">
 <head>
  <title>
</title>
<meta http-equiv="Content-Type" content="text/html;charset=utf-8" />
  <meta name='ocr-system' content='tesseract 3.04.00' />
  <meta name='ocr-capabilities' content='ocr_page ocr_carea ocr_par ocr_line ocrx_word'/>
</head>
<body>
  <div class='ocr_page' id='page_1' title='image "./vitajesuchristi00ludogoog_0224.png"; bbox 0 0 2880 4942; ppageno 0'>
   <div class='ocr_carea' id='block_1_1' title="bbox 438 363 1010 420">
    <p class='ocr_par' dir='ltr' id='par_1_1' title="bbox 438 363 1010 420">
     <span class='ocr_line' id='line_1_1' title="bbox 438 363 1010 420; baseline 0 -1"><span class='ocrx_word' id='word_1_1' title='bbox 438 365 478 419; x_wconf 71' lang='lat' dir='ltr'><strong>D}</strong></span> <span class='ocrx_word' id='word_1_2' title='bbox 504 363 705 420; x_wconf 71' lang='lat' dir='ltr'><strong>raucitate</strong></span> <span class='ocrx_word' id='word_1_3' title='bbox 731 364 821 420; x_wconf 72' lang='lat' dir='ltr'><strong>usto</strong></span> <span class='ocrx_word' id='word_1_4' title='bbox 848 366 886 420; x_wconf 78' lang='lat' dir='ltr'><strong>sl·</strong></span> <span class='ocrx_word' id='word_1_5' title='bbox 912 364 1010 419; x_wconf 78' lang='lat' dir='ltr'><strong>iture</strong></span> 
     </span>
    </p>
   </div>
   <div class='ocr_carea' id='block_1_2' title="bbox 107 467 700 2833">
    <p class='ocr_par' dir='ltr' id='par_1_2' title="bbox 107 467 700 2833">
     <span class='ocr_line' id='line_1_2' title="bbox 114 467 698 542; baseline 0.002 -16"><span class='ocrx_word' id='word_1_6' title='bbox 114 467 603 542; x_wconf 69' lang='lat' dir='ltr'><strong>ignorantiapeccamusiniiiium</strong></span> <span class='ocrx_word' id='word_1_7' title='bbox 616 471 698 541; x_wconf 84' lang='lat' dir='ltr'><strong>quasi</strong></span> 
     </span>
     <span class='ocr_line' id='line_1_3' title="bbox 112 541 696 613; baseline 0 -14"><span class='ocrx_word' id='word_1_8' title='bbox 112 548 211 599; x_wconf 87' lang='lat' dir='ltr'><strong>centra</strong></span> <span class='ocrx_word' id='word_1_9' title='bbox 221 541 389 613; x_wconf 82' lang='lat' dir='ltr'><strong>sapientiam</strong></span> <span class='ocrx_word' id='word_1_10' title='bbox 403 556 551 613; x_wconf 74' lang='lat' dir='ltr'><strong>peccamus</strong></span> <span class='ocrx_word' id='word_1_11' title='bbox 562 558 570 609; x_wconf 89' lang='grc'>;</span> <span class='ocrx_word' id='word_1_12' title='bbox 581 542 696 613; x_wconf 90' lang='lat' dir='ltr'><strong>quando</strong></span> 
     </span>
     <span class='ocr_line' id='line_1_4' title="bbox 112 612 697 685; baseline 0.002 -16"><span class='ocrx_word' id='word_1_13' title='bbox 112 630 180 671; x_wconf 85' lang='lat' dir='ltr'><strong>vero</strong></span> <span class='ocrx_word' id='word_1_14' title='bbox 204 630 237 671; x_wconf 83' lang='lat' dir='ltr'><strong>en</strong></span> <span class='ocrx_word' id='word_1_15' title='bbox 265 612 466 670; x_wconf 71' lang='lat' dir='ltr'><strong>malevolentia</strong></span> <span class='ocrx_word' id='word_1_16' title='bbox 487 628 649 685; x_wconf 89' lang='lat' dir='ltr'><strong>peccamus,</strong></span> <span class='ocrx_word' id='word_1_17' title='bbox 665 613 697 670; x_wconf 91' lang='lat' dir='ltr'><strong>in</strong></span> 
     </span>
     <span class='ocr_line' id='line_1_5' title="bbox 114 685 697 758; baseline -0.005 -14"><span class='ocrx_word' id='word_1_18' title='bbox 114 685 249 758; x_wconf 88' lang='lat' dir='ltr'><strong>Spiritum</strong></span> <span class='ocrx_word' id='word_1_19' title='bbox 272 687 406 742; x_wconf 86' lang='lat' dir='ltr'><strong>Sanctum</strong></span> <span class='ocrx_word' id='word_1_20' title='bbox 430 698 589 757; x_wconf 90' lang='lat' dir='ltr'><strong>peccemus,</strong></span> <span class='ocrx_word' id='word_1_21' title='bbox 615 687 697 758; x_wconf 88' lang='lat' dir='ltr'><strong>quasi</strong></span> 
     </span>
     <span class='ocr_line' id='line_1_6' title="bbox 113 756 698 829; baseline 0.002 -15"><span class='ocrx_word' id='word_1_22' title='bbox 113 764 212 814; x_wconf 88' lang='lat' dir='ltr'><strong>contra</strong></span> <span class='ocrx_word' id='word_1_23' title='bbox 228 757 420 814; x_wconf 86' lang='lat' dir='ltr'><strong>dilectionem.</strong></span> <span class='ocrx_word' id='word_1_24' title='bbox 440 757 474 813; x_wconf 87' lang='lat' dir='ltr'><strong>Et</strong></span> <span class='ocrx_word' id='word_1_25' title='bbox 488 756 553 813; x_wconf 89' lang='lat' dir='ltr'><strong>ideo</strong></span> <span class='ocrx_word' id='word_1_26' title='bbox 578 772 698 829; x_wconf 85' lang='lat' dir='ltr'><strong>peccare</strong></span> 
     </span>
     <span class='ocr_line' id='line_1_7' title="bbox 115 828 697 896; baseline 0 -10"><span class='ocrx_word' id='word_1_27' title='bbox 115 829 144 886; x_wconf 89' lang='lat' dir='ltr'><strong>in</strong></span> <span class='ocrx_word' id='word_1_28' title='bbox 162 831 274 886; x_wconf 88' lang='lat' dir='ltr'><strong>Patrem</strong></span> <span class='ocrx_word' id='word_1_29' title='bbox 289 834 318 886; x_wconf 89' lang='lat' dir='ltr'><strong>el</strong></span> <span class='ocrx_word' id='word_1_30' title='bbox 337 829 449 896; x_wconf 82' lang='lat' dir='ltr'><strong>Filium,</strong></span> <span class='ocrx_word' id='word_1_31' title='bbox 464 828 510 885; x_wconf 87' lang='lat' dir='ltr'><strong>hio</strong></span> <span class='ocrx_word' id='word_1_32' title='bbox 524 829 583 886; x_wconf 86' lang='lat' dir='ltr'><strong>sive</strong></span> <span class='ocrx_word' id='word_1_33' title='bbox 602 829 631 885; x_wconf 94' lang='lat' dir='ltr'><strong>in</strong></span> <span class='ocrx_word' id='word_1_34' title='bbox 652 830 697 886; x_wconf 87' lang='lat' dir='ltr'><strong>iit·</strong></span> 
     </span>
     <span class='ocr_line' id='line_1_8' title="bbox 113 899 697 972; baseline 0.002 -16"><span class='ocrx_word' id='word_1_35' title='bbox 113 906 176 957; x_wconf 91' lang='lat' dir='ltr'><strong>turo</strong></span> <span class='ocrx_word' id='word_1_36' title='bbox 196 901 371 958; x_wconf 89' lang='lat' dir='ltr'><strong>remittitur:</strong></span> <span class='ocrx_word' id='word_1_37' title='bbox 391 900 458 971; x_wconf 91' lang='lat' dir='ltr'><strong>quia</strong></span> <span class='ocrx_word' id='word_1_38' title='bbox 477 899 525 971; x_wconf 89' lang='lat' dir='ltr'><strong>qui</strong></span> <span class='ocrx_word' id='word_1_39' title='bbox 540 917 574 957; x_wconf 81' lang='lat' dir='ltr'><strong>ex</strong></span> <span class='ocrx_word' id='word_1_40' title='bbox 588 900 697 972; x_wconf 84' lang='lat' dir='ltr'><strong>tragili-</strong></span> 
     </span>
     <span class='ocr_line' id='line_1_9' title="bbox 112 971 697 1044; baseline -0.002 -15"><span class='ocrx_word' id='word_1_41' title='bbox 112 975 171 1029; x_wconf 89' lang='lat' dir='ltr'><strong>tete</strong></span> <span class='ocrx_word' id='word_1_42' title='bbox 189 974 234 1029; x_wconf 85' lang='lat' dir='ltr'><strong>sel</strong></span> <span class='ocrx_word' id='word_1_43' title='bbox 249 971 411 1044; x_wconf 89' lang='lat' dir='ltr'><strong>ignorantia</strong></span> <span class='ocrx_word' id='word_1_44' title='bbox 425 976 533 1044; x_wconf 90' lang='lat' dir='ltr'><strong>peccat,</strong></span> <span class='ocrx_word' id='word_1_45' title='bbox 553 971 627 1028; x_wconf 89' lang='lat' dir='ltr'><strong>sicut</strong></span> <span class='ocrx_word' id='word_1_46' title='bbox 645 972 697 1028; x_wconf 92' lang='lat' dir='ltr'><strong>ali·</strong></span> 
     </span>
     <span class='ocr_line' id='line_1_10' title="bbox 112 1043 697 1116; baseline 0 -15"><span class='ocrx_word' id='word_1_47' title='bbox 112 1058 199 1116; x_wconf 89' lang='lat' dir='ltr'><strong>quam</strong></span> <span class='ocrx_word' id='word_1_48' title='bbox 219 1044 428 1100; x_wconf 84' lang='lat' dir='ltr'><strong>excusationem</strong></span> <span class='ocrx_word' id='word_1_49' title='bbox 449 1043 534 1099; x_wconf 89' lang='lat' dir='ltr'><strong>babet</strong></span> <span class='ocrx_word' id='word_1_50' title='bbox 552 1043 582 1098; x_wconf 89' lang='lat' dir='ltr'><strong>in</strong></span> <span class='ocrx_word' id='word_1_51' title='bbox 605 1044 647 1100; x_wconf 89' lang='lat' dir='ltr'><strong>cul</strong></span> <span class='ocrx_word' id='word_1_52' title='bbox 669 1060 697 1114; x_wconf 86' lang='lat' dir='ltr'><strong>a,</strong></span> 
     </span>
     <span class='ocr_line' id='line_1_11' title="bbox 111 1060 698 1186; baseline 0.003 -15"><span class='ocrx_word' id='word_1_53' title='bbox 111 1115 152 1171; x_wconf 92' lang='lat' dir='ltr'><strong>ila</strong></span> <span class='ocrx_word' id='word_1_54' title='bbox 165 1116 250 1171; x_wconf 86' lang='lat' dir='ltr'><strong>etiam</strong></span> <span class='ocrx_word' id='word_1_55' title='bbox 263 1115 389 1186; x_wconf 90' lang='lat' dir='ltr'><strong>aliquam</strong></span> <span class='ocrx_word' id='word_1_56' title='bbox 403 1060 698 1173; x_wconf 56' lang='lat' dir='ltr'><strong>remissionembege·</strong></span> 
     </span>
     <span class='ocr_line' id='line_1_12' title="bbox 112 1185 696 1268; baseline 0.003 -26"><span class='ocrx_word' id='word_1_57' title='bbox 112 1201 144 1242; x_wconf 91' lang='lat' dir='ltr'><strong>re</strong></span> <span class='ocrx_word' id='word_1_58' title='bbox 158 1187 243 1243; x_wconf 92' lang='lat' dir='ltr'><strong>debet</strong></span> <span class='ocrx_word' id='word_1_59' title='bbox 253 1187 282 1243; x_wconf 93' lang='lat' dir='ltr'><strong>iu</strong></span> <span class='ocrx_word' id='word_1_60' title='bbox 297 1201 383 1268; x_wconf 89' lang='lat' dir='ltr'><strong>poena</strong></span> <span class='ocrx_word' id='word_1_61' title='bbox 395 1200 402 1243; x_wconf 76' lang='lat' dir='ltr'><strong>t</strong></span> <span class='ocrx_word' id='word_1_62' title='bbox 414 1185 472 1242; x_wconf 90' lang='lat' dir='ltr'><strong>sive</strong></span> <span class='ocrx_word' id='word_1_63' title='bbox 484 1185 514 1243; x_wconf 90' lang='lat' dir='ltr'><strong>iu</strong></span> <span class='ocrx_word' id='word_1_64' title='bbox 525 1186 579 1242; x_wconf 84' lang='lat' dir='ltr'><strong>line</strong></span> <span class='ocrx_word' id='word_1_65' title='bbox 588 1188 696 1257; x_wconf 89' lang='lat' dir='ltr'><strong>seculo,</strong></span> 
     </span>
     <span class='ocr_line' id='line_1_13' title="bbox 113 1257 697 1331; baseline 0.005 -18"><span class='ocrx_word' id='word_1_66' title='bbox 113 1257 137 1314; x_wconf 88' lang='lat' dir='ltr'><strong>si</strong></span> <span class='ocrx_word' id='word_1_67' title='bbox 153 1258 329 1329; x_wconf 74' lang='lat' dir='ltr'><strong>penituerit,</strong></span> <span class='ocrx_word' id='word_1_68' title='bbox 349 1263 380 1315; x_wconf 89' lang='lat' dir='ltr'><strong>nt</strong></span> <span class='ocrx_word' id='word_1_69' title='bbox 402 1257 514 1315; x_wconf 78' lang='lat' dir='ltr'><strong>facilius</strong></span> <span class='ocrx_word' id='word_1_70' title='bbox 539 1273 697 1331; x_wconf 89' lang='lat' dir='ltr'><strong>consequa·</strong></span> 
     </span>
     <span class='ocr_line' id='line_1_14' title="bbox 112 1328 697 1400; baseline 0.007 -17"><span class='ocrx_word' id='word_1_71' title='bbox 112 1333 159 1384; x_wconf 92' lang='lat' dir='ltr'><strong>tur</strong></span> <span class='ocrx_word' id='word_1_72' title='bbox 179 1328 398 1400; x_wconf 69' lang='lat' dir='ltr'><strong>indulgentiam</strong></span> <span class='ocrx_word' id='word_1_73' title='bbox 419 1329 478 1386; x_wconf 80' lang='lat' dir='ltr'><strong>siue</strong></span> <span class='ocrx_word' id='word_1_74' title='bbox 497 1329 528 1385; x_wconf 91' lang='lat' dir='ltr'><strong>in</strong></span> <span class='ocrx_word' id='word_1_75' title='bbox 547 1330 653 1397; x_wconf 82' lang='lat' dir='ltr'><strong>tuturo,</strong></span> <span class='ocrx_word' id='word_1_76' title='bbox 674 1332 697 1387; x_wconf 88' lang='lat' dir='ltr'><strong>si</strong></span> 
     </span>
     <span class='ocr_line' id='line_1_15' title="bbox 112 1399 697 1472; baseline 0.005 -17"><span class='ocrx_word' id='word_1_77' title='bbox 112 1399 142 1455; x_wconf 91' lang='lat' dir='ltr'><strong>in</strong></span> <span class='ocrx_word' id='word_1_78' title='bbox 153 1401 228 1457; x_wconf 88' lang='lat' dir='ltr'><strong>malo</strong></span> <span class='ocrx_word' id='word_1_79' title='bbox 237 1401 471 1472; x_wconf 75' lang='lat' dir='ltr'><strong>perseveraverit,</strong></span> <span class='ocrx_word' id='word_1_80' title='bbox 479 1403 509 1459; x_wconf 92' lang='lat' dir='ltr'><strong>ut</strong></span> <span class='ocrx_word' id='word_1_81' title='bbox 524 1400 697 1458; x_wconf 88' lang='lat' dir='ltr'><strong>tolerabilio·</strong></span> 
     </span>
     <span class='ocr_line' id='line_1_16' title="bbox 110 1472 697 1544; baseline 0.003 -17"><span class='ocrx_word' id='word_1_82' title='bbox 110 1486 171 1527; x_wconf 88' lang='lat' dir='ltr'><strong>rem</strong></span> <span class='ocrx_word' id='word_1_83' title='bbox 188 1473 291 1529; x_wconf 88' lang='lat' dir='ltr'><strong>sentiat</strong></span> <span class='ocrx_word' id='word_1_84' title='bbox 305 1487 429 1544; x_wconf 89' lang='lat' dir='ltr'><strong>poenam.</strong></span> <span class='ocrx_word' id='word_1_85' title='bbox 444 1472 494 1539; x_wconf 87' lang='lat' dir='ltr'><strong>Qui</strong></span> <span class='ocrx_word' id='word_1_86' title='bbox 511 1488 578 1529; x_wconf 87' lang='lat' dir='ltr'><strong>vere</strong></span> <span class='ocrx_word' id='word_1_87' title='bbox 592 1489 625 1529; x_wconf 84' lang='lat' dir='ltr'><strong>ex</strong></span> <span class='ocrx_word' id='word_1_88' title='bbox 638 1488 697 1529; x_wconf 89' lang='lat' dir='ltr'><strong>ma·</strong></span> 
     </span>
     <span class='ocr_line' id='line_1_17' title="bbox 110 1541 697 1615; baseline 0.007 -17"><span class='ocrx_word' id='word_1_89' title='bbox 110 1541 172 1598; x_wconf 90' lang='lat' dir='ltr'><strong>litia</strong></span> <span class='ocrx_word' id='word_1_90' title='bbox 187 1549 314 1615; x_wconf 88' lang='lat' dir='ltr'><strong>peccant,</strong></span> <span class='ocrx_word' id='word_1_91' title='bbox 330 1556 429 1600; x_wconf 92' lang='lat' dir='ltr'><strong>eorum</strong></span> <span class='ocrx_word' id='word_1_92' title='bbox 442 1543 577 1599; x_wconf 90' lang='lat' dir='ltr'><strong>delictum</strong></span> <span class='ocrx_word' id='word_1_93' title='bbox 590 1545 697 1602; x_wconf 89' lang='lat' dir='ltr'><strong>nullam</strong></span> 
     </span>
     <span class='ocr_line' id='line_1_18' title="bbox 112 1613 699 1687; baseline 0.003 -16"><span class='ocrx_word' id='word_1_94' title='bbox 112 1615 321 1671; x_wconf 74' lang='lat' dir='ltr'><strong>eneusmionem</strong></span> <span class='ocrx_word' id='word_1_95' title='bbox 346 1616 449 1684; x_wconf 77' lang='lat' dir='ltr'><strong>babel3</strong></span> <span class='ocrx_word' id='word_1_96' title='bbox 474 1622 503 1671; x_wconf 91' lang='lat' dir='ltr'><strong>et</strong></span> <span class='ocrx_word' id='word_1_97' title='bbox 527 1613 592 1671; x_wconf 87' lang='lat' dir='ltr'><strong>ideo</strong></span> <span class='ocrx_word' id='word_1_98' title='bbox 613 1629 699 1687; x_wconf 78' lang='lat' dir='ltr'><strong>poeus</strong></span> 
     </span>
     <span class='ocr_line' id='line_1_19' title="bbox 113 1683 697 1744; baseline 0.003 -2"><span class='ocrx_word' id='word_1_99' title='bbox 113 1700 212 1742; x_wconf 90' lang='lat' dir='ltr'><strong>eorum</strong></span> <span class='ocrx_word' id='word_1_100' title='bbox 228 1683 426 1743; x_wconf 80' lang='lat' dir='ltr'><strong>remissionem</strong></span> <span class='ocrx_word' id='word_1_101' title='bbox 442 1686 547 1744; x_wconf 87' lang='lat' dir='ltr'><strong>hebere</strong></span> <span class='ocrx_word' id='word_1_102' title='bbox 564 1702 623 1742; x_wconf 91' lang='lat' dir='ltr'><strong>non</strong></span> <span class='ocrx_word' id='word_1_103' title='bbox 646 1688 697 1744; x_wconf 90' lang='lat' dir='ltr'><strong>de·</strong></span> 
     </span>
     <span class='ocr_line' id='line_1_20' title="bbox 110 1757 698 1830; baseline 0.003 -16"><span class='ocrx_word' id='word_1_104' title='bbox 110 1758 168 1826; x_wconf 89' lang='lat' dir='ltr'><strong>bet,</strong></span> <span class='ocrx_word' id='word_1_105' title='bbox 180 1758 256 1830; x_wconf 89' lang='lat' dir='ltr'><strong>quia,</strong></span> <span class='ocrx_word' id='word_1_106' title='bbox 271 1760 294 1814; x_wconf 88' lang='lat' dir='ltr'><strong>si</strong></span> <span class='ocrx_word' id='word_1_107' title='bbox 305 1757 492 1830; x_wconf 86' lang='lat' dir='ltr'><strong>poeultueriui</strong></span> <span class='ocrx_word' id='word_1_108' title='bbox 503 1757 532 1814; x_wconf 88' lang='lat' dir='ltr'><strong>in</strong></span> <span class='ocrx_word' id='word_1_109' title='bbox 547 1757 602 1814; x_wconf 88' lang='lat' dir='ltr'><strong>hoe</strong></span> <span class='ocrx_word' id='word_1_110' title='bbox 617 1772 698 1816; x_wconf 87' lang='lat' dir='ltr'><strong>secu·</strong></span> 
     </span>
     <span class='ocr_line' id='line_1_21' title="bbox 111 1828 696 1901; baseline 0.003 -16"><span class='ocrx_word' id='word_1_111' title='bbox 111 1828 696 1901; x_wconf 88' lang='lat' dir='ltr'><strong>lo,plenasatislactionemulctandisunt;</strong></span> 
     </span>
     <span class='ocr_line' id='line_1_22' title="bbox 111 1899 700 1974; baseline 0.003 -16"><span class='ocrx_word' id='word_1_112' title='bbox 111 1899 135 1958; x_wconf 91' lang='lat' dir='ltr'><strong>si</strong></span> <span class='ocrx_word' id='word_1_113' title='bbox 164 1907 269 1971; x_wconf 85' lang='lat' dir='ltr'><strong>autem,</strong></span> <span class='ocrx_word' id='word_1_114' title='bbox 301 1917 358 1958; x_wconf 93' lang='lat' dir='ltr'><strong>non</strong></span> <span class='ocrx_word' id='word_1_115' title='bbox 391 1901 585 1973; x_wconf 76' lang='lat' dir='ltr'><strong>paenituerint,</strong></span> <span class='ocrx_word' id='word_1_116' title='bbox 613 1902 700 1974; x_wconf 85' lang='lat' dir='ltr'><strong>plena</strong></span> 
     </span>
     <span class='ocr_line' id='line_1_23' title="bbox 110 1973 698 2031; baseline 0.005 -3"><span class='ocrx_word' id='word_1_117' title='bbox 110 1973 296 2030; x_wconf 90' lang='lat' dir='ltr'><strong>damnatione</strong></span> <span class='ocrx_word' id='word_1_118' title='bbox 321 1973 351 2028; x_wconf 93' lang='lat' dir='ltr'><strong>in</strong></span> <span class='ocrx_word' id='word_1_119' title='bbox 375 1973 470 2029; x_wconf 88' lang='lat' dir='ltr'><strong>tuturo</strong></span> <span class='ocrx_word' id='word_1_120' title='bbox 493 1973 589 2029; x_wconf 82' lang='lat' dir='ltr'><strong>seculo</strong></span> <span class='ocrx_word' id='word_1_121' title='bbox 614 1988 698 2031; x_wconf 84' lang='lat' dir='ltr'><strong>:nou</strong></span> 
     </span>
     <span class='ocr_line' id='line_1_24' title="bbox 112 2044 697 2117; baseline 0 -16"><span class='ocrx_word' id='word_1_122' title='bbox 112 2044 181 2116; x_wconf 92' lang='lat' dir='ltr'><strong>quia</strong></span> <span class='ocrx_word' id='word_1_123' title='bbox 200 2044 406 2117; x_wconf 72' lang='lat' dir='ltr'><strong>poenitentibus</strong></span> <span class='ocrx_word' id='word_1_124' title='bbox 420 2045 504 2102; x_wconf 83' lang='lat' dir='ltr'><strong>venia</strong></span> <span class='ocrx_word' id='word_1_125' title='bbox 521 2044 697 2116; x_wconf 83' lang='lat' dir='ltr'><strong>denegetur3</strong></span> 
     </span>
     <span class='ocr_line' id='line_1_25' title="bbox 112 2115 698 2190; baseline 0.002 -18"><span class='ocrx_word' id='word_1_126' title='bbox 112 2116 162 2172; x_wconf 86' lang='lat' dir='ltr'><strong>sed</strong></span> <span class='ocrx_word' id='word_1_127' title='bbox 183 2115 250 2188; x_wconf 88' lang='lat' dir='ltr'><strong>quia</strong></span> <span class='ocrx_word' id='word_1_128' title='bbox 264 2118 349 2188; x_wconf 85' lang='lat' dir='ltr'><strong>pleno</strong></span> <span class='ocrx_word' id='word_1_129' title='bbox 364 2121 491 2190; x_wconf 90' lang='lat' dir='ltr'><strong>peccato,</strong></span> <span class='ocrx_word' id='word_1_130' title='bbox 508 2116 594 2188; x_wconf 90' lang='lat' dir='ltr'><strong>plena</strong></span> <span class='ocrx_word' id='word_1_131' title='bbox 615 2116 698 2174; x_wconf 89' lang='lat' dir='ltr'><strong>retri-</strong></span> 
     </span>
     <span class='ocr_line' id='line_1_26' title="bbox 111 2187 696 2246; baseline 0.003 -2"><span class='ocrx_word' id='word_1_132' title='bbox 111 2187 190 2244; x_wconf 92' lang='lat' dir='ltr'><strong>butio</strong></span> <span class='ocrx_word' id='word_1_133' title='bbox 217 2188 357 2245; x_wconf 88' lang='lat' dir='ltr'><strong>debeatur</strong></span> <span class='ocrx_word' id='word_1_134' title='bbox 385 2203 392 2244; x_wconf 75' lang='lat' dir='ltr'><strong>c</strong></span> <span class='ocrx_word' id='word_1_135' title='bbox 421 2190 510 2244; x_wconf 73' lang='lat' dir='ltr'><strong>»hese</strong></span> <span class='ocrx_word' id='word_1_136' title='bbox 529 2190 696 2246; x_wconf 70' lang='lat' dir='ltr'><strong>Bernartius.</strong></span> 
     </span>
     <span class='ocr_line' id='line_1_27' title="bbox 111 2258 697 2333; baseline 0 -16"><span class='ocrx_word' id='word_1_137' title='bbox 111 2258 232 2332; x_wconf 75' lang='lat' dir='ltr'><strong>Spiritus</strong></span> <span class='ocrx_word' id='word_1_138' title='bbox 248 2277 315 2332; x_wconf 91' lang='lat' dir='ltr'><strong>erge</strong></span> <span class='ocrx_word' id='word_1_139' title='bbox 329 2259 513 2333; x_wconf 81' lang='lat' dir='ltr'><strong>blasphemie</strong></span> <span class='ocrx_word' id='word_1_140' title='bbox 530 2274 586 2316; x_wconf 95' lang='lat' dir='ltr'><strong>non</strong></span> <span class='ocrx_word' id='word_1_141' title='bbox 599 2260 697 2317; x_wconf 87' lang='lat' dir='ltr'><strong>remit·</strong></span> 
     </span>
     <span class='ocr_line' id='line_1_28' title="bbox 112 2331 699 2404; baseline 0.003 -17"><span class='ocrx_word' id='word_1_142' title='bbox 112 2336 189 2388; x_wconf 90' lang='lat' dir='ltr'><strong>tetur</strong></span> <span class='ocrx_word' id='word_1_143' title='bbox 207 2331 327 2400; x_wconf 88' lang='lat' dir='ltr'><strong>bomini,</strong></span> <span class='ocrx_word' id='word_1_144' title='bbox 351 2348 409 2388; x_wconf 90' lang='lat' dir='ltr'><strong>nou</strong></span> <span class='ocrx_word' id='word_1_145' title='bbox 431 2332 507 2404; x_wconf 90' lang='lat' dir='ltr'><strong>quod</strong></span> <span class='ocrx_word' id='word_1_146' title='bbox 527 2332 554 2388; x_wconf 89' lang='lat' dir='ltr'><strong>ei</strong></span> <span class='ocrx_word' id='word_1_147' title='bbox 578 2338 699 2403; x_wconf 75' lang='lat' dir='ltr'><strong>negetur</strong></span> 
     </span>
     <span class='ocr_line' id='line_1_29' title="bbox 107 2402 698 2486; baseline 0.002 -27"><span class='ocrx_word' id='word_1_148' title='bbox 107 2402 251 2469; x_wconf 82' lang='lat' dir='ltr'><strong>remissio,</strong></span> <span class='ocrx_word' id='word_1_149' title='bbox 272 2404 295 2460; x_wconf 91' lang='lat' dir='ltr'><strong>si</strong></span> <span class='ocrx_word' id='word_1_150' title='bbox 314 2403 466 2476; x_wconf 84' lang='lat' dir='ltr'><strong>poeniteat;</strong></span> <span class='ocrx_word' id='word_1_151' title='bbox 492 2402 543 2460; x_wconf 89' lang='lat' dir='ltr'><strong>sed</strong></span> <span class='ocrx_word' id='word_1_152' title='bbox 567 2404 634 2486; x_wconf 89' lang='lat' dir='ltr'><strong>quia</strong></span> <span class='ocrx_word' id='word_1_153' title='bbox 651 2403 698 2461; x_wconf 83' lang='lat' dir='ltr'><strong>liic</strong></span> 
     </span>
     <span class='ocr_line' id='line_1_30' title="bbox 109 2472 699 2547; baseline 0.003 -16"><span class='ocrx_word' id='word_1_154' title='bbox 109 2472 305 2547; x_wconf 84' lang='lat' dir='ltr'><strong>blasphemus,</strong></span> <span class='ocrx_word' id='word_1_155' title='bbox 325 2474 504 2546; x_wconf 84' lang='lat' dir='ltr'><strong>exigentibus</strong></span> <span class='ocrx_word' id='word_1_156' title='bbox 517 2476 600 2532; x_wconf 85' lang='lat' dir='ltr'><strong>malis</strong></span> <span class='ocrx_word' id='word_1_157' title='bbox 615 2472 699 2533; x_wconf 87' lang='lat' dir='ltr'><strong>merl-</strong></span> 
     </span>
     <span class='ocr_line' id='line_1_31' title="bbox 109 2543 696 2619; baseline 0.007 -18"><span class='ocrx_word' id='word_1_158' title='bbox 109 2544 158 2617; x_wconf 90' lang='lat' dir='ltr'><strong>tis,</strong></span> <span class='ocrx_word' id='word_1_159' title='bbox 174 2545 247 2604; x_wconf 88' lang='lat' dir='ltr'><strong>sicut</strong></span> <span class='ocrx_word' id='word_1_160' title='bbox 262 2562 417 2619; x_wconf 86' lang='lat' dir='ltr'><strong>numquam</strong></span> <span class='ocrx_word' id='word_1_161' title='bbox 431 2547 468 2602; x_wconf 90' lang='lat' dir='ltr'><strong>ad</strong></span> <span class='ocrx_word' id='word_1_162' title='bbox 483 2543 696 2618; x_wconf 83' lang='lat' dir='ltr'><strong>remissionem,</strong></span> 
     </span>
     <span class='ocr_line' id='line_1_32' title="bbox 109 2617 698 2701; baseline 0.005 -28"><span class='ocrx_word' id='word_1_163' title='bbox 109 2617 151 2674; x_wconf 88' lang='lat' dir='ltr'><strong>lta</strong></span> <span class='ocrx_word' id='word_1_164' title='bbox 166 2633 218 2674; x_wconf 89' lang='lat' dir='ltr'><strong>nec</strong></span> <span class='ocrx_word' id='word_1_165' title='bbox 235 2619 271 2674; x_wconf 93' lang='lat' dir='ltr'><strong>ad</strong></span> <span class='ocrx_word' id='word_1_166' title='bbox 289 2617 488 2701; x_wconf 84' lang='lat' dir='ltr'><strong>poeiritentiam</strong></span> <span class='ocrx_word' id='word_1_167' title='bbox 507 2623 698 2689; x_wconf 86' lang='lat' dir='ltr'><strong>perventurus</strong></span> 
     </span>
     <span class='ocr_line' id='line_1_33' title="bbox 109 2691 698 2762; baseline 0 -16"><span class='ocrx_word' id='word_1_168' title='bbox 109 2692 162 2746; x_wconf 87' lang='lat' dir='ltr'><strong>cst.</strong></span> <span class='ocrx_word' id='word_1_169' title='bbox 179 2691 259 2747; x_wconf 90' lang='lat' dir='ltr'><strong>Unde</strong></span> <span class='ocrx_word' id='word_1_170' title='bbox 273 2696 314 2747; x_wconf 85' lang='lat' dir='ltr'><strong>art</strong></span> <span class='ocrx_word' id='word_1_171' title='bbox 327 2693 453 2748; x_wconf 89' lang='lat' dir='ltr'><strong>loannes</strong></span> <span class='ocrx_word' id='word_1_172' title='bbox 468 2707 475 2745; x_wconf 75' lang='lat' dir='ltr'><strong>a</strong></span> <span class='ocrx_word' id='word_1_173' title='bbox 488 2693 539 2746; x_wconf 83' lang='lat' dir='ltr'><strong>Est</strong></span> <span class='ocrx_word' id='word_1_174' title='bbox 556 2696 698 2762; x_wconf 87' lang='lat' dir='ltr'><strong>peecatum</strong></span> 
     </span>
     <span class='ocr_line' id='line_1_34' title="bbox 109 2762 698 2833; baseline 0.003 -15"><span class='ocrx_word' id='word_1_175' title='bbox 109 2763 148 2818; x_wconf 87' lang='lat' dir='ltr'><strong>ud</strong></span> <span class='ocrx_word' id='word_1_176' title='bbox 161 2767 285 2831; x_wconf 83' lang='lat' dir='ltr'><strong>mortens,</strong></span> <span class='ocrx_word' id='word_1_177' title='bbox 301 2778 356 2818; x_wconf 87' lang='lat' dir='ltr'><strong>non</strong></span> <span class='ocrx_word' id='word_1_178' title='bbox 371 2779 421 2833; x_wconf 86' lang='lat' dir='ltr'><strong>pro</strong></span> <span class='ocrx_word' id='word_1_179' title='bbox 434 2763 484 2817; x_wconf 87' lang='lat' dir='ltr'><strong>illo</strong></span> <span class='ocrx_word' id='word_1_180' title='bbox 499 2762 561 2818; x_wconf 85' lang='lat' dir='ltr'><strong>dieo</strong></span> <span class='ocrx_word' id='word_1_181' title='bbox 575 2767 608 2818; x_wconf 86' lang='lat' dir='ltr'><strong>ut</strong></span> <span class='ocrx_word' id='word_1_182' title='bbox 621 2767 698 2832; x_wconf 86' lang='lat' dir='ltr'><strong>repet</strong></span> 
     </span>
    </p>
   </div>
   <div class='ocr_carea' id='block_1_3' title="bbox 757 468 1346 669">
    <p class='ocr_par' dir='ltr' id='par_1_3' title="bbox 757 468 1346 669">
     <span class='ocr_line' id='line_1_35' title="bbox 759 468 1346 540; baseline 0.007 -13"><span class='ocrx_word' id='word_1_183' title='bbox 759 470 847 528; x_wconf 83' lang='lat' dir='ltr'><strong>babel</strong></span> <span class='ocrx_word' id='word_1_184' title='bbox 869 484 934 526; x_wconf 90' lang='lat' dir='ltr'><strong>cum</strong></span> <span class='ocrx_word' id='word_1_185' title='bbox 959 468 1038 539; x_wconf 84' lang='lat' dir='ltr'><strong>rino,</strong></span> <span class='ocrx_word' id='word_1_186' title='bbox 1059 473 1088 527; x_wconf 87' lang='lat' dir='ltr'><strong>st</strong></span> <span class='ocrx_word' id='word_1_187' title='bbox 1109 468 1275 530; x_wconf 73' lang='lat' dir='ltr'><strong>clevans.</strong></span> <span class='ocrx_word' id='word_1_188' title='bbox 1290 470 1346 540; x_wconf 80' lang='lat' dir='ltr'><strong>Qui</strong></span> 
     </span>
     <span class='ocr_line' id='line_1_36' title="bbox 757 541 1345 669; baseline 0.005 -69"><span class='ocrx_word' id='word_1_189' title='bbox 757 546 852 600; x_wconf 87' lang='lat' dir='ltr'><strong>autem</strong></span> <span class='ocrx_word' id='word_1_190' title='bbox 864 544 981 669; x_wconf 55' lang='lat' dir='ltr'><strong>prester</strong></span> <span class='ocrx_word' id='word_1_191' title='bbox 993 541 1218 612; x_wconf 73' lang='lat' dir='ltr'><strong>magnitudinem</strong></span> <span class='ocrx_word' id='word_1_192' title='bbox 1228 543 1345 603; x_wconf 81' lang='lat' dir='ltr'><strong>sceleris</strong></span> 
     </span>
    </p>
   </div>
   <div class='ocr_carea' id='block_1_4' title="bbox 755 612 1349 2831">
    <p class='ocr_par' dir='ltr' id='par_1_4' title="bbox 755 612 1349 2831">
     <span class='ocr_line' id='line_1_37' title="bbox 757 612 1347 686; baseline 0.003 -15"><span class='ocrx_word' id='word_1_193' title='bbox 757 614 891 686; x_wconf 87' lang='lat' dir='ltr'><strong>desperat</strong></span> <span class='ocrx_word' id='word_1_194' title='bbox 934 612 1170 671; x_wconf 87' lang='lat' dir='ltr'><strong>emisericordia</strong></span> <span class='ocrx_word' id='word_1_195' title='bbox 1195 615 1256 686; x_wconf 88' lang='lat' dir='ltr'><strong>Dei,</strong></span> <span class='ocrx_word' id='word_1_196' title='bbox 1274 621 1347 673; x_wconf 81' lang='lat' dir='ltr'><strong>tam·</strong></span> 
     </span>
     <span class='ocr_line' id='line_1_38' title="bbox 757 683 1347 758; baseline 0.005 -15"><span class='ocrx_word' id='word_1_197' title='bbox 757 700 843 758; x_wconf 91' lang='lat' dir='ltr'><strong>quam</strong></span> <span class='ocrx_word' id='word_1_198' title='bbox 865 683 1031 757; x_wconf 75' lang='lat' dir='ltr'><strong>magnitudo</strong></span> <span class='ocrx_word' id='word_1_199' title='bbox 1045 685 1153 757; x_wconf 88' lang='lat' dir='ltr'><strong>peccati</strong></span> <span class='ocrx_word' id='word_1_200' title='bbox 1167 686 1212 743; x_wconf 90' lang='lat' dir='ltr'><strong>sul</strong></span> <span class='ocrx_word' id='word_1_201' title='bbox 1229 684 1347 746; x_wconf 78' lang='lat' dir='ltr'><strong>excedet</strong></span> 
     </span>
     <span class='ocr_line' id='line_1_39' title="bbox 755 755 1344 828; baseline 0.003 -14"><span class='ocrx_word' id='word_1_202' title='bbox 755 757 981 828; x_wconf 84' lang='lat' dir='ltr'><strong>magnitudinem</strong></span> <span class='ocrx_word' id='word_1_203' title='bbox 993 755 1198 815; x_wconf 81' lang='lat' dir='ltr'><strong>misericordias</strong></span> <span class='ocrx_word' id='word_1_204' title='bbox 1214 758 1282 827; x_wconf 78' lang='lat' dir='ltr'><strong>llei3</strong></span> <span class='ocrx_word' id='word_1_205' title='bbox 1298 757 1344 816; x_wconf 90' lang='lat' dir='ltr'><strong>in·</strong></span> 
     </span>
     <span class='ocr_line' id='line_1_40' title="bbox 757 828 1348 902; baseline 0 -16"><span class='ocrx_word' id='word_1_206' title='bbox 757 830 793 886; x_wconf 91' lang='lat' dir='ltr'><strong>de</strong></span> <span class='ocrx_word' id='word_1_207' title='bbox 807 829 978 897; x_wconf 84' lang='lat' dir='ltr'><strong>obstinatur,</strong></span> <span class='ocrx_word' id='word_1_208' title='bbox 989 833 1106 902; x_wconf 84' lang='lat' dir='ltr'><strong>peccata</strong></span> <span class='ocrx_word' id='word_1_209' title='bbox 1115 828 1348 902; x_wconf 79' lang='lat' dir='ltr'><strong>peccatissupen·</strong></span> 
     </span>
     <span class='ocr_line' id='line_1_41' title="bbox 757 899 1347 974; baseline 0.002 -16"><span class='ocrx_word' id='word_1_210' title='bbox 757 901 878 971; x_wconf 87' lang='lat' dir='ltr'><strong>addens,</strong></span> <span class='ocrx_word' id='word_1_211' title='bbox 897 901 934 958; x_wconf 91' lang='lat' dir='ltr'><strong>de</strong></span> <span class='ocrx_word' id='word_1_212' title='bbox 952 906 1068 972; x_wconf 82' lang='lat' dir='ltr'><strong>peccato</strong></span> <span class='ocrx_word' id='word_1_213' title='bbox 1086 899 1119 957; x_wconf 91' lang='lat' dir='ltr'><strong>ln</strong></span> <span class='ocrx_word' id='word_1_214' title='bbox 1137 906 1285 974; x_wconf 82' lang='lat' dir='ltr'><strong>peccatum</strong></span> <span class='ocrx_word' id='word_1_215' title='bbox 1302 901 1347 959; x_wconf 83' lang='lat' dir='ltr'><strong>ei·</strong></span> 
     </span>
     <span class='ocr_line' id='line_1_42' title="bbox 757 971 1346 1046; baseline 0.002 -16"><span class='ocrx_word' id='word_1_216' title='bbox 757 974 869 1030; x_wconf 78' lang='lat' dir='ltr'><strong>frenata</strong></span> <span class='ocrx_word' id='word_1_217' title='bbox 882 971 1014 1030; x_wconf 88' lang='lat' dir='ltr'><strong>libertate</strong></span> <span class='ocrx_word' id='word_1_218' title='bbox 1027 984 1125 1043; x_wconf 81' lang='lat' dir='ltr'><strong>meus,</strong></span> <span class='ocrx_word' id='word_1_219' title='bbox 1145 987 1293 1046; x_wconf 83' lang='lat' dir='ltr'><strong>quousque</strong></span> <span class='ocrx_word' id='word_1_220' title='bbox 1308 972 1346 1032; x_wconf 84' lang='lat' dir='ltr'><strong>sd</strong></span> 
     </span>
     <span class='ocr_line' id='line_1_43' title="bbox 757 1043 1346 1115; baseline 0.002 -14"><span class='ocrx_word' id='word_1_221' title='bbox 757 1045 904 1102; x_wconf 89' lang='lat' dir='ltr'><strong>cumulum</strong></span> <span class='ocrx_word' id='word_1_222' title='bbox 934 1044 1125 1101; x_wconf 81' lang='lat' dir='ltr'><strong>damnationis</strong></span> <span class='ocrx_word' id='word_1_223' title='bbox 1148 1043 1252 1102; x_wconf 84' lang='lat' dir='ltr'><strong>veniet.</strong></span> <span class='ocrx_word' id='word_1_224' title='bbox 1279 1044 1346 1115; x_wconf 80' lang='lat' dir='ltr'><strong>sed,</strong></span> 
     </span>
     <span class='ocr_line' id='line_1_44' title="bbox 759 1115 1348 1189; baseline 0.003 -16"><span class='ocrx_word' id='word_1_225' title='bbox 759 1116 888 1189; x_wconf 85' lang='lat' dir='ltr'><strong>quamvis</strong></span> <span class='ocrx_word' id='word_1_226' title='bbox 906 1121 967 1172; x_wconf 87' lang='lat' dir='ltr'><strong>tota</strong></span> <span class='ocrx_word' id='word_1_227' title='bbox 985 1115 1072 1172; x_wconf 86' lang='lat' dir='ltr'><strong>ellam</strong></span> <span class='ocrx_word' id='word_1_228' title='bbox 1090 1115 1212 1173; x_wconf 79' lang='lat' dir='ltr'><strong>Trinitas</strong></span> <span class='ocrx_word' id='word_1_229' title='bbox 1230 1120 1348 1189; x_wconf 74' lang='lat' dir='ltr'><strong>peccata</strong></span> 
     </span>
     <span class='ocr_line' id='line_1_45' title="bbox 760 1187 1348 1260; baseline 0.002 -15"><span class='ocrx_word' id='word_1_230' title='bbox 760 1187 936 1256; x_wconf 80' lang='lat' dir='ltr'><strong>remittal3h</strong></span> <span class='ocrx_word' id='word_1_231' title='bbox 960 1187 1348 1260; x_wconf 83' lang='lat' dir='ltr'><strong>&#39;usmodltamenpeecatum</strong></span> 
     </span>
     <span class='ocr_line' id='line_1_46' title="bbox 759 1203 1347 1332; baseline 0.003 -17"><span class='ocrx_word' id='word_1_232' title='bbox 759 1261 824 1317; x_wconf 90' lang='lat' dir='ltr'><strong>ideo</strong></span> <span class='ocrx_word' id='word_1_233' title='bbox 857 1203 1020 1332; x_wconf 53' lang='lat' dir='ltr'><strong>speclafflter</strong></span> <span class='ocrx_word' id='word_1_234' title='bbox 1045 1258 1209 1316; x_wconf 88' lang='lat' dir='ltr'><strong>attribuitur</strong></span> <span class='ocrx_word' id='word_1_235' title='bbox 1230 1256 1347 1332; x_wconf 84' lang='lat' dir='ltr'><strong>Spiritui</strong></span> 
     </span>
     <span class='ocr_line' id='line_1_47' title="bbox 759 1329 1349 1457; baseline -0.002 -68"><span class='ocrx_word' id='word_1_236' title='bbox 759 1333 873 1398; x_wconf 89' lang='lat' dir='ltr'><strong>Sancto,</strong></span> <span class='ocrx_word' id='word_1_237' title='bbox 887 1329 957 1413; x_wconf 84' lang='lat' dir='ltr'><strong>quia</strong></span> <span class='ocrx_word' id='word_1_238' title='bbox 976 1330 1099 1457; x_wconf 59' lang='lat' dir='ltr'><strong>Spiritus</strong></span> <span class='ocrx_word' id='word_1_239' title='bbox 1123 1332 1243 1388; x_wconf 82' lang='lat' dir='ltr'><strong>Sanctus</strong></span> <span class='ocrx_word' id='word_1_240' title='bbox 1265 1345 1349 1389; x_wconf 84' lang='lat' dir='ltr'><strong>emor</strong></span> 
     </span>
     <span class='ocr_line' id='line_1_48' title="bbox 759 1401 1347 1474; baseline 0 -15"><span class='ocrx_word' id='word_1_241' title='bbox 759 1407 803 1459; x_wconf 91' lang='lat' dir='ltr'><strong>est</strong></span> <span class='ocrx_word' id='word_1_242' title='bbox 818 1404 909 1458; x_wconf 88' lang='lat' dir='ltr'><strong>Patris</strong></span> <span class='ocrx_word' id='word_1_243' title='bbox 924 1407 953 1459; x_wconf 92' lang='lat' dir='ltr'><strong>et</strong></span> <span class='ocrx_word' id='word_1_244' title='bbox 968 1403 997 1458; x_wconf 79' lang='lat' dir='ltr'><strong>ni</strong></span> <span class='ocrx_word' id='word_1_245' title='bbox 1012 1402 1041 1470; x_wconf 91' lang='lat' dir='ltr'><strong>ii,</strong></span> <span class='ocrx_word' id='word_1_246' title='bbox 1052 1408 1081 1459; x_wconf 91' lang='lat' dir='ltr'><strong>et</strong></span> <span class='ocrx_word' id='word_1_247' title='bbox 1097 1401 1259 1474; x_wconf 86' lang='lat' dir='ltr'><strong>benignitas</strong></span> <span class='ocrx_word' id='word_1_248' title='bbox 1272 1407 1347 1459; x_wconf 87' lang='lat' dir='ltr'><strong>utro·</strong></span> 
     </span>
     <span class='ocr_line' id='line_1_49' title="bbox 758 1472 1346 1546; baseline 0.002 -16"><span class='ocrx_word' id='word_1_249' title='bbox 758 1489 888 1545; x_wconf 89' lang='lat' dir='ltr'><strong>rumque.</strong></span> <span class='ocrx_word' id='word_1_250' title='bbox 905 1475 956 1542; x_wconf 87' lang='lat' dir='ltr'><strong>Qui</strong></span> <span class='ocrx_word' id='word_1_251' title='bbox 976 1481 1072 1531; x_wconf 85' lang='lat' dir='ltr'><strong>autem</strong></span> <span class='ocrx_word' id='word_1_252' title='bbox 1082 1474 1126 1530; x_wconf 78' lang='lat' dir='ltr'><strong>rel</strong></span> <span class='ocrx_word' id='word_1_253' title='bbox 1142 1474 1285 1546; x_wconf 81' lang='lat' dir='ltr'><strong>desperat,</strong></span> <span class='ocrx_word' id='word_1_254' title='bbox 1301 1472 1346 1531; x_wconf 82' lang='lat' dir='ltr'><strong>isi</strong></span> 
     </span>
     <span class='ocr_line' id='line_1_50' title="bbox 758 1543 1346 1618; baseline 0.002 -17"><span class='ocrx_word' id='word_1_255' title='bbox 758 1544 915 1617; x_wconf 76' lang='lat' dir='ltr'><strong>presumit,</strong></span> <span class='ocrx_word' id='word_1_256' title='bbox 940 1544 1102 1617; x_wconf 84' lang='lat' dir='ltr'><strong>specialiter</strong></span> <span class='ocrx_word' id='word_1_257' title='bbox 1123 1543 1192 1601; x_wconf 85' lang='lat' dir='ltr'><strong>iacit</strong></span> <span class='ocrx_word' id='word_1_258' title='bbox 1213 1544 1254 1602; x_wconf 90' lang='lat' dir='ltr'><strong>illi</strong></span> <span class='ocrx_word' id='word_1_259' title='bbox 1270 1545 1346 1618; x_wconf 84' lang='lat' dir='ltr'><strong>inju-</strong></span> 
     </span>
     <span class='ocr_line' id='line_1_51' title="bbox 758 1615 1348 1689; baseline 0 -16"><span class='ocrx_word' id='word_1_260' title='bbox 758 1617 843 1684; x_wconf 87' lang='lat' dir='ltr'><strong>riam,</strong></span> <span class='ocrx_word' id='word_1_261' title='bbox 856 1616 935 1689; x_wconf 79' lang='lat' dir='ltr'><strong>culus</strong></span> <span class='ocrx_word' id='word_1_262' title='bbox 946 1615 1115 1687; x_wconf 89' lang='lat' dir='ltr'><strong>benignitati</strong></span> <span class='ocrx_word' id='word_1_263' title='bbox 1128 1615 1293 1674; x_wconf 87' lang='lat' dir='ltr'><strong>attribuitur</strong></span> <span class='ocrx_word' id='word_1_264' title='bbox 1304 1630 1348 1673; x_wconf 86' lang='lat' dir='ltr'><strong>re·</strong></span> 
     </span>
     <span class='ocr_line' id='line_1_52' title="bbox 759 1686 1348 1761; baseline -0.002 -16"><span class='ocrx_word' id='word_1_265' title='bbox 759 1688 1059 1761; x_wconf 78' lang='lat' dir='ltr'><strong>missiopeccstorum,</strong></span> <span class='ocrx_word' id='word_1_266' title='bbox 1088 1686 1348 1745; x_wconf 87' lang='lat' dir='ltr'><strong>utanseumimml·</strong></span> 
     </span>
     <span class='ocr_line' id='line_1_53' title="bbox 758 1704 1348 1843; baseline 0 -26"><span class='ocrx_word' id='word_1_267' title='bbox 758 1760 932 1843; x_wconf 78' lang='lat' dir='ltr'><strong>s&#39;ericordem</strong></span> <span class='ocrx_word' id='word_1_268' title='bbox 950 1775 1014 1843; x_wconf 78' lang='lat' dir='ltr'><strong>esse</strong></span> <span class='ocrx_word' id='word_1_269' title='bbox 1032 1704 1234 1842; x_wconf 60' lang='lat' dir='ltr'><strong>refiiqjustum</strong></span> <span class='ocrx_word' id='word_1_270' title='bbox 1253 1777 1261 1816; x_wconf 74' lang='grc' dir='ltr'><strong>ι</strong></span> <span class='ocrx_word' id='word_1_271' title='bbox 1279 1758 1348 1843; x_wconf 73' lang='lat' dir='ltr'><strong>qula</strong></span> 
     </span>
     <span class='ocr_line' id='line_1_54' title="bbox 759 1830 1347 1903; baseline -0.005 -14"><span class='ocrx_word' id='word_1_272' title='bbox 759 1830 1347 1903; x_wconf 80' lang='lat' dir='ltr'><strong>elcutexmisarreordiapeccatsrcmuiit,</strong></span> 
     </span>
     <span class='ocr_line' id='line_1_55' title="bbox 758 1901 1348 1975; baseline -0.003 -15"><span class='ocrx_word' id='word_1_273' title='bbox 758 1903 799 1960; x_wconf 88' lang='lat' dir='ltr'><strong>ita</strong></span> <span class='ocrx_word' id='word_1_274' title='bbox 817 1919 851 1961; x_wconf 86' lang='lat' dir='ltr'><strong>en</strong></span> <span class='ocrx_word' id='word_1_275' title='bbox 864 1902 976 1975; x_wconf 88' lang='lat' dir='ltr'><strong>justitia</strong></span> <span class='ocrx_word' id='word_1_276' title='bbox 990 1919 1025 1959; x_wconf 88' lang='lat' dir='ltr'><strong>ee</strong></span> <span class='ocrx_word' id='word_1_277' title='bbox 1038 1901 1178 1973; x_wconf 90' lang='lat' dir='ltr'><strong>impunita</strong></span> <span class='ocrx_word' id='word_1_278' title='bbox 1191 1918 1249 1959; x_wconf 91' lang='lat' dir='ltr'><strong>nou</strong></span> <span class='ocrx_word' id='word_1_279' title='bbox 1263 1901 1348 1960; x_wconf 91' lang='lat' dir='ltr'><strong>rolin·</strong></span> 
     </span>
     <span class='ocr_line' id='line_1_56' title="bbox 759 1971 1346 2057; baseline -0.002 -26"><span class='ocrx_word' id='word_1_280' title='bbox 759 1974 831 2048; x_wconf 88' lang='lat' dir='ltr'><strong>quit.</strong></span> <span class='ocrx_word' id='word_1_281' title='bbox 843 1973 915 2031; x_wconf 86' lang='lat' dir='ltr'><strong>liele</strong></span> <span class='ocrx_word' id='word_1_282' title='bbox 928 1990 997 2057; x_wconf 84' lang='lat' dir='ltr'><strong>erge</strong></span> <span class='ocrx_word' id='word_1_283' title='bbox 1007 1974 1043 2031; x_wconf 88' lang='lat' dir='ltr'><strong>de</strong></span> <span class='ocrx_word' id='word_1_284' title='bbox 1051 1973 1174 2046; x_wconf 77' lang='lat' dir='ltr'><strong>Justitia,</strong></span> <span class='ocrx_word' id='word_1_285' title='bbox 1187 1974 1232 2030; x_wconf 79' lang='lat' dir='ltr'><strong>rel</strong></span> <span class='ocrx_word' id='word_1_286' title='bbox 1245 1975 1280 2031; x_wconf 87' lang='lat' dir='ltr'><strong>de</strong></span> <span class='ocrx_word' id='word_1_287' title='bbox 1293 1971 1346 2030; x_wconf 86' lang='lat' dir='ltr'><strong>mi·</strong></span> 
     </span>
     <span class='ocr_line' id='line_1_57' title="bbox 759 2043 1347 2116; baseline -0.002 -13"><span class='ocrx_word' id='word_1_288' title='bbox 759 2044 948 2104; x_wconf 78' lang='lat' dir='ltr'><strong>sericordias</strong></span> <span class='ocrx_word' id='word_1_289' title='bbox 970 2048 1051 2102; x_wconf 79' lang='lat' dir='ltr'><strong>tritus</strong></span> <span class='ocrx_word' id='word_1_290' title='bbox 1070 2044 1166 2102; x_wconf 86' lang='lat' dir='ltr'><strong>Sancti</strong></span> <span class='ocrx_word' id='word_1_291' title='bbox 1184 2044 1281 2114; x_wconf 88' lang='lat' dir='ltr'><strong>sentit,</strong></span> <span class='ocrx_word' id='word_1_292' title='bbox 1297 2043 1347 2116; x_wconf 93' lang='lat' dir='ltr'><strong>qui</strong></span> 
     </span>
     <span class='ocr_line' id='line_1_58' title="bbox 759 2061 1346 2199; baseline -0.003 -24"><span class='ocrx_word' id='word_1_293' title='bbox 759 2061 968 2190; x_wconf 63' lang='lat' dir='ltr'><strong>desperasses</strong></span> <span class='ocrx_word' id='word_1_294' title='bbox 984 2116 1141 2199; x_wconf 71' lang='lat' dir='ltr'><strong>praesumit.</strong></span> <span class='ocrx_word' id='word_1_295' title='bbox 1168 2115 1257 2199; x_wconf 39' lang='lat' dir='ltr'><strong>Sicut·</strong></span> <span class='ocrx_word' id='word_1_296' title='bbox 1276 2128 1346 2199; x_wconf 73' lang='lat' dir='ltr'><strong>ergo</strong></span> 
     </span>
     <span class='ocr_line' id='line_1_59' title="bbox 758 2187 1348 2259; baseline -0.002 -13"><span class='ocrx_word' id='word_1_297' title='bbox 758 2191 875 2247; x_wconf 88' lang='lat' dir='ltr'><strong>morbus</strong></span> <span class='ocrx_word' id='word_1_298' title='bbox 892 2188 1055 2247; x_wconf 83' lang='lat' dir='ltr'><strong>incurabilis</strong></span> <span class='ocrx_word' id='word_1_299' title='bbox 1077 2188 1189 2258; x_wconf 86' lang='lat' dir='ltr'><strong>dicitnr,</strong></span> <span class='ocrx_word' id='word_1_300' title='bbox 1210 2203 1258 2259; x_wconf 85' lang='lat' dir='ltr'><strong>qut</strong></span> <span class='ocrx_word' id='word_1_301' title='bbox 1273 2187 1348 2245; x_wconf 82' lang='lat' dir='ltr'><strong>dirc-</strong></span> 
     </span>
     <span class='ocr_line' id='line_1_60' title="bbox 758 2257 1345 2387; baseline -0.002 -69"><span class='ocrx_word' id='word_1_302' title='bbox 758 2265 803 2319; x_wconf 89' lang='lat' dir='ltr'><strong>cte</strong></span> <span class='ocrx_word' id='word_1_303' title='bbox 820 2260 894 2318; x_wconf 85' lang='lat' dir='ltr'><strong>tollit</strong></span> <span class='ocrx_word' id='word_1_304' title='bbox 911 2260 1039 2319; x_wconf 88' lang='lat' dir='ltr'><strong>remedia</strong></span> <span class='ocrx_word' id='word_1_305' title='bbox 1052 2276 1176 2332; x_wconf 80' lang='lat' dir='ltr'><strong>perque</strong></span> <span class='ocrx_word' id='word_1_306' title='bbox 1193 2257 1345 2387; x_wconf 71' lang='lat' dir='ltr'><strong>0¹fi¹¹¹¹l¹¹⁸</strong></span> 
     </span>
     <span class='ocr_line' id='line_1_61' title="bbox 757 2332 1345 2401; baseline -0.005 -11"><span class='ocrx_word' id='word_1_307' title='bbox 757 2335 874 2391; x_wconf 90' lang='lat' dir='ltr'><strong>morbus</strong></span> <span class='ocrx_word' id='word_1_308' title='bbox 888 2338 1057 2401; x_wconf 74' lang='lat' dir='ltr'><strong>cicurum,</strong></span> <span class='ocrx_word' id='word_1_309' title='bbox 1075 2336 1106 2388; x_wconf 91' lang='lat' dir='ltr'><strong>ut</strong></span> <span class='ocrx_word' id='word_1_310' title='bbox 1116 2346 1180 2389; x_wconf 91' lang='lat' dir='ltr'><strong>cum</strong></span> <span class='ocrx_word' id='word_1_311' title='bbox 1196 2336 1226 2388; x_wconf 91' lang='lat' dir='ltr'><strong>to</strong></span> <span class='ocrx_word' id='word_1_312' title='bbox 1238 2332 1271 2387; x_wconf 87' lang='lat' dir='ltr'><strong>lit</strong></span> <span class='ocrx_word' id='word_1_313' title='bbox 1284 2342 1345 2387; x_wconf 85' lang='lat' dir='ltr'><strong>nr·</strong></span> 
     </span>
     <span class='ocr_line' id='line_1_62' title="bbox 757 2400 1343 2475; baseline -0.003 -14"><span class='ocrx_word' id='word_1_314' title='bbox 757 2410 846 2462; x_wconf 89' lang='lat' dir='ltr'><strong>tutem</strong></span> <span class='ocrx_word' id='word_1_315' title='bbox 858 2407 967 2464; x_wconf 83' lang='lat' dir='ltr'><strong>naturas</strong></span> <span class='ocrx_word' id='word_1_316' title='bbox 977 2404 1022 2462; x_wconf 83' lang='lat' dir='ltr'><strong>sel</strong></span> <span class='ocrx_word' id='word_1_317' title='bbox 1037 2402 1141 2461; x_wconf 82' lang='lat' dir='ltr'><strong>sirium</strong></span> <span class='ocrx_word' id='word_1_318' title='bbox 1156 2400 1343 2475; x_wconf 80' lang='lat' dir='ltr'><strong>naturalium,</strong></span> 
     </span>
     <span class='ocr_line' id='line_1_63' title="bbox 758 2474 1344 2549; baseline -0.005 -15"><span class='ocrx_word' id='word_1_319' title='bbox 758 2478 832 2534; x_wconf 85' lang='lat' dir='ltr'><strong>Deus</strong></span> <span class='ocrx_word' id='word_1_320' title='bbox 841 2482 948 2547; x_wconf 79' lang='lat' dir='ltr'><strong>umen,</strong></span> <span class='ocrx_word' id='word_1_321' title='bbox 960 2476 1009 2549; x_wconf 89' lang='lat' dir='ltr'><strong>qui</strong></span> <span class='ocrx_word' id='word_1_322' title='bbox 1017 2481 1155 2547; x_wconf 88' lang='lat' dir='ltr'><strong>estsuper</strong></span> <span class='ocrx_word' id='word_1_323' title='bbox 1168 2474 1267 2533; x_wconf 84' lang='lat' dir='ltr'><strong>omnia</strong></span> <span class='ocrx_word' id='word_1_324' title='bbox 1278 2478 1344 2546; x_wconf 87' lang='lat' dir='ltr'><strong>pot·</strong></span> 
     </span>
     <span class='ocr_line' id='line_1_64' title="bbox 756 2544 1343 2618; baseline -0.007 -14"><span class='ocrx_word' id='word_1_325' title='bbox 756 2551 801 2604; x_wconf 89' lang='lat' dir='ltr'><strong>est</strong></span> <span class='ocrx_word' id='word_1_326' title='bbox 826 2562 926 2605; x_wconf 88' lang='lat' dir='ltr'><strong>curare</strong></span> <span class='ocrx_word' id='word_1_327' title='bbox 955 2548 1049 2616; x_wconf 83' lang='lat' dir='ltr'><strong>illum;</strong></span> <span class='ocrx_word' id='word_1_328' title='bbox 1077 2546 1118 2603; x_wconf 91' lang='lat' dir='ltr'><strong>sic</strong></span> <span class='ocrx_word' id='word_1_329' title='bbox 1139 2550 1287 2618; x_wconf 89' lang='lat' dir='ltr'><strong>peccatum</strong></span> <span class='ocrx_word' id='word_1_330' title='bbox 1311 2544 1343 2601; x_wconf 92' lang='lat' dir='ltr'><strong>in</strong></span> 
     </span>
     <span class='ocr_line' id='line_1_65' title="bbox 758 2616 1345 2691; baseline -0.009 -15"><span class='ocrx_word' id='word_1_331' title='bbox 758 2618 896 2691; x_wconf 84' lang='lat' dir='ltr'><strong>Spiritum</strong></span> <span class='ocrx_word' id='word_1_332' title='bbox 911 2621 1057 2688; x_wconf 82' lang='lat' dir='ltr'><strong>Sanctum,</strong></span> <span class='ocrx_word' id='word_1_333' title='bbox 1073 2616 1230 2675; x_wconf 88' lang='lat' dir='ltr'><strong>contemnit</strong></span> <span class='ocrx_word' id='word_1_334' title='bbox 1252 2622 1280 2673; x_wconf 89' lang='lat' dir='ltr'><strong>et</strong></span> <span class='ocrx_word' id='word_1_335' title='bbox 1296 2630 1345 2674; x_wconf 84' lang='lat' dir='ltr'><strong>ex·</strong></span> 
     </span>
     <span class='ocr_line' id='line_1_66' title="bbox 757 2687 1345 2769; baseline -0.005 -22"><span class='ocrx_word' id='word_1_336' title='bbox 757 2688 845 2748; x_wconf 89' lang='lat' dir='ltr'><strong>cludit</strong></span> <span class='ocrx_word' id='word_1_337' title='bbox 860 2690 910 2749; x_wconf 86' lang='lat' dir='ltr'><strong>illa</strong></span> <span class='ocrx_word' id='word_1_338' title='bbox 925 2705 976 2762; x_wconf 88' lang='lat' dir='ltr'><strong>per</strong></span> <span class='ocrx_word' id='word_1_339' title='bbox 998 2704 1063 2763; x_wconf 82' lang='lat' dir='ltr'><strong>que</strong></span> <span class='ocrx_word' id='word_1_340' title='bbox 1087 2693 1233 2761; x_wconf 86' lang='lat' dir='ltr'><strong>peecatum</strong></span> <span class='ocrx_word' id='word_1_341' title='bbox 1255 2687 1345 2769; x_wconf 83' lang='lat' dir='ltr'><strong>debet</strong></span> 
     </span>
     <span class='ocr_line' id='line_1_67' title="bbox 758 2758 1345 2831; baseline -0.007 -12"><span class='ocrx_word' id='word_1_342' title='bbox 758 2762 851 2820; x_wconf 83' lang='lat' dir='ltr'><strong>curari</strong></span> <span class='ocrx_word' id='word_1_343' title='bbox 867 2767 897 2820; x_wconf 87' lang='lat' dir='ltr'><strong>et</strong></span> <span class='ocrx_word' id='word_1_344' title='bbox 918 2760 1013 2831; x_wconf 78' lang='lat' dir='ltr'><strong>vitari,</strong></span> <span class='ocrx_word' id='word_1_345' title='bbox 1037 2766 1070 2818; x_wconf 88' lang='lat' dir='ltr'><strong>ut</strong></span> <span class='ocrx_word' id='word_1_346' title='bbox 1088 2761 1221 2818; x_wconf 90' lang='lat' dir='ltr'><strong>timorem</strong></span> <span class='ocrx_word' id='word_1_347' title='bbox 1240 2758 1345 2816; x_wconf 79' lang='lat' dir='ltr'><strong>dininas</strong></span> 
     </span>
    </p>
   </div>
   <div class='ocr_carea' id='block_1_5' title="bbox 107 2832 1399 4414">
    <p class='ocr_par' dir='ltr' id='par_1_5' title="bbox 109 2832 1393 3265">
     <span class='ocr_line' id='line_1_68' title="bbox 110 2832 1346 2908; baseline -0.001 -20"><span class='ocrx_word' id='word_1_348' title='bbox 110 2835 184 2905; x_wconf 80' lang='lat' dir='ltr'><strong>quis.</strong></span> <span class='ocrx_word' id='word_1_349' title='bbox 198 2834 360 2891; x_wconf 85' lang='lat' dir='ltr'><strong>Secundum</strong></span> <span class='ocrx_word' id='word_1_350' title='bbox 371 2834 541 2902; x_wconf 68' lang='lat' dir='ltr'><strong>(tragurium,</strong></span> <span class='ocrx_word' id='word_1_351' title='bbox 552 2839 698 2904; x_wconf 89' lang='lat' dir='ltr'><strong>peecatum</strong></span> <span class='ocrx_word' id='word_1_352' title='bbox 753 2835 881 2908; x_wconf 77' lang='lat' dir='ltr'><strong>iustitia,</strong></span> <span class='ocrx_word' id='word_1_353' title='bbox 898 2838 928 2893; x_wconf 87' lang='lat' dir='ltr'><strong>et</strong></span> <span class='ocrx_word' id='word_1_354' title='bbox 941 2846 1019 2907; x_wconf 89' lang='lat' dir='ltr'><strong>spem</strong></span> <span class='ocrx_word' id='word_1_355' title='bbox 1034 2833 1135 2902; x_wconf 78' lang='lat' dir='ltr'><strong>senia,</strong></span> <span class='ocrx_word' id='word_1_356' title='bbox 1147 2846 1181 2890; x_wconf 88' lang='lat' dir='ltr'><strong>ec</strong></span> <span class='ocrx_word' id='word_1_357' title='bbox 1195 2832 1346 2904; x_wconf 79' lang='lat' dir='ltr'><strong>huiusmo-</strong></span> 
     </span>
     <span class='ocr_line' id='line_1_69' title="bbox 111 2902 1345 2978; baseline -0.002 -16"><span class='ocrx_word' id='word_1_358' title='bbox 111 2904 147 2962; x_wconf 92' lang='lat' dir='ltr'><strong>ad</strong></span> <span class='ocrx_word' id='word_1_359' title='bbox 169 2912 291 2963; x_wconf 90' lang='lat' dir='ltr'><strong>mortem</strong></span> <span class='ocrx_word' id='word_1_360' title='bbox 314 2914 357 2963; x_wconf 90' lang='lat' dir='ltr'><strong>est</strong></span> <span class='ocrx_word' id='word_1_361' title='bbox 372 2909 519 2978; x_wconf 89' lang='lat' dir='ltr'><strong>peccatum</strong></span> <span class='ocrx_word' id='word_1_362' title='bbox 546 2920 635 2978; x_wconf 90' lang='lat' dir='ltr'><strong>usque</strong></span> <span class='ocrx_word' id='word_1_363' title='bbox 661 2906 698 2964; x_wconf 86' lang='lat' dir='ltr'><strong>ad</strong></span> <span class='ocrx_word' id='word_1_364' title='bbox 756 2902 797 2975; x_wconf 93' lang='lat' dir='ltr'><strong>di,</strong></span> <span class='ocrx_word' id='word_1_365' title='bbox 813 2907 940 2964; x_wconf 85' lang='lat' dir='ltr'><strong>elsicex</strong></span> <span class='ocrx_word' id='word_1_366' title='bbox 955 2906 998 2964; x_wconf 89' lang='lat' dir='ltr'><strong>eui</strong></span> <span class='ocrx_word' id='word_1_367' title='bbox 1021 2912 1124 2963; x_wconf 87' lang='lat' dir='ltr'><strong>natura</strong></span> <span class='ocrx_word' id='word_1_368' title='bbox 1149 2902 1253 2962; x_wconf 92' lang='lat' dir='ltr'><strong>dicitur</strong></span> <span class='ocrx_word' id='word_1_369' title='bbox 1271 2902 1345 2960; x_wconf 88' lang='lat' dir='ltr'><strong>irre·</strong></span> 
     </span>
     <span class='ocr_line' id='line_1_70' title="bbox 110 2970 1344 3059; baseline -0.003 -25"><span class='ocrx_word' id='word_1_370' title='bbox 110 2982 243 3044; x_wconf 86' lang='lat' dir='ltr'><strong>mortem,</strong></span> <span class='ocrx_word' id='word_1_371' title='bbox 258 2994 309 3050; x_wconf 89' lang='lat' dir='ltr'><strong>pro</strong></span> <span class='ocrx_word' id='word_1_372' title='bbox 320 2993 376 3050; x_wconf 91' lang='lat' dir='ltr'><strong>quo</strong></span> <span class='ocrx_word' id='word_1_373' title='bbox 392 2992 449 3034; x_wconf 89' lang='lat' dir='ltr'><strong>non</strong></span> <span class='ocrx_word' id='word_1_374' title='bbox 462 2983 505 3034; x_wconf 88' lang='lat' dir='ltr'><strong>est</strong></span> <span class='ocrx_word' id='word_1_375' title='bbox 517 2978 695 3049; x_wconf 78' lang='lat' dir='ltr'><strong>rogandum3</strong></span> <span class='ocrx_word' id='word_1_376' title='bbox 756 2978 909 3042; x_wconf 82' lang='lat' dir='ltr'><strong>missibite:</strong></span> <span class='ocrx_word' id='word_1_377' title='bbox 926 2980 1001 3037; x_wconf 87' lang='lat' dir='ltr'><strong>Deus</strong></span> <span class='ocrx_word' id='word_1_378' title='bbox 1024 2983 1120 3035; x_wconf 76' lang='lat' dir='ltr'><strong>umen</strong></span> <span class='ocrx_word' id='word_1_379' title='bbox 1140 2989 1192 3033; x_wconf 85' lang='lat' dir='ltr'><strong>sua</strong></span> <span class='ocrx_word' id='word_1_380' title='bbox 1212 2970 1344 3059; x_wconf 79' lang='lat' dir='ltr'><strong>benigni-</strong></span> 
     </span>
     <span class='ocr_line' id='line_1_71' title="bbox 111 3047 1393 3177; baseline 0 -72"><span class='ocrx_word' id='word_1_381' title='bbox 111 3047 305 3120; x_wconf 84' lang='lat' dir='ltr'><strong>quiascilicet,</strong></span> <span class='ocrx_word' id='word_1_382' title='bbox 323 3054 469 3122; x_wconf 85' lang='lat' dir='ltr'><strong>peceatum</strong></span> <span class='ocrx_word' id='word_1_383' title='bbox 485 3050 563 3120; x_wconf 89' lang='lat' dir='ltr'><strong>quod</strong></span> <span class='ocrx_word' id='word_1_384' title='bbox 577 3048 624 3107; x_wconf 86' lang='lat' dir='ltr'><strong>lile</strong></span> <span class='ocrx_word' id='word_1_385' title='bbox 639 3064 698 3107; x_wconf 89' lang='lat' dir='ltr'><strong>nou</strong></span> <span class='ocrx_word' id='word_1_386' title='bbox 740 3055 825 3121; x_wconf 80' lang='lat' dir='ltr'><strong>iate,</strong></span> <span class='ocrx_word' id='word_1_387' title='bbox 850 3064 934 3109; x_wconf 90' lang='lat' dir='ltr'><strong>omne</strong></span> <span class='ocrx_word' id='word_1_388' title='bbox 957 3056 1108 3177; x_wconf 49' lang='lat' dir='ltr'><strong>Secutum</strong></span> <span class='ocrx_word' id='word_1_389' title='bbox 1136 3047 1345 3132; x_wconf 38' lang='lat' dir='ltr'><strong>&#39;penitentibus</strong></span> <span class='ocrx_word' id='word_1_390' title='bbox 1388 3097 1393 3105; x_wconf 92' lang='lat'><strong>.</strong></span> 
     </span>
     <span class='ocr_line' id='line_1_72' title="bbox 109 3117 1345 3200; baseline -0.004 -23"><span class='ocrx_word' id='word_1_391' title='bbox 109 3121 279 3178; x_wconf 87' lang='lat' dir='ltr'><strong>emendatur</strong></span> <span class='ocrx_word' id='word_1_392' title='bbox 300 3127 328 3177; x_wconf 90' lang='lat' dir='ltr'><strong>et</strong></span> <span class='ocrx_word' id='word_1_393' title='bbox 353 3121 514 3194; x_wconf 85' lang='lat' dir='ltr'><strong>corrigitur,</strong></span> <span class='ocrx_word' id='word_1_394' title='bbox 535 3122 596 3194; x_wconf 89' lang='lat' dir='ltr'><strong>ejus</strong></span> <span class='ocrx_word' id='word_1_395' title='bbox 614 3121 699 3180; x_wconf 79' lang='lat' dir='ltr'><strong>ienis</strong></span> <span class='ocrx_word' id='word_1_396' title='bbox 756 3123 886 3180; x_wconf 87' lang='lat' dir='ltr'><strong>remittit.</strong></span> <span class='ocrx_word' id='word_1_397' title='bbox 913 3125 954 3179; x_wconf 89' lang='lat' dir='ltr'><strong>Un</strong></span> <span class='ocrx_word' id='word_1_398' title='bbox 976 3136 992 3178; x_wconf 91' lang='lat' dir='ltr'><strong>e</strong></span> <span class='ocrx_word' id='word_1_399' title='bbox 1011 3121 1116 3178; x_wconf 89' lang='lat' dir='ltr'><strong>dieitur</strong></span> <span class='ocrx_word' id='word_1_400' title='bbox 1134 3117 1345 3200; x_wconf 74' lang='lat' dir='ltr'><strong>irremissibile,</strong></span> 
     </span>
     <span class='ocr_line' id='line_1_73' title="bbox 109 3187 1343 3265; baseline -0.002 -18"><span class='ocrx_word' id='word_1_401' title='bbox 109 3192 217 3249; x_wconf 86' lang='lat' dir='ltr'><strong>frustra</strong></span> <span class='ocrx_word' id='word_1_402' title='bbox 231 3193 401 3265; x_wconf 87' lang='lat' dir='ltr'><strong>postulatur.</strong></span> <span class='ocrx_word' id='word_1_403' title='bbox 796 3193 838 3251; x_wconf 89' lang='lat' dir='ltr'><strong>asi</strong></span> <span class='ocrx_word' id='word_1_404' title='bbox 863 3194 898 3250; x_wconf 88' lang='lat' dir='ltr'><strong>do</strong></span> <span class='ocrx_word' id='word_1_405' title='bbox 918 3192 1027 3249; x_wconf 87' lang='lat' dir='ltr'><strong>diitlciii</strong></span> <span class='ocrx_word' id='word_1_406' title='bbox 1052 3197 1081 3248; x_wconf 90' lang='lat' dir='ltr'><strong>ct</strong></span> <span class='ocrx_word' id='word_1_407' title='bbox 1099 3189 1145 3246; x_wconf 80' lang='lat' dir='ltr'><strong>iix</strong></span> <span class='ocrx_word' id='word_1_408' title='bbox 1159 3187 1343 3247; x_wconf 86' lang='lat' dir='ltr'><strong>remissibile.</strong></span> 
     </span>
    </p>

    <p class='ocr_par' dir='ltr' id='par_1_6' title="bbox 107 3258 1399 4414">
     <span class='ocr_line' id='line_1_74' title="bbox 150 3258 1345 3340; baseline -0.006 -20"><span class='ocrx_word' id='word_1_409' title='bbox 150 3284 180 3320; x_wconf 80' lang='lat' dir='ltr'><strong>ia</strong></span> <span class='ocrx_word' id='word_1_410' title='bbox 207 3266 264 3321; x_wconf 90' lang='lat' dir='ltr'><strong>lloc</strong></span> <span class='ocrx_word' id='word_1_411' title='bbox 296 3282 433 3321; x_wconf 79' lang='lat' dir='ltr'><strong>racearnu</strong></span> <span class='ocrx_word' id='word_1_412' title='bbox 461 3278 509 3321; x_wconf 84' lang='lat' dir='ltr'><strong>rsr</strong></span> <span class='ocrx_word' id='word_1_413' title='bbox 538 3277 697 3320; x_wconf 79' lang='lat' dir='ltr'><strong>oesrsnurio</strong></span> <span class='ocrx_word' id='word_1_414' title='bbox 781 3280 797 3321; x_wconf 93' lang='lat' dir='ltr'><strong>e</strong></span> <span class='ocrx_word' id='word_1_415' title='bbox 824 3266 878 3320; x_wconf 88' lang='lat' dir='ltr'><strong>bac</strong></span> <span class='ocrx_word' id='word_1_416' title='bbox 906 3262 1028 3319; x_wconf 89' lang='lat' dir='ltr'><strong>materia</strong></span> <span class='ocrx_word' id='word_1_417' title='bbox 1055 3261 1096 3318; x_wconf 89' lang='lat' dir='ltr'><strong>sie</strong></span> <span class='ocrx_word' id='word_1_418' title='bbox 1116 3259 1185 3316; x_wconf 89' lang='lat' dir='ltr'><strong>dicit</strong></span> <span class='ocrx_word' id='word_1_419' title='bbox 1210 3258 1345 3340; x_wconf 72' lang='lat' dir='ltr'><strong>depasti·</strong></span> 
     </span>
     <span class='ocr_line' id='line_1_75' title="bbox 111 3331 1346 3399; baseline -0.005 -9"><span class='ocrx_word' id='word_1_420' title='bbox 111 3351 254 3392; x_wconf 67' lang='lat' dir='ltr'><strong>maurisca</strong></span> <span class='ocrx_word' id='word_1_421' title='bbox 269 3352 477 3392; x_wconf 79' lang='lat' dir='ltr'><strong>rnmsnurrrona</strong></span> <span class='ocrx_word' id='word_1_422' title='bbox 496 3350 549 3390; x_wconf 74' lang='lat' dir='ltr'><strong>aar.</strong></span> <span class='ocrx_word' id='word_1_423' title='bbox 568 3350 698 3392; x_wconf 79' lang='lat' dir='ltr'><strong>osseum·</strong></span> <span class='ocrx_word' id='word_1_424' title='bbox 756 3351 830 3391; x_wconf 87' lang='lat' dir='ltr'><strong>nus:</strong></span> <span class='ocrx_word' id='word_1_425' title='bbox 852 3332 950 3390; x_wconf 80' lang='lat' dir='ltr'><strong>«Dico</strong></span> <span class='ocrx_word' id='word_1_426' title='bbox 966 3331 1075 3390; x_wconf 86' lang='lat' dir='ltr'><strong>caritati</strong></span> <span class='ocrx_word' id='word_1_427' title='bbox 1097 3334 1210 3399; x_wconf 72' lang='lat' dir='ltr'><strong>restrae,</strong></span> <span class='ocrx_word' id='word_1_428' title='bbox 1227 3331 1300 3387; x_wconf 84' lang='lat' dir='ltr'><strong>torte</strong></span> <span class='ocrx_word' id='word_1_429' title='bbox 1313 3342 1346 3385; x_wconf 86' lang='lat' dir='ltr'><strong>in</strong></span> 
     </span>
     <span class='ocr_line' id='line_1_76' title="bbox 108 3400 1345 3489; baseline -0.004 -27"><span class='ocrx_word' id='word_1_430' title='bbox 108 3422 190 3463; x_wconf 83' lang='lat' dir='ltr'><strong>rionc</strong></span> <span class='ocrx_word' id='word_1_431' title='bbox 215 3424 378 3464; x_wconf 80' lang='lat' dir='ltr'><strong>rnocaoeus.</strong></span> <span class='ocrx_word' id='word_1_432' title='bbox 404 3438 438 3449; x_wconf 94' lang='lat'><em>-</em></span> <span class='ocrx_word' id='word_1_433' title='bbox 461 3408 609 3463; x_wconf 85' lang='lat' dir='ltr'><strong>Peccatum</strong></span> <span class='ocrx_word' id='word_1_434' title='bbox 629 3421 698 3489; x_wconf 87' lang='lat' dir='ltr'><strong>ergo</strong></span> <span class='ocrx_word' id='word_1_435' title='bbox 757 3404 890 3462; x_wconf 92' lang='lat' dir='ltr'><strong>omuibus</strong></span> <span class='ocrx_word' id='word_1_436' title='bbox 904 3402 1010 3461; x_wconf 85' lang='lat' dir='ltr'><strong>sauciis</strong></span> <span class='ocrx_word' id='word_1_437' title='bbox 1025 3400 1178 3482; x_wconf 82' lang='lat' dir='ltr'><strong>scripturis</strong></span> <span class='ocrx_word' id='word_1_438' title='bbox 1192 3402 1345 3483; x_wconf 76' lang='lat' dir='ltr'><strong>nullumu-</strong></span> 
     </span>
     <span class='ocr_line' id='line_1_77' title="bbox 110 3469 1376 3553; baseline -0.007 -19"><span class='ocrx_word' id='word_1_439' title='bbox 110 3476 142 3534; x_wconf 90' lang='lat' dir='ltr'><strong>in</strong></span> <span class='ocrx_word' id='word_1_440' title='bbox 163 3478 298 3551; x_wconf 87' lang='lat' dir='ltr'><strong>Spiritum</strong></span> <span class='ocrx_word' id='word_1_441' title='bbox 318 3482 452 3537; x_wconf 87' lang='lat' dir='ltr'><strong>Sanctum</strong></span> <span class='ocrx_word' id='word_1_442' title='bbox 468 3482 512 3536; x_wconf 88' lang='lat' dir='ltr'><strong>est</strong></span> <span class='ocrx_word' id='word_1_443' title='bbox 533 3476 698 3547; x_wconf 86' lang='lat' dir='ltr'><strong>obstinatio,</strong></span> <span class='ocrx_word' id='word_1_444' title='bbox 754 3478 802 3550; x_wconf 86' lang='lat' dir='ltr'><strong>jor</strong></span> <span class='ocrx_word' id='word_1_445' title='bbox 822 3475 952 3548; x_wconf 79' lang='lat' dir='ltr'><strong>questio,</strong></span> <span class='ocrx_word' id='word_1_446' title='bbox 974 3473 1110 3545; x_wconf 90' lang='lat' dir='ltr'><strong>nullaque</strong></span> <span class='ocrx_word' id='word_1_447' title='bbox 1129 3469 1275 3553; x_wconf 79' lang='lat' dir='ltr'><strong>diffieilior</strong></span> <span class='ocrx_word' id='word_1_448' title='bbox 1299 3484 1376 3526; x_wconf 69' lang='lat' dir='ltr'><strong>mn</strong></span> 
     </span>
     <span class='ocr_line' id='line_1_78' title="bbox 108 3538 1346 3627; baseline -0.006 -22"><span class='ocrx_word' id='word_1_449' title='bbox 108 3548 153 3606; x_wconf 82' lang='lat' dir='ltr'><strong>vel</strong></span> <span class='ocrx_word' id='word_1_450' title='bbox 171 3550 328 3622; x_wconf 83' lang='lat' dir='ltr'><strong>pertinacia</strong></span> <span class='ocrx_word' id='word_1_451' title='bbox 344 3549 448 3607; x_wconf 86' lang='lat' dir='ltr'><strong>mentis</strong></span> <span class='ocrx_word' id='word_1_452' title='bbox 464 3549 494 3606; x_wconf 90' lang='lat' dir='ltr'><strong>in</strong></span> <span class='ocrx_word' id='word_1_453' title='bbox 509 3547 637 3620; x_wconf 88' lang='lat' dir='ltr'><strong>nequitia</strong></span> <span class='ocrx_word' id='word_1_454' title='bbox 651 3549 700 3606; x_wconf 87' lang='lat' dir='ltr'><strong>ob·</strong></span> <span class='ocrx_word' id='word_1_455' title='bbox 757 3547 880 3617; x_wconf 81' lang='lat' dir='ltr'><strong>venitur,</strong></span> <span class='ocrx_word' id='word_1_456' title='bbox 904 3545 959 3602; x_wconf 88' lang='lat' dir='ltr'><strong>nist</strong></span> <span class='ocrx_word' id='word_1_457' title='bbox 982 3545 1012 3602; x_wconf 91' lang='lat' dir='ltr'><strong>in</strong></span> <span class='ocrx_word' id='word_1_458' title='bbox 1037 3559 1070 3602; x_wconf 89' lang='lat' dir='ltr'><strong>eo</strong></span> <span class='ocrx_word' id='word_1_459' title='bbox 1094 3542 1171 3627; x_wconf 87' lang='lat' dir='ltr'><strong>quod</strong></span> <span class='ocrx_word' id='word_1_460' title='bbox 1197 3547 1238 3600; x_wconf 83' lang='lat' dir='ltr'><strong>art</strong></span> <span class='ocrx_word' id='word_1_461' title='bbox 1261 3558 1268 3598; x_wconf 81' lang='lat' dir='ltr'><strong><em>z</em></strong></span> <span class='ocrx_word' id='word_1_462' title='bbox 1292 3538 1346 3609; x_wconf 88' lang='lat' dir='ltr'><strong>Qui</strong></span> 
     </span>
     <span class='ocr_line' id='line_1_79' title="bbox 112 3614 1346 3696; baseline -0.006 -19"><span class='ocrx_word' id='word_1_463' title='bbox 112 3622 232 3692; x_wconf 79' lang='lat' dir='ltr'><strong>durata,</strong></span> <span class='ocrx_word' id='word_1_464' title='bbox 249 3623 407 3696; x_wconf 85' lang='lat' dir='ltr'><strong>procedens</strong></span> <span class='ocrx_word' id='word_1_465' title='bbox 427 3638 460 3679; x_wconf 85' lang='lat' dir='ltr'><strong>ex</strong></span> <span class='ocrx_word' id='word_1_466' title='bbox 476 3619 700 3694; x_wconf 76' lang='lat' dir='ltr'><strong>presumptione</strong></span> <span class='ocrx_word' id='word_1_467' title='bbox 757 3615 998 3692; x_wconf 80' lang='lat' dir='ltr'><strong>blasphemaverit</strong></span> <span class='ocrx_word' id='word_1_468' title='bbox 1016 3615 1045 3673; x_wconf 92' lang='lat' dir='ltr'><strong>in</strong></span> <span class='ocrx_word' id='word_1_469' title='bbox 1059 3614 1195 3689; x_wconf 87' lang='lat' dir='ltr'><strong>Spiritum</strong></span> <span class='ocrx_word' id='word_1_470' title='bbox 1210 3615 1346 3673; x_wconf 81' lang='lat' dir='ltr'><strong>Sanctum</strong></span> 
     </span>
     <span class='ocr_line' id='line_1_80' title="bbox 110 3687 1342 3767; baseline -0.002 -21"><span class='ocrx_word' id='word_1_471' title='bbox 110 3691 156 3749; x_wconf 82' lang='lat' dir='ltr'><strong>vel</strong></span> <span class='ocrx_word' id='word_1_472' title='bbox 175 3710 208 3749; x_wconf 84' lang='lat' dir='ltr'><strong>ex</strong></span> <span class='ocrx_word' id='word_1_473' title='bbox 227 3693 437 3767; x_wconf 88' lang='lat' dir='ltr'><strong>desperatione.</strong></span> <span class='ocrx_word' id='word_1_474' title='bbox 460 3692 512 3761; x_wconf 89' lang='lat' dir='ltr'><strong>Qui</strong></span> <span class='ocrx_word' id='word_1_475' title='bbox 533 3691 609 3749; x_wconf 90' lang='lat' dir='ltr'><strong>enim</strong></span> <span class='ocrx_word' id='word_1_476' title='bbox 630 3708 700 3765; x_wconf 84' lang='lat' dir='ltr'><strong>pra·</strong></span> <span class='ocrx_word' id='word_1_477' title='bbox 724 3710 727 3767; x_wconf 75' lang='lat' dir='ltr'>j</span> <span class='ocrx_word' id='word_1_478' title='bbox 757 3707 817 3749; x_wconf 92' lang='lat' dir='ltr'><strong>non</strong></span> <span class='ocrx_word' id='word_1_479' title='bbox 832 3690 918 3749; x_wconf 87' lang='lat' dir='ltr'><strong>habet</strong></span> <span class='ocrx_word' id='word_1_480' title='bbox 930 3688 1128 3748; x_wconf 88' lang='lat' dir='ltr'><strong>remissionem</strong></span> <span class='ocrx_word' id='word_1_481' title='bbox 1147 3687 1177 3745; x_wconf 92' lang='lat' dir='ltr'><strong>in</strong></span> <span class='ocrx_word' id='word_1_482' title='bbox 1192 3692 1342 3746; x_wconf 74' lang='lat' dir='ltr'><strong>atomum.</strong></span> 
     </span>
     <span class='ocr_line' id='line_1_81' title="bbox 110 3760 1344 3892; baseline -0.004 -72"><span class='ocrx_word' id='word_1_483' title='bbox 110 3762 197 3821; x_wconf 87' lang='lat' dir='ltr'><strong>sumit</strong></span> <span class='ocrx_word' id='word_1_484' title='bbox 219 3765 255 3823; x_wconf 90' lang='lat' dir='ltr'><strong>de</strong></span> <span class='ocrx_word' id='word_1_485' title='bbox 279 3765 475 3823; x_wconf 89' lang='lat' dir='ltr'><strong>misericordia</strong></span> <span class='ocrx_word' id='word_1_486' title='bbox 497 3763 557 3833; x_wconf 86' lang='lat' dir='ltr'><strong>Del,</strong></span> <span class='ocrx_word' id='word_1_487' title='bbox 583 3763 700 3838; x_wconf 89' lang='lat' dir='ltr'><strong>promit·</strong></span> <span class='ocrx_word' id='word_1_488' title='bbox 757 3767 819 3822; x_wconf 90' lang='lat' dir='ltr'><strong>Non</strong></span> <span class='ocrx_word' id='word_1_489' title='bbox 834 3776 1014 3892; x_wconf 52' lang='lat' dir='ltr'><strong>quocumqlue</strong></span> <span class='ocrx_word' id='word_1_490' title='bbox 1027 3760 1344 3846; x_wconf 76' lang='lat' dir='ltr'><strong>modobluspbemsse·</strong></span> 
     </span>
     <span class='ocr_line' id='line_1_82' title="bbox 111 3828 1399 3911; baseline -0.005 -20"><span class='ocrx_word' id='word_1_491' title='bbox 111 3840 175 3892; x_wconf 87' lang='lat' dir='ltr'><strong>lens</strong></span> <span class='ocrx_word' id='word_1_492' title='bbox 191 3835 244 3895; x_wconf 92' lang='lat' dir='ltr'><strong>sibi</strong></span> <span class='ocrx_word' id='word_1_493' title='bbox 264 3836 473 3911; x_wconf 88' lang='lat' dir='ltr'><strong>impunitatem,</strong></span> <span class='ocrx_word' id='word_1_494' title='bbox 490 3841 576 3910; x_wconf 89' lang='lat' dir='ltr'><strong>atque</strong></span> <span class='ocrx_word' id='word_1_495' title='bbox 595 3841 699 3910; x_wconf 90' lang='lat' dir='ltr'><strong>putans</strong></span> <span class='ocrx_word' id='word_1_496' title='bbox 756 3834 955 3906; x_wconf 87' lang='lat' dir='ltr'><strong>rit,reuserit</strong></span> <span class='ocrx_word' id='word_1_497' title='bbox 989 3835 1053 3909; x_wconf 77' lang='lat' dir='ltr'><strong>arius</strong></span> <span class='ocrx_word' id='word_1_498' title='bbox 1071 3832 1277 3891; x_wconf 79' lang='lat' dir='ltr'><strong>irremissibilis</strong></span> <span class='ocrx_word' id='word_1_499' title='bbox 1293 3828 1344 3886; x_wconf 88' lang='lat' dir='ltr'><strong>ds·</strong></span> <span class='ocrx_word' id='word_1_500' title='bbox 1396 3880 1399 3885; x_wconf 88' lang='lat'><strong>.</strong></span> 
     </span>
     <span class='ocr_line' id='line_1_83' title="bbox 111 3906 1345 3990; baseline -0.006 -26"><span class='ocrx_word' id='word_1_501' title='bbox 111 3908 203 3990; x_wconf 82' lang='lat' dir='ltr'><strong>Deum</strong></span> <span class='ocrx_word' id='word_1_502' title='bbox 227 3915 344 3982; x_wconf 86' lang='lat' dir='ltr'><strong>peccata</strong></span> <span class='ocrx_word' id='word_1_503' title='bbox 368 3909 509 3982; x_wconf 89' lang='lat' dir='ltr'><strong>impunita</strong></span> <span class='ocrx_word' id='word_1_504' title='bbox 525 3907 699 3981; x_wconf 85' lang='lat' dir='ltr'><strong>relinquero,</strong></span> <span class='ocrx_word' id='word_1_505' title='bbox 757 3907 835 3979; x_wconf 87' lang='lat' dir='ltr'><strong>lieti;</strong></span> <span class='ocrx_word' id='word_1_506' title='bbox 859 3908 909 3966; x_wconf 93' lang='lat' dir='ltr'><strong>sed</strong></span> <span class='ocrx_word' id='word_1_507' title='bbox 928 3908 1014 3965; x_wconf 87' lang='lat' dir='ltr'><strong>modo</strong></span> <span class='ocrx_word' id='word_1_508' title='bbox 1034 3906 1169 3990; x_wconf 82' lang='lat' dir='ltr'><strong>quodam,</strong></span> <span class='ocrx_word' id='word_1_509' title='bbox 1189 3916 1275 3985; x_wconf 78' lang='lat' dir='ltr'><strong>quem</strong></span> <span class='ocrx_word' id='word_1_510' title='bbox 1291 3910 1345 3957; x_wconf 84' lang='lat' dir='ltr'><strong>nos</strong></span> 
     </span>
     <span class='ocr_line' id='line_1_84' title="bbox 112 3968 1345 4056; baseline -0.008 -20"><span class='ocrx_word' id='word_1_511' title='bbox 112 3995 147 4036; x_wconf 91' lang='lat' dir='ltr'><strong>eo</strong></span> <span class='ocrx_word' id='word_1_512' title='bbox 163 3995 222 4051; x_wconf 85' lang='lat' dir='ltr'><strong>ipso</strong></span> <span class='ocrx_word' id='word_1_513' title='bbox 237 3982 407 4051; x_wconf 90' lang='lat' dir='ltr'><strong>obstinatur,</strong></span> <span class='ocrx_word' id='word_1_514' title='bbox 419 3982 448 4039; x_wconf 92' lang='lat' dir='ltr'><strong>id</strong></span> <span class='ocrx_word' id='word_1_515' title='bbox 460 3984 504 4040; x_wconf 90' lang='lat' dir='ltr'><strong>est</strong></span> <span class='ocrx_word' id='word_1_516' title='bbox 515 3979 700 4054; x_wconf 87' lang='lat' dir='ltr'><strong>pertinaciter</strong></span> <span class='ocrx_word' id='word_1_517' title='bbox 757 3995 888 4054; x_wconf 80' lang='lat' dir='ltr'><strong>querere</strong></span> <span class='ocrx_word' id='word_1_518' title='bbox 901 3984 988 4053; x_wconf 83' lang='lat' dir='ltr'><strong>atque</strong></span> <span class='ocrx_word' id='word_1_519' title='bbox 1002 3978 1163 4048; x_wconf 86' lang='lat' dir='ltr'><strong>intelligere</strong></span> <span class='ocrx_word' id='word_1_520' title='bbox 1179 3974 1278 4056; x_wconf 76' lang='lat' dir='ltr'><strong>voluit,</strong></span> <span class='ocrx_word' id='word_1_521' title='bbox 1296 3968 1345 4042; x_wconf 93' lang='lat' dir='ltr'><strong>qul</strong></span> 
     </span>
     <span class='ocr_line' id='line_1_85' title="bbox 111 4042 1344 4128; baseline -0.007 -21"><span class='ocrx_word' id='word_1_522' title='bbox 111 4049 272 4123; x_wconf 73' lang='lat' dir='ltr'><strong>inpetrato</strong></span> <span class='ocrx_word' id='word_1_523' title='bbox 288 4053 454 4121; x_wconf 79' lang='lat' dir='ltr'><strong>obduratur,</strong></span> <span class='ocrx_word' id='word_1_524' title='bbox 471 4057 700 4128; x_wconf 86' lang='lat' dir='ltr'><strong>peccatapecca·</strong></span> <span class='ocrx_word' id='word_1_525' title='bbox 757 4053 832 4110; x_wconf 90' lang='lat' dir='ltr'><strong>banc</strong></span> <span class='ocrx_word' id='word_1_526' title='bbox 857 4051 1028 4110; x_wconf 87' lang='lat' dir='ltr'><strong>sententiam</strong></span> <span class='ocrx_word' id='word_1_527' title='bbox 1046 4061 1144 4108; x_wconf 81' lang='lat' dir='ltr'><strong>reram</strong></span> <span class='ocrx_word' id='word_1_528' title='bbox 1171 4042 1344 4127; x_wconf 71' lang='lat' dir='ltr'><strong>ternbslem·</strong></span> 
     </span>
     <span class='ocr_line' id='line_1_86' title="bbox 110 4114 1346 4244; baseline -0.003 -66"><span class='ocrx_word' id='word_1_529' title='bbox 110 4119 148 4205; x_wconf 81' lang='lat' dir='ltr'><strong>tis</strong></span> <span class='ocrx_word' id='word_1_530' title='bbox 161 4125 367 4208; x_wconf 76' lang='lat' dir='ltr'><strong>superaddens.</strong></span> <span class='ocrx_word' id='word_1_531' title='bbox 385 4128 418 4182; x_wconf 84' lang='lat' dir='ltr'><strong>Et</strong></span> <span class='ocrx_word' id='word_1_532' title='bbox 433 4124 474 4183; x_wconf 88' lang='lat' dir='ltr'><strong>ita</strong></span> <span class='ocrx_word' id='word_1_533' title='bbox 488 4128 701 4210; x_wconf 77' lang='lat' dir='ltr'><strong>peceatcontra</strong></span> <span class='ocrx_word' id='word_1_534' title='bbox 778 4139 814 4181; x_wconf 91' lang='lat' dir='ltr'><strong>ue</strong></span> <span class='ocrx_word' id='word_1_535' title='bbox 840 4122 1028 4206; x_wconf 73' lang='lat' dir='ltr'><strong>deprompsit.</strong></span> <span class='ocrx_word' id='word_1_536' title='bbox 1060 4124 1092 4179; x_wconf 90' lang='lat' dir='ltr'><strong>ln</strong></span> <span class='ocrx_word' id='word_1_537' title='bbox 1131 4114 1238 4244; x_wconf 67' lang='lat' dir='ltr'><strong>Ssstrltu</strong></span> <span class='ocrx_word' id='word_1_538' title='bbox 1268 4126 1346 4170; x_wconf 82' lang='lat' dir='ltr'><strong>enlm</strong></span> 
     </span>
     <span class='ocr_line' id='line_1_87' title="bbox 107 4140 1347 4316; baseline 0.006 -66"><span class='ocrx_word' id='word_1_539' title='bbox 107 4200 249 4277; x_wconf 67' lang='lat' dir='ltr'><strong>justitiam</strong></span> <span class='ocrx_word' id='word_1_540' title='bbox 266 4203 386 4270; x_wconf 78' lang='lat' dir='ltr'><strong>spiritus</strong></span> <span class='ocrx_word' id='word_1_541' title='bbox 401 4198 496 4255; x_wconf 89' lang='lat' dir='ltr'><strong>Sancti</strong></span> <span class='ocrx_word' id='word_1_542' title='bbox 512 4216 519 4254; x_wconf 93' lang='lat'>:</span> <span class='ocrx_word' id='word_1_543' title='bbox 535 4212 583 4271; x_wconf 87' lang='lat' dir='ltr'><strong>qui</strong></span> <span class='ocrx_word' id='word_1_544' title='bbox 597 4202 638 4255; x_wconf 88' lang='lat' dir='ltr'><strong>iia</strong></span> <span class='ocrx_word' id='word_1_545' title='bbox 650 4195 701 4254; x_wconf 90' lang='lat' dir='ltr'><strong>mi·</strong></span> <span class='ocrx_word' id='word_1_546' title='bbox 758 4140 874 4265; x_wconf 55' lang='lat' dir='ltr'><strong>ganeis,</strong></span> <span class='ocrx_word' id='word_1_547' title='bbox 896 4211 952 4267; x_wconf 92' lang='lat' dir='ltr'><strong>quo</strong></span> <span class='ocrx_word' id='word_1_548' title='bbox 980 4209 1011 4276; x_wconf 74' lang='lat' dir='ltr'><strong>in</strong></span> <span class='ocrx_word' id='word_1_549' title='bbox 1031 4202 1138 4274; x_wconf 26' lang='lat' dir='ltr'><strong>‘unum‘</strong></span> <span class='ocrx_word' id='word_1_550' title='bbox 1159 4201 1200 4270; x_wconf 29' lang='lat' dir='ltr'><strong>‘el</strong></span> <span class='ocrx_word' id='word_1_551' title='bbox 1225 4184 1347 4316; x_wconf 55' lang='grc' dir='ltr'><strong>ῖθΡΰῙΰΙ</strong></span> 
     </span>
     <span class='ocr_line' id='line_1_88' title="bbox 113 4264 1349 4343; baseline -0.006 -22"><span class='ocrx_word' id='word_1_552' title='bbox 113 4274 291 4325; x_wconf 85' lang='lat' dir='ltr'><strong>sericorsest</strong></span> <span class='ocrx_word' id='word_1_553' title='bbox 313 4268 343 4325; x_wconf 91' lang='lat' dir='ltr'><strong>iu</strong></span> <span class='ocrx_word' id='word_1_554' title='bbox 366 4268 488 4342; x_wconf 88' lang='lat' dir='ltr'><strong>justitia,</strong></span> <span class='ocrx_word' id='word_1_555' title='bbox 502 4270 578 4342; x_wconf 93' lang='lat' dir='ltr'><strong>quod</strong></span> <span class='ocrx_word' id='word_1_556' title='bbox 604 4272 649 4327; x_wconf 88' lang='lat' dir='ltr'><strong>est</strong></span> <span class='ocrx_word' id='word_1_557' title='bbox 673 4272 702 4325; x_wconf 89' lang='lat' dir='ltr'><strong>et</strong></span> <span class='ocrx_word' id='word_1_558' title='bbox 759 4273 962 4341; x_wconf 88' lang='lat' dir='ltr'><strong>congregatur,</strong></span> <span class='ocrx_word' id='word_1_559' title='bbox 974 4267 1087 4338; x_wconf 68' lang='lat' dir='ltr'><strong>ejicitur</strong></span> <span class='ocrx_word' id='word_1_560' title='bbox 1096 4264 1213 4343; x_wconf 74' lang='lat' dir='ltr'><strong>spiritus</strong></span> <span class='ocrx_word' id='word_1_561' title='bbox 1240 4264 1349 4314; x_wconf 80' lang='lat' dir='ltr'><strong>mmuu·</strong></span> 
     </span>
     <span class='ocr_line' id='line_1_89' title="bbox 109 4326 1347 4414; baseline -0.007 -19"><span class='ocrx_word' id='word_1_562' title='bbox 109 4337 207 4409; x_wconf 86' lang='lat' dir='ltr'><strong>justus</strong></span> <span class='ocrx_word' id='word_1_563' title='bbox 232 4337 263 4398; x_wconf 91' lang='lat' dir='ltr'><strong>in</strong></span> <span class='ocrx_word' id='word_1_564' title='bbox 287 4339 504 4411; x_wconf 80' lang='lat' dir='ltr'><strong>misericordia3</strong></span> <span class='ocrx_word' id='word_1_565' title='bbox 530 4340 579 4414; x_wconf 90' lang='lat' dir='ltr'><strong>qul</strong></span> <span class='ocrx_word' id='word_1_566' title='bbox 608 4341 703 4399; x_wconf 89' lang='lat' dir='ltr'><strong>oleum</strong></span> <span class='ocrx_word' id='word_1_567' title='bbox 761 4339 826 4411; x_wconf 90' lang='lat' dir='ltr'><strong>dus,</strong></span> <span class='ocrx_word' id='word_1_568' title='bbox 846 4338 897 4414; x_wconf 88' lang='lat' dir='ltr'><strong>qui</strong></span> <span class='ocrx_word' id='word_1_569' title='bbox 910 4338 941 4397; x_wconf 91' lang='lat' dir='ltr'><strong>ln</strong></span> <span class='ocrx_word' id='word_1_570' title='bbox 965 4335 1092 4409; x_wconf 86' lang='lat' dir='ltr'><strong>seipsum</strong></span> <span class='ocrx_word' id='word_1_571' title='bbox 1112 4331 1220 4393; x_wconf 81' lang='lat' dir='ltr'><strong>divisus</strong></span> <span class='ocrx_word' id='word_1_572' title='bbox 1233 4326 1347 4390; x_wconf 65' lang='lat' dir='ltr'><strong>disittm</strong></span> 
     </span>
    </p>
   </div>
   <div class='ocr_carea' id='block_1_6' title="bbox 0 0 1444 4942">
    <p class='ocr_par' dir='ltr' id='par_1_7' title="bbox 0 0 1444 4942">
     <span class='ocr_line' id='line_1_90' title="bbox 0 0 1444 4942; baseline 0 0"><span class='ocrx_word' id='word_1_573' title='bbox 0 0 1444 4942; x_wconf 95' lang='lat' dir='ltr'><strong> </strong></span> 
     </span>
    </p>
   </div>
  </div>
 </body>
</html>
