2880 4942
135 299 168 354 76
518 301 628 356 Puluis
654 300 775 355 liniis
802 299 905 355 citui
932 298 987 354 ili

140 408 207 464 dens
224 409 312 472 leuis,
338 405 445 464 seilicet
468 406 563 464 vorbis
588 413 616 464 et
640 408 731 478 tactis,

139 480 183 535 uit
193 481 251 534 illis
265 483 382 536 :Euntes
394 482 549 534 renuntiate
556 483 659 535 loanni
671 496 733 551 que

138 551 269 615 scidistis,
281 552 318 607 ab
334 550 398 606 aliis
407 555 561 621 antequam
575 551 731 620 veniretis,

139 628 165 679 et
187 623 300 677 vidistis
322 622 543 693 presentialiter
563 623 600 680 ad
622 638 732 695 praece-

139 698 220 767 ptum
237 709 330 748 iiieuni
347 692 421 761 lieri,
434 700 588 775 postquam
602 695 732 764 venistis,

141 769 171 821 et
189 780 238 820 ros
256 764 291 819 de
309 780 354 819 me
371 765 565 822 certificemini
592 782 644 838 per
667 780 733 823 eum

140 835 236 908 potius
250 851 334 905 riuum
348 835 408 907 ipsc
419 855 428 891 .·
440 837 494 906 vel,
505 842 662 893 renuntiate
672 854 733 909 qua

141 908 272 966 audistis.
291 907 319 962 iu
335 907 548 979 praedicatione,
565 914 592 965 et
608 910 731 972 vidistis,

141 978 171 1034 iii
192 978 393 1036 miraculorum
418 980 594 1051 operatione.
623 979 732 1037 Videtis

142 1065 198 1117 me,
208 1049 352 1106 arnoscite
364 1066 408 1106 me
419 1051 537 1119 ,videtis
546 1053 629 1119 taeta,
641 1068 732 1123 agrio-

140 1120 210 1178 seite
225 1092 372 1181 factorem.
387 1123 483 1179 Caecus
498 1123 638 1192 illumino,
655 1139 731 1179 mor·

142 1197 207 1248 tuos
221 1192 336 1262 suscito,
352 1209 492 1264 pauperes
511 1197 545 1251 ail
562 1195 649 1250 tldein
663 1209 732 1250 cou-
760 1248 762 1269 ,

791 405 918 464 Christus
942 407 1004 470 cst3
1026 403 1075 460 sed
1100 420 1152 477 ego
1167 405 1236 462 talia
1261 420 1376 479 operor,

791 494 860 549 ergo
875 493 927 549 ego
943 491 1005 531 suin
1023 475 1159 532 Christus.
1181 476 1293 533 Utiliter
1307 492 1377 551 ergo

792 551 828 607 ad
847 549 966 607 loannis
985 546 1138 618 discipuios
1155 549 1304 621 respondit
1323 551 1379 607 Do-

792 621 897 690 minus,
913 617 1008 692 potius
1020 633 1072 689 per
1087 635 1184 691 opera,
1200 634 1287 692 quam
1302 620 1379 678 sidi-

792 693 879 750 xisset
895 710 902 748 :
920 694 978 761 Ego
993 706 1075 759 siini;
1092 699 1119 747 nt
1137 691 1199 762 ipsa
1213 707 1302 764 opera
1317 693 1380 749 e'us

791 761 1296 834 manifestarenteisquodipseesset
1336 780 1380 821 es·

793 836 859 904 sias,
872 842 965 907 potius
985 848 1070 902 qiiam
1085 838 1172 891 verba
1188 855 1197 890 :
1213 834 1280 905 quia
1296 834 1378 893 testi-

793 905 1378 978 moniumquodostderonusetopen'bus,

793 978 958 1035 credibilius
971 981 998 1034 et
1015 976 1136 1033 validius
1151 984 1194 1033 est
1212 976 1378 1035 testimonio

793 1051 869 1122 quod
880 1056 947 1106 esta
962 1047 1053 1106 verbis
1063 1067 1070 1117 ;
1082 1056 1110 1104 et
1125 1049 1245 1105 validior
1266 1054 1310 1105 est
1323 1064 1377 1106 vox

797 1121 902 1194 operis,
920 1138 1003 1193 quani
1021 1121 1170 1176 sermonis.
1181 1120 1275 1177 Noluit
1289 1120 1376 1177 etiam

793 1191 898 1265 apertis
914 1195 1007 1252 verbis
1023 1194 1117 1248 dicere
1133 1210 1140 1247 :
1157 1195 1214 1262 Ego
1230 1206 1293 1248 suni
1313 1206 1377 1265 pro·

141 1269 233 1330 nerto,
254 1270 282 1319 et
302 1272 397 1321 cetera
410 1264 488 1347 'facio
504 1282 567 1346 quac
582 1282 627 1323 me
643 1268 733 1323 t'actu·
760 1294 762 1349 Ι
793 1272 858 1338 pter
873 1272 1044 1336 arrogantia
1063 1263 1183 1346 litandae
1198 1263 1376 1346 exemplum

143 1351 205 1392 runi
217 1338 364 1405 l'rophetae
379 1337 446 1392 olim
463 1341 732 1408 nuntiaveruntlp-
760 1360 763 1369 ¹
794 1338 844 1393 sed
859 1343 955 1392 tamen
977 1340 1186 1395 erirlcntissime
1206 1335 1331 1392 ostendit
1346 1350 1378 1391 se

143 1422 175 1461 sa
190 1423 283 1476 epea,
300 1424 362 1476 qaae
381 1413 528 1477 spolecio,
548 1413 734 1465 testimoniam
761 1404 764 1469 l
793 1424 856 1465 esse
870 1408 948 1464 illum
961 1411 996 1465 de
1008 1427 1062 1481 quo
1072 1407 1236 1478 querebant
1246 1421 1324 1463 eum.

141 1479 288 1549 perhibent
302 1480 336 1533 de
349 1496 408 1546 me;
430 1481 505 1536 unde
519 1499 526 1536 ι
547 1483 580 1537 Si
598 1483 668 1535 mihi
680 1496 734 1535 aon

144 1550 231 1604 valtis
251 1552 368 1618 creatore,
389 1554 516 1622 operibus
533 1553 644 1607 credite.
661 1554 733 1608 Con·

144 1620 217 1674 ferte
232 1635 318 1690 opera
338 1637 401 1692 quae
417 1622 446 1676 iii
462 1638 508 1677 me
531 1622 649 1687 vidistis,
667 1637 733 1678 cum

147 1691 353 1761 Prophetarum
378 1693 501 1749 oraculis
524 1710 589 1765 qliae
611 1693 731 1765 legistis,

147 1765 179 1818 ut
194 1769 221 1817 et
235 1778 280 1818 me
295 1762 373 1819 illurn
391 1765 426 1821 de
442 1780 497 1836 quo
518 1766 651 1822 dixerunt
670 1780 734 1821 esse

145 1834 334 1904 cognoscatis.
354 1836 425 1891 t'aeoi
439 1838 543 1900 trident,
564 1842 595 1893 ut
613 1837 734 1909 implea-

146 1910 194 1960 tur
220 1904 288 1961 illud
308 1908 504 1977 propheticum
523 1926 530 1964 :
547 1912 621 1965 Tuae
645 1911 735 1980 aperi·

148 1981 228 2031 eatur
243 1980 315 2032 oculi
329 1996 469 2036 caeeiiiaim.
484 2011 519 2022 -
530 1983 630 2038 Claudi
642 1982 735 2036 ambu-

147 2049 216 2113 lant,
234 2055 262 2104 ut
281 2050 434 2121 impleatur
449 2051 519 2109 illud
536 2071 542 2108 :
562 2056 636 2109 Turio
652 2055 736 2108 saliet

145 2123 217 2175 sicut
226 2137 331 2185 cauus,
344 2125 469 2179 claudus.
486 2156 520 2165 —
532 2126 646 2195 Leprosi
657 2141 735 2179 mua·

147 2192 260 2253 dantur.
270 2200 299 2248 ut
310 2193 461 2264 impleatur
473 2194 558 2251 illud:
575 2198 734 2263 Laapuores

147 2268 254 2316 nostros
269 2267 328 2333 ipse
342 2268 417 2326 tulit,
439 2267 518 2329 caius
536 2268 621 2320 littore
639 2268 734 2320 senati

147 2347 251 2387 samiis.
268 2363 297 2372 —
307 2335 389 2390 Surdi
402 2335 530 2404 audiunt,
539 2341 570 2391 ut
582 2335 735 2407 impleatur

148 2402 234 2459 illud:
251 2408 284 2459 Et
295 2422 375 2460 aures
387 2408 533 2461 surdorum
563 2409 685 2463 atcbuiit.
699 2436 735 2447 -

147 2477 252 2530 Mortui
265 2481 422 2545 resumunt,
435 2483 466 2532 ut
479 2425 632 2550 impiicatur
646 2478 731 2535 illud:

151 2548 250 2602 Vivent
278 2552 391 2617 mortui,
421 2553 559 2618 interfecti
580 2554 633 2605 aiei
646 2567 735 2606 resur·

147 2625 221 2687 qeut.
241 2651 275 2659 -
296 2622 432 2691 Paupercs
450 2624 684 2691 eeanpelizaatur,
706 2621 735 2678 id

149 2695 193 2744 est
216 2706 268 2761 per
292 2692 475 2762 Evangelium
503 2693 684 2750 instruuntur
707 2698 736 2750 et

148 2758 354 2829 illuminantur,
373 2771 400 2818 rt
414 2765 449 2819 ad
464 2764 549 2820 tidem
567 2771 733 2820 coniertun·

149 2835 206 2898 tur,
218 2838 246 2886 ut
257 2832 408 2903 impleatur
418 2834 485 2891 illud
503 2853 509 2890 :
525 2836 735 2906 Evangelizare,

148 2902 193 2957 vel
209 2905 246 2956 ad
259 2907 481 2961 ‹iniruationdum
497 2909 667 2978 puaperibus
681 2910 734 2961 rni-

147 2974 186 3028 sit
210 2990 260 3028 me.
280 2974 322 3030 Fit
337 2982 432 3032 autem
458 2978 552 3048 potius
575 2978 682 3035 mentio
698 2980 734 3035 de

147 3045 332 3116 pauperibus,
352 3063 437 3119 quarn
457 3050 493 3104 de
508 3048 652 3119 divitibus,
668 3050 736 3123 quia

147 3131 288 3188 pauperes
311 3126 513 3176 convertuntur
539 3121 657 3178 lai-ilius.
685 3121 734 3179 Ubi

147 3189 351 3257 llieroapmus:
368 3213 380 3242 o
392 3195 528 3263 Puiipercc
543 3199 638 3249 autem
654 3210 736 3249 eiicia-

146 3262 313 3341 peliiuatur,
325 3262 462 3334 intellige,
477 3265 519 3320 rel
532 3281 671 3337 pauperes
682 3264 737 3336 spi-

148 3337 215 3401 ritu,
244 3336 285 3389 rel
319 3340 395 3391 certe
416 3336 518 3408 opibus
537 3354 593 3410 pari
615 3353 688 3405 eres,
705 3341 737 3392 ut

147 3403 224 3485 nulla
239 3404 313 3461 inter
327 3407 436 3463 nobiles
450 3415 477 3464 et
493 3353 643 3479 ignobisss,
659 3408 736 3465 inter

146 3474 248 3556 divites
274 3482 304 3534 et
325 3495 442 3547 egenos,
471 3479 499 3535 in
532 3480 736 3552 praedieatione

147 3545 283 3603 distantia
298 3549 344 3604 sit.
365 3553 514 3608 »Narrate
534 3568 601 3624 ergo
620 3551 734 3619 loanni,

149 3632 213 3686 quae
224 3619 339 3688 quidem
351 3621 507 3677 audistisin
523 3623 672 3696 Propbetis
685 3638 737 3694 per

148 3688 278 3744 blessiani
291 3690 397 3758 tieiida,
409 3692 519 3748 vidistis
532 3697 616 3750 modo
628 3710 678 3765 per
692 3708 736 3748 ine

148 3757 286 3829 impleta:
303 3776 337 3816 ea
357 3763 432 3817 enini
448 3770 514 3818 tunc
536 3768 639 3837 agebat
659 3763 737 3820 Cbri-

148 3834 220 3898 stus,
252 3847 315 3902 quae
346 3834 671 3911 Prophetaelopucntes
701 3835 737 3890 de

148 3906 275 3973 tempore
306 3904 426 3972 Messian,
453 3906 644 3976 praedixerant
672 3921 737 3962 cum

146 3973 298 4031 iacturum.
321 3976 468 4032 Subtiliter
483 3993 550 4048 ergo
578 3977 735 4049 respondit,

148 4045 271 4103 innuens
286 4048 372 4103 talem
390 4047 550 4104 rationem:
570 4051 621 4117 Qui
636 4064 735 4120 opera-

148 4123 196 4175 tur
210 4136 297 4191 opera
314 4134 428 4176 omnem
449 4125 559 4176 naturae
574 4121 737 4177 t'aeullatem

149 4192 324 4257 excedentia,
343 4197 372 4248 et
386 4206 449 4262 quae
467 4192 615 4262 Propheta·
630 4193 737 4265 praedi·

150 4269 249 4319 serant
261 4265 296 4320 de
307 4263 419 4322 Christo
431 4262 544 4336 Messio,
553 4264 600 4322 ille
610 4266 736 4338 protecto

830 1482 1022 1537 obtenturi-:ii
1047 1497 1095 1535 ssx
1119 1495 1255 1534 uiniouii
1269 1478 1381 1535 esaim

794 1568 898 1607 conruit
913 1569 1028 1609 roiinrii
1053 1569 1124 1607 nini
1148 1566 1327 1606 srrnrruiiiii.
1344 1580 1380 1591 -

795 1622 940 1679 lloraliler
958 1641 1008 1695 per
1027 1641 1073 1679 sei
1090 1637 1177 1693 opera
1202 1620 1309 1678 Christi
1327 1618 1381 1677 mi·

794 1694 897 1751 rabilia
924 1695 969 1750 bic
998 1695 1101 1767 posita,
1122 1692 1224 1763 quibus
1249 1691 1381 1750 liberarit

795 1766 960 1822 bominesa
985 1765 1181 1838 corporalibus
1207 1762 1378 1833 defectibus„

794 1842 914 1910 possunt
941 1838 1028 1910 arripi
1058 1854 1105 1893 seii
1130 1836 1206 1890 inala
1232 1851 1249 1890 a
1276 1834 1380 1905 quibus

816 1908 923 1965 uotidie
940 1909 1126 1981 spiritualiter
1142 1906 1242 1962 liberat
1256 1904 1379 1963 animas.

796 1926 914 2038 {eritas
940 1987 983 2036 est
1011 1978 1174 2051 ignorantia
1195 1983 1223 2033 et
1238 1992 1320 2034 error
1333 1992 1380 2034 ra·

795 2052 882 2109 tionis
908 2052 1053 2123 eligentis;
1085 2048 1254 2106 claudicatio
1272 2052 1317 2105 cst
1338 2047 1381 2105 iii-

795 2123 916 2179 firmitas
944 2129 971 2179 et
998 2126 1121 2179 curvitas
1145 2119 1305 2177 allectionis
1321 2134 1381 2176 mo·

795 2195 903 2263 rentis;
925 2196 1003 2267 lepra
1030 2201 1073 2249 est
1096 2190 1327 2263 eoncupiscentia
1353 2198 1382 2248 et

797 2266 976 2322 immunditia
991 2263 1227 2346 roiiriipiseentiae
1238 2261 1376 2344 carnalis3

796 2336 919 2393 surditas
939 2343 981 2393 est
1000 2337 1107 2392 malitia
1123 2342 1152 2392 et
1166 2334 1272 2391 duritia
1288 2334 1376 2390 obsti·

794 2413 876 2464 natae-
884 2409 988 2464 mentis
1000 2426 1006 2475 ;
1023 2425 1099 2463 niors
1110 2412 1152 2462 est
1164 2405 1305 2477 separatio
1319 2403 1379 2462 aui'·

795 2495 880 2536 rnaea
904 2482 962 2535 lleo
988 2496 1040 2551 per
1069 2477 1188 2534 mortale
1214 2481 1376 2548 peceatum

794 2558 947 2623 paupertas
963 2558 1006 2607 est
1020 2551 1145 2606 deiectus
1159 2548 1259 2621 gratiae
1275 2553 1304 2605 et
1320 2546 1377 2603 rii·-

795 2629 896 2678 tutum.
915 2625 979 2678 llaec
995 2629 1088 2678 atatem
1103 2637 1149 2676 sex
1163 2620 1248 2687 mala,
1261 2635 1313 2691 pro
1325 2632 1383 2675 ma·

795 2710 852 2765 gna
866 2701 946 2764 parte
959 2695 1040 2749 uobis
1056 2710 1087 2748 ei
1103 2696 1218 2764 peccato
1233 2688 1318 2763 primi
1335 2688 1383 2747 ho·

796 2765 881 2821 minis
894 2765 1013 2834 indicta,
1032 2765 1103 2820 tollit
1120 2765 1192 2818 tides
1206 2766 1235 2818 et
1248 2760 1383 2834 predica·

796 2836 836 2892 tio
850 2836 951 2893 Christi
968 2837 1068 2891 devote
1083 2842 1207 2905 accepta.
1224 2835 1294 2889 Nam
1309 2830 1382 2889 ratio

797 2908 983 2975 illuminatur,
994 2905 1379 2972 atl'eetuseertiticatur,coii·

799 2978 978 3050 cupisceiitim
993 2980 1079 3033 ardor
1100 2974 1298 3047 exstinguit-ur,
1320 2974 1382 3031 obs-

798 3049 899 3105 tinatio
924 3050 1073 3117 transitur,
1090 3053 1234 3120 peecatum
1256 3047 1381 3118 sugatur,

798 3127 827 3177 et
841 3122 932 3192 gratia
946 3125 1100 3177 cont'ertur.
1117 3151 1149 3159 -
1169 3117 1289 3185 Quidam
1304 3116 1382 3174 enim

798 3200 865 3249 sunt
880 3193 944 3249 caeci
961 3210 1011 3264 pei
1026 3190 1215 3263 ignorantiam
1233 3206 1240 3245 :
1257 3204 1329 3260 quos
1345 3186 1379 3244 ti·

799 3266 881 3321 berat
899 3265 1038 3329 Christus,
1063 3260 1231 3317 illustrando
1254 3265 1380 3316 mentem

798 3338 833 3393 ad
854 3337 1014 3392 divinorum
1036 3334 1239 3403 cognitionem.
1256 3362 1290 3372 —
1313 3329 1383 3399 Qut·

799 3409 864 3464 dam
892 3414 958 3463 sunt
986 3405 1079 3461 rlaiidi
1106 3404 1133 3460 iri
1162 3405 1266 3459 atl'ectu
1285 3416 1382 3474 prante

799 3477 1019 3549 voluntatis,qiii
1030 3479 1101 3532 bene
1113 3475 1209 3531 vident
1219 3474 1286 3545 quid
1298 3488 1384 3546 agen·

798 3551 865 3607 dum
882 3550 929 3617 sit,
946 3556 974 3605 et
989 3548 1141 3620 quiimodo,
1154 3546 1291 3602 derelicto
1303 3560 1385 3602 mun·

799 3623 846 3688 do,
874 3621 1000 3678 Christus
1029 3619 1191 3690 sequendus
1217 3621 1314 3685 esset3
1332 3614 1382 3673 sed

799 3692 909 3759 nolunt,
925 3692 966 3747 vel
983 3691 1085 3761 partim
1100 3690 1197 3746 volunt
1211 3687 1292 3758 sequi
1305 3702 1386 3745 mun·

799 3763 878 3830 dum,
898 3763 998 3832 partini
1020 3765 1173 3829 Christum,
1190 3759 1385 3816 claudicantes

799 3833 829 3889 iii
851 3834 922 3889 duas
946 3842 1050 3906 partes,
1067 3834 1094 3889 id
1112 3839 1155 3888 est
1174 3846 1274 3887 versus
1293 3832 1384 3887 Deum

800 3910 827 3961 et
852 3906 989 3961 mundum
1007 3923 1013 3960 :
1029 3921 1100 3976 qiios
1128 3903 1230 3959 liberat
1255 3901 1384 3959 Christus

800 3976 977 4048 disponendo
1006 3982 1130 4031 mentem
1149 3973 1185 4030 ad
1212 3972 1316 4029 divinae
1338 3986 1387 4029 vo·

800 4048 916 4104 luntatis
931 4047 1129 4119 expletionem.
1145 4076 1174 4086 -
1185 4045 1307 4112 Quidam
1319 4044 1385 4101 sunt

800 4120 903 4191 leprosi
922 4120 1000 4191 lepra
1016 4118 1143 4186 liriorta,
1161 4132 1225 4186 quae
1241 4130 1345 4189 corpus
1357 4116 1386 4171 el

799 4194 923 4248 animam
940 4191 1072 4258 maculat,
1085 4189 1127 4244 ret
1144 4187 1263 4245 alterius
1296 4183 1386 4244 eccatl

799 4263 966 4336 contagione
993 4281 1002 4317 :
1027 4277 1097 4334 quos
1124 4260 1228 4317 liberat
1299 4258 1386 4316 ristun
