2880 4942
98 331 144 386 tls
419 327 532 383 ruthe
560 325 687 380 rshtts
714 324 822 378 carth
851 324 997 378 lxxiiii

101 434 489 507 siint,insobbatolicitefieri
501 430 690 506 possunbsic·
745 430 821 503 qnod
839 435 957 503 possent
975 428 1078 487 saltem
1094 426 1278 501 apparenter
1292 436 1335 476 re-

102 516 133 564 ut
151 511 313 566 sacerdotes
331 507 516 580 corporaliter
531 505 688 576 operaban-
743 504 932 575 prehendere,
948 518 1004 559 non
1023 502 1100 573 quod
1118 493 1334 576 poterantlan3

101 586 147 637 tur
163 583 192 637 in
207 582 323 653 tempto,
337 580 430 652 ipsum
439 577 574 649 templum
588 590 690 631 ornan·
782 592 822 631 re.
839 575 885 632 Sic
904 574 971 631 mali
994 573 1127 630 homines
1147 576 1179 628 et
1198 567 1333 624 malitiosi

101 653 148 721 do,
161 652 268 709 hostias
278 651 399 708 lavando
415 657 442 707 et
458 647 641 714 immolando,
660 650 689 701 ot
778 653 841 704 ntra
867 646 990 718 aliquem
1018 650 1138 727 agentes
1166 642 1333 722 frequenter

101 723 258 779 consimilia
271 723 409 779 faciendo.
420 720 555 778 Similiter
565 717 687 790 portatio
741 724 844 775 notant
867 725 895 776 et
916 717 1099 775 considerant
1113 732 1146 772 iii
1161 714 1241 779 alus,
1259 708 1332 781 quod

101 794 177 850 itlius
194 794 304 866 grabati
318 799 380 851 erat
394 793 431 849 ad
445 789 687 862 magnificentiam
741 790 850 863 possint
876 789 1087 862 reprehendere
1112 792 1144 844 et
1173 796 1330 861 accusarej

100 865 188 921 divini
215 865 365 933 miraculi;
386 864 460 921 sicut
481 868 511 920 et
530 861 614 918 modo
635 860 685 929 iili,
740 879 797 919 non
810 862 886 934 quod
900 861 1010 934 possint
1023 860 1152 928 laudare,
1165 861 1198 940 'et
1213 854 1252 912 ad
1267 851 1332 935 aedi·

100 936 150 1008 qui
166 936 201 993 de
215 937 377 994 carceribus
392 941 421 993 et
438 932 600 1008 hujusmodi
616 933 686 989 libe·
739 933 904 990 ficationem
923 933 1047 989 trahere.
1064 933 1104 1002 Si,
1121 928 1193 1002 quid
1214 928 1284 1008 bont
1302 939 1329 979 in

101 1013 211 1077 rantur,
235 1013 352 1081 portant
373 1007 525 1079 compedes
546 1022 612 1062 suos
654 1021 685 1060 u·
740 1005 781 1062 eis
801 1005 908 1073 rident,
927 1009 1041 1072 tacent;
1061 1008 1091 1060 et
1111 1001 1200 1068 mala,
1221 1014 1246 1053 si
1275 1010 1329 1066 qua

99 1079 172 1136 blico
192 1080 228 1136 ad
248 1079 509 1136 manifestationem
532 1093 593 1134 suae
613 1020 686 1158 tibe-
740 1077 847 1158 rident,
873 1076 1073 1158 manifestant3
1098 1080 1128 1131 et
1156 1069 1328 1144 quandoque

98 1150 218 1208 rationis
228 1152 417 1208 miraculosae.
427 1151 482 1207 Sed
495 1155 592 1206 tamen
603 1149 687 1203 ahter
740 1155 826 1206 etiam
848 1149 955 1204 bonum
969 1164 1000 1203 in
1019 1146 1125 1203 malum
1146 1142 1326 1201 convertunt.

100 1239 131 1279 se
148 1229 261 1279 excusat
275 1223 328 1279 iste
342 1228 467 1281 sanatus.
484 1219 618 1293 quoniam
633 1220 687 1275 hu·
740 1219 792 1277 Ubi
803 1223 1008 1289 chrysostomus
1023 1236 1030 1274 z
1044 1240 1058 1272 a
1069 1216 1225 1298 Videamus
1241 1224 1328 1293 qnan-

98 1300 207 1352 ctorem
218 1294 347 1351 sanitatis
359 1312 417 1352 sucu
430 1291 686 1366 objicienscalum-
740 1297 799 1348 tum
816 1293 887 1348 livor
904 1291 1020 1360 malum,
1033 1296 1063 1348 et
1079 1289 1206 1368 qualiter·
1224 1297 1326 1362 anima

99 1366 245 1424 hiantibus
262 1368 510 1437 atquehuctorem
531 1362 686 1421 Dominicre
739 1364 836 1421 oculos
862 1368 993 1431 excaecat,
1017 1363 1154 1419 adversus
1181 1373 1256 1429 eius.
1280 1369 1326 1424 qui

99 1437 183 1508 Legis
206 1438 398 1509 praetendens,
414 1437 556 1507 respondit
578 1438 617 1489 eis
640 1433 685 1489 di·
740 1442 837 1518 captus
850 1440 903 1499 est,
917 1436 1049 1491 salutem.
1066 1431 1156 1514 luridi
1168 1429 1326 1508 enimupro-

98 1524 166 1565 cens
182 1527 189 1564 :
203 1511 257 1576 Qui
268 1525 310 1563 me
323 1524 421 1562 sonum
435 1511 513 1575 fecit,
526 1510 554 1563 et
566 1522 617 1577 per
631 1506 686 1561 hoc
740 1523 801 1579 prie
816 1510 955 1564 rationem
972 1523 1030 1562 non
1049 1506 1157 1561 faciunt
1172 1500 1285 1565 salutis,
1299 1500 1327 1552 ct

99 1595 130 1635 se
146 1579 272 1635 divinam
285 1579 417 1635 virtutem
431 1579 537 1634 hahere
550 1576 683 1641 ostendit,

97 1652 155 1716 ille,
183 1655 270 1705 tantas
299 1649 477 1706 auctoritatis
508 1654 537 1705 et
562 1647 684 1715 virtutis,

97 1722 167 1776 mihi
185 1722 284 1776 dicit:
303 1723 378 1776 Tolle
399 1722 545 1789 probatum
565 1725 641 1774 tuum
659 1724 685 1775 et

96 1793 221 1860 ambulo,
249 1797 277 1848 et
305 1791 371 1848 huic
400 1791 591 1850 obediendum
611 1789 683 1872 fuit.

98 1863 185 1932 Quasi
212 1862 341 1920 diceret:
359 1864 419 1934 llle,
440 1863 488 1935 qui
514 1878 559 1919 me
590 1861 686 1919 diviua

98 1935 202 1993 uirtute
233 1934 352 2004 sanant,
381 1934 481 1993 eadem
514 1934 618 1990 virtute
656 1938 685 1989 et

99 2006 269 2064 anctoritate
304 2006 374 2063 mihi
410 2006 555 2080 praecepit,
579 2010 608 2062 et
636 2021 686 2076 per

98 2094 288 2151 consequens,
312 2079 376 2148 sibi,
401 2079 448 2150 qui
471 2084 567 2135 tantus
592 2082 685 2159 est-et

99 2150 269 2207 heneficium
281 2150 351 2206 mihi
362 2150 417 2207 tale
428 2150 557 2218 contulit,
568 2148 684 2206 obedire

99 2227 210 2303 teneor,
225 2238 277 2277 nec
292 2237 355 2303 sum
372 2227 575 2304 transgressor.
592 2220 685 2286 Quare

99 2307 177 2348 enini
191 2308 247 2347 uon
262 2307 420 2363 acciperem
431 2307 586 2364 iussionem
601 2307 684 2361 aquo

99 2377 265 2434 acceperam
280 2363 449 2419 sanitatem?
468 2363 514 2419 Sic
535 2379 591 2418 non
610 2362 686 2418 cedit

98 2432 281 2505 adversariis,
292 2432 434 2490 nectimet
448 2432 604 2505 praedicare
619 2450 685 2489 enm

96 2505 144 2579 qui
160 2504 254 2577 ipsum
269 2521 369 2562 sanum
384 2504 458 2562 fecit.
476 2506 531 2563 Sed
545 2505 619 2578 quis,
636 2505 686 2561 ho-

99 2577 145 2634 die
160 2577 202 2633 vel
224 2576 270 2633 uhi
286 2582 338 2641 est.
358 2576 406 2650 qui
425 2593 501 2634 nuuc
517 2585 615 2635 contra
630 2593 685 2633 sre-

99 2647 196 2705 iitiam
216 2648 386 2722 principum,
401 2650 446 2707 vel
463 2650 598 2707 damnum
618 2665 686 2723 pro-

98 2719 192 2792 prium
208 2736 272 2775 eum
285 2721 440 2792 praedicet?

132 2793 282 2847 slisoicr
301 2810 498 2848 inrnnnocirio
521 2810 555 2849 iu
581 2811 685 2851 isurun

98 2878 260 2941 rnocnunns.
275 2891 309 2903 —
320 2864 363 2930 Et,
375 2862 441 2933 quia
454 2870 584 2920 curatum
595 2864 684 2921 honri-

100 2948 178 2998 nem,
199 2947 246 3002 qui
270 2947 321 3003 per
349 2936 496 2990 curantem
522 2950 552 2990 se
579 2952 685 2992 conie-

101 3001 215 3059 nienter
241 3004 404 3071 excusabat,
431 3005 598 3062 calumniari
628 3023 686 3064 non

98 3078 241 3147 poteraut,
266 3072 342 3144 ideo,
365 3074 508 3132 Christum
538 3084 685 3136 curantem

98 3144 267 3202 calumniari
290 3145 424 3216 nitentes,
451 3150 620 3219 quaerebant
651 3152 686 3209 de

100 3233 146 3286 eo,
161 3233 220 3273 nou
242 3216 357 3288 quidem
383 3220 457 3276 bona
476 3218 634 3278 intentione
657 3226 687 3279 ut

100 3289 283 3361 proficerent,
306 3290 356 3347 sed
380 3290 504 3364 maligno
528 3293 634 3363 auimo,
656 3299 687 3352 ut

100 3360 262 3443 perderent.
280 3363 313 3418 Et
331 3363 406 3420 hanc
423 3364 585 3423 ludaeorum
604 3367 686 3423 mali·

97 3435 684 3504 tiamipsorumrerbabeuemanifestantz

99 3519 162 3560 cum
179 3504 255 3561 enim
270 3505 408 3563 Dominus
421 3512 450 3564 et
466 3509 610 3566 sanaverit
625 3510 686 3567 lan·

100 3574 228 3656 gnidum,
247 3582 277 3658 et
296 3577 357 3659 tolli
379 3578 495 3650 iusserit
515 3582 685 3652 grabatum3

100 3650 688 3728 prunnm,virtutisdiviuaeostensivumet

98 3717 295 3798 irrefragabile
306 3719 421 3790 signum
436 3723 587 3793 subticent,
601 3731 686 3798 atque

100 3786 187 3869 aliud,
208 3789 284 3857 quod
307 3793 494 3862 transgressio
513 3796 595 3866 Legis
619 3796 687 3867 ipsis

100 3858 260 3926 ridebatur,
275 3860 413 3931 replicant
427 3881 435 3921 ι
449 3867 687 3934 interrogaverunt

99 3929 244 3986 enimcum
254 3929 398 3988 diceutes:
412 3935 479 4001 Quis
488 3942 528 3991 est
538 3940 586 3993 itte
597 3942 684 4005 bomo,

100 4006 150 4072 qut
165 4003 326 4059 cediderit:
345 4006 419 4060 Tolle
434 4007 581 4074 pratorum
597 4016 685 4082 trium,

99 4079 125 4129 et
153 4075 286 4131 ambulo?
312 4075 397 4142 Quasi
425 4076 552 4134 dicerent
572 4102 578 4137 :
597 4084 686 4140 btalus

100 4144 186 4200 liomo
213 4152 264 4226 est,
293 4147 340 4219 qni
366 4147 434 4205 talia
461 4165 553 4220 praece
574 4152 605 4208 it.
624 4157 685 4212 Non

99 4216 290 4274 calumniatur
305 4219 342 4276 de
356 4219 508 4277 collatione
518 4167 685 4292 suffitiased

101 4286 136 4341 dc
150 4288 309 4356 portatione
321 4291 399 4360 lecti;
416 4299 444 4350 et
456 4292 496 4348 sic
508 4295 685 4368 accipiebant

740 1579 808 1636 feris
837 1583 904 1636 sunt
930 1577 1097 1635 deteriores.
1125 1575 1184 1656 lllae
1211 1568 1327 1650 quidem

741 1651 865 1709 anteibo
879 1649 1050 1721 indigentes,
1059 1653 1107 1705 aut
1116 1661 1196 1718 prius
1210 1659 1229 1698 a
1245 1641 1327 1697 nobis

741 1724 916 1780 exacerbata
939 1721 1075 1779 adversus
1095 1734 1148 1775 nos
1167 1717 1325 1796 armantur.

741 1794 852 1851 {livero
865 1798 894 1851 et
908 1791 1119 1850 benefacientes
1128 1788 1274 1871 multoties
1283 1783 1327 1838 his

740 1882 803 1938 quae
822 1871 887 1923 snut
904 1864 1011 1937 injusta
1026 1862 1190 1921 facientium
1210 1855 1326 1938 bencfa-

740 1943 833 1995 ctores
847 1937 1056 2009 disposuerunt.
1074 1933 1164 2005 igitur
1176 1930 1247 1986 feris
1264 1942 1327 2008 qui·

740 2010 805 2066 dem
818 2009 846 2065 hi
860 2015 927 2065 snut
938 2006 1131 2072 difficiliorem
1146 1999 1327 2081 demonibus

760 2097 835 2149 ares,
844 2079 974 2137 fortassis
982 2084 1079 2136 autem
1090 2075 1146 2133 illis
1156 2074 1324 2154 deteriores.

740 2096 783 2209 fui
793 2153 869 2209 enini
882 2151 919 2209 ad
931 2168 984 2207 uos
998 2149 1111 2222 quidem
1124 2141 1326 2223 inexpiabilem

739 2226 846 2281 habent
866 2222 1062 2290 inimicitiam
1083 2219 1128 2276 his
1146 2223 1243 2274 autem
1257 2228 1325 2295 flul·

739 2298 792 2353 hus
809 2302 874 2351 suut
892 2294 1021 2364 eiusdem
1039 2290 1163 2365 generis,
1177 2303 1236 2343 noo
1256 2300 1325 2366 insi-

739 2367 865 2423 diantur.
887 2366 921 2423 lli
946 2382 1013 2423 vero
1032 2379 1125 2435 neque
1144 2371 1325 2437 commuuio·

739 2454 805 2495 nem
814 2443 923 2495 naturae
932 2435 1170 2502 verecundantur,
1184 2444 1277 2514 neque
1288 2442 1326 2482 si·

740 2509 897 2582 bimetipsis
909 2516 1042 2582 parcunt,
1056 2507 1134 2580 prius
1147 2517 1225 2585 enim
1240 2512 1327 2572 quam

739 2598 840 2640 eorum
855 2583 959 2654 quibus
973 2580 1110 2647 invident,
1122 2593 1188 2634 suas
1200 2586 1327 2655 ipsorum
1346 2648 1350 2655 Ι

740 2655 851 2711 animas
879 2658 1024 2726 torquent,
1038 2650 1163 2709 tumultu
1192 2661 1273 2729 pinni
1299 2648 1328 2699 et

740 2726 833 2783 tristia
846 2726 996 2797 implentes
1008 2741 1056 2782 eas
1069 2738 1142 2780 rane
1152 2726 1181 2777 et
1190 2721 1327 2774 inaniter.

741 2800 806 2854 flac
826 2797 931 2870 passio,
945 2803 974 2854 et
998 2794 1186 2853 fornicatione
1200 2795 1230 2846 et
1245 2786 1328 2844 ailul-

740 2869 812 2926 terio
828 2869 948 2925 multum
967 2873 1011 2925 est
1024 2867 1158 2925 deterior.
1176 2866 1247 2946 Nam
1267 2860 1329 2915 haec
1379 2930 1382 2938 Ι

741 2940 856 3023 quidem
871 2956 959 3012 usqne
974 2940 1010 2997 acl
1023 2957 1087 2997 eum
1100 2937 1147 3010 qui
1160 2938 1219 3018 egit
1233 2935 1326 2998 stant;

740 3012 813 3068 iiior
832 3028 898 3069 iero
917 3011 1030 3083 tyranni
1046 3008 1186 3068 Ecclesias
1199 3012 1328 3089 integras

740 3083 851 3151 evertit,
863 3088 891 3140 et
901 3086 1000 3140 orbem
1009 3089 1151 3141 terrarum
1161 3088 1328 3157 uuiversum

740 3154 823 3211 laesit.
841 3158 906 3212 llaec
929 3155 1073 3212 homicidii
1089 3159 1181 3211 mater
1199 3154 1243 3207 est
1259 3165 1266 3202 :
1283 3162 1327 3202 in·

742 3226 851 3283 terfecit
865 3227 982 3283 fratrem
997 3226 1076 3295 Cain,
1087 3223 1223 3283 italacob
1239 3223 1325 3299 Esau,

741 3298 781 3355 ita
798 3300 904 3369 loseph
925 3299 1037 3367 fratres,
1055 3299 1096 3355 ita
1114 3294 1252 3376 homines.
1267 3305 1328 3347 uni·

742 3386 839 3427 versos
852 3370 992 3429 diabolus.
1009 3374 1043 3429 ht
1057 3369 1191 3427 nimirum
1205 3365 1270 3447 alus
1284 3363 1328 3442 est

741 3440 901 3511 difficilium
916 3444 968 3500 etsi
988 3444 1064 3500 enim
1083 3440 1257 3505 miserearis,
1273 3440 1327 3516 etsi

741 3513 852 3585 vigiles,
869 3514 922 3570 etsi
939 3516 1062 3588 iejunes,
1081 3511 1214 3592 omnibus
1235 3505 1328 3565 sordi·

742 3584 805 3641 dior
820 3586 910 3642 faetus
928 3605 958 3646 es
973 3587 1103 3645 invidens
1117 3585 1198 3640 fratri
1213 3605 1220 3640 ε
1236 3602 1251 3633 »
1268 3581 1330 3637 haec

743 3658 962 3726 chrysostomus.

778 3751 794 3800 9
806 3730 835 3784 ln
846 3745 932 3787 nunna
942 3732 1074 3789 Cunisrus
1084 3745 1213 3786 nirricrni:
1225 3742 1330 3782 inunm-

741 3816 803 3855 run.
820 3829 854 3841 -
868 3803 895 3856 fs
909 3810 1010 3868 autem,
1026 3801 1132 3858 scilicet
1148 3797 1328 3873 paralyticus,

742 3874 792 3942 qui
805 3887 889 3926 sunus
899 3878 993 3942 suerat
1003 3876 1124 3946 effectus,
1132 3873 1280 3940 nesciebat,
1292 3870 1328 3926 de

740 3946 977 4015 lesu,put'sesset,
987 3946 1014 4002 id
1023 3951 1179 4016 estgeuere
1188 3941 1327 4015 etpatria,

742 4014 807 4072 licet
819 4014 904 4073 sciret
914 4017 943 4075 iu
954 4033 1077 4089 persona
1087 4023 1115 4073 et
1124 4016 1288 4089 prasentia
1300 4022 1328 4072 et

742 4086 808 4213 guia
826 4085 875 4143 diii
893 4089 1043 4162 languidus
1059 4090 1199 4161 iacuerat,
1215 4089 1280 4146 ideo
1298 4092 1327 4144 et

752 4158 1324 4235 actaChristi,etejustamamignorabat.

740 4232 818 4286 Jesus
837 4234 920 4300 euim,
936 4233 1036 4288 nolens
1051 4249 1082 4289 se
1093 4234 1204 4304 jactare
1220 4235 1255 4291 de
1272 4233 1324 4288 mi·

742 4301 847 4372 raculo,
869 4304 1019 4361 clectiruioit
1037 4320 1055 4358 o
1075 4305 1155 4361 turbu
1176 4309 1323 4362 constituto
