2880 4942
96 292 140 353 ¹72
456 303 564 355 PillllAE
591 302 710 357 Pluris
738 302 841 357 fitur
868 295 967 353 ixftt

98 409 179 482 quasi
195 409 275 467 inviti
287 414 316 467 et
328 413 516 467 retractantes
525 408 651 480 Apostoli
665 425 683 467 a
737 404 934 480 temporaliter
953 400 1104 471 bonorari,
1120 399 1260 471 exemplo
1281 411 1326 454 suo

99 481 219 540 Domino
230 486 418 550 recesserant,
429 496 477 548 iie,
490 479 537 536 illo
547 481 681 551 abeunte,
737 496 787 538 nos
801 480 916 545 docens,
929 482 960 532 ut
974 488 1079 531 vanam
1094 470 1229 554 gloriam
1245 467 1328 597 fugis·

99 553 247 626 naufragia
265 552 447 611 sustinerent.
467 553 500 607 Et
519 551 585 623 quia
606 551 684 609 Chri·
738 568 812 619 mus,
832 556 861 606 et
884 545 1014 605 inbonis
1040 560 1108 616 quae
1127 557 1262 615 agimm,
1298 556 1326 597 ii·

98 631 159 683 stus
171 632 234 682 erat
247 623 404 697 promissus
414 639 463 680 rex
477 622 601 692 futurus,
618 623 682 680 ideo
736 621 815 680 mani
833 618 939 678 favoris
954 614 1181 674 retributionem
1196 612 1326 670 vitemus.

98 705 249 771 postquam
279 694 400 752 confessi
430 698 497 751 sunt
518 710 584 750 eum
599 694 681 752 Cliri·
737 695 817 752 tlnde
838 693 1075 761 chrysostomus:
1103 706 1121 741 a
1137 685 1328 744 Consideran-

99 775 185 836 stum,
199 766 348 823 voluerunt
360 771 570 837 consequenter
587 765 681 838 ipsum
737 766 804 823 dum
817 768 924 829 autem,
940 760 1097 833 quodcum
1114 756 1263 814 Dominus
1274 770 1327 812 ma·

98 839 192 895 facere
219 854 325 910 regem.
351 838 576 895 considerabant
603 837 681 894 enim
736 854 793 910 gna
807 839 952 908 operatur,
964 829 1081 888 dimittit
1095 829 1216 898 turbas,
1228 827 1326 885 docens

98 910 174 982 quod
186 908 247 981 ipse
259 909 307 981 qui
323 925 373 966 eos
386 909 510 977 satiavit,
524 914 620 982 posset
632 924 680 966 eo·
737 925 789 965 nos
811 920 968 977 numquam
985 901 1121 975 gloriam,
1135 917 1206 972 quae
1222 916 1241 956 a
1261 896 1325 955 mul·

98 997 160 1038 runi
174 980 391 1038 necessitatibus
406 979 567 1051 subvenire,
588 981 682 1037 etsub
736 979 774 1037 tis
804 983 848 1036 est
881 973 1023 1050 persequi,
1052 988 1151 1045 neque
1186 973 1327 1029 attrahere

99 1052 147 1109 tali
173 1069 241 1125 rege
266 1052 415 1111 videbatur
440 1052 482 1109 eis
513 1069 569 1109 non
597 1068 682 1125 posse
737 1049 992 1108 multitudinem.»
1016 1048 1060 1115 Et,
1085 1050 1119 1102 ut
1137 1042 1213 1100 dicit
1234 1046 1326 1112 itaqu·

98 1141 192 1196 egere.
214 1127 387 1182 Putaverunt
404 1124 520 1181 forsitan
541 1124 622 1182 illum
641 1126 682 1180 sic
736 1127 836 1188 atinus,
850 1119 941 1179 noluit
955 1135 1004 1175 reii
1015 1118 1053 1175 ab
1065 1115 1245 1197 bominibus
1258 1110 1324 1180 lieri,

97 1195 227 1266 venisse,
248 1201 278 1253 ut
295 1198 355 1269 jam
376 1202 528 1269 regnaret;
557 1203 586 1253 et
604 1197 681 1252 vole·
737 1189 985 1267 quiabumilitatis
1001 1188 1076 1246 viani
1091 1189 1230 1244 ostendit
1248 1185 1325 1242 mise·

97 1267 167 1325 bant
195 1269 351 1341 prevenire
378 1273 489 1340 tempus
515 1268 587 1340 ejus,
606 1267 681 1338 quod
736 1266 786 1324 ris.
800 1263 986 1335 Dedititaque
999 1260 1083 1318 nobis
1096 1258 1266 1331 exemplum
1279 1258 1324 1315 bu·

98 1339 159 1412 ipse
173 1340 248 1412 apud
264 1356 294 1397 se
315 1357 404 1411 usque
430 1341 458 1395 iii
481 1340 567 1396 llnem
594 1338 681 1396 seculi
736 1336 876 1405 militatis,
904 1339 934 1392 et
965 1331 1275 1415 fugiendiuhonores,
1300 1332 1324 1384 el

99 1413 267 1468 occultabat.
286 1411 338 1467 Ubi
361 1410 403 1466 ait
424 1412 499 1468 Beda
514 1430 522 1466 :
540 1432 553 1463 a
569 1411 681 1478 turbae,
736 1406 903 1482 acceptandi
919 1407 1043 1473 labores,
1058 1420 1128 1475 quia
1143 1396 1324 1474 quaesitussd

98 1480 159 1538 viso
191 1488 269 1538 tanto
294 1481 453 1550 miraculo,
483 1481 683 1538 intellexerunt
736 1496 856 1553 regnum
875 1484 903 1536 et
923 1478 1058 1546 bonores,
1075 1474 1170 1547 fugit;
1193 1471 1324 1545 quesitus

96 1552 277 1678 plumatque
292 1558 448 1625 potentem,
464 1551 612 1608 etidcirco
630 1568 681 1608 vo·
737 1553 774 1609 ad
794 1551 960 1608 Passionem
989 1553 1018 1606 et
1045 1554 1184 1614 mortem,
1201 1546 1278 1603 ultro
1297 1556 1323 1599 aa

109 1627 211 1679 uerunt
227 1638 291 1679 cum
305 1626 399 1679 lacere
413 1639 444 1679 re
464 1638 529 1691 em;
546 1630 575 1679 et
589 1622 682 1679 bonii·
737 1623 855 1681 obtulit:
872 1628 904 1678 ut
917 1620 1024 1678 scilicet
1045 1618 1180 1690 exemplo
1191 1618 1266 1689 ejus,
1311 1643 1321 1654 ·

98 1708 150 1775 ries
177 1710 301 1764 namque
328 1694 426 1751 volunt
445 1640 557 1752 {abere
585 1710 682 1766 regem
738 1694 792 1752 rati
821 1694 911 1751 simus
941 1692 977 1749 ad
1001 1662 1125 1748 adversa
1160 1690 1279 1770 tolerari

97 1780 176 1838 pium
192 1765 229 1822 ad
253 1767 422 1837 regendum,
436 1772 465 1823 et
481 1771 627 1838 potentem
646 1766 682 1823 ad
737 1766 813 1824 cauti
827 1782 895 1823 vero
913 1765 950 1822 ad
965 1763 1163 1821 blandimenta
1179 1760 1322 1817 declinau-

97 1837 245 1894 tuendum.
268 1858 283 1888 ›i
309 1839 388 1895 Unde
407 1843 436 1895 et
451 1840 657 1908 chrysostomus
673 1857 682 1895 ε
737 1840 784 1897 da.
792 1840 832 1895 Ne
842 1853 894 1894 nos
908 1836 973 1894 ideo
985 1835 1107 1892 adversa
1121 1830 1323 1915 fatigandode·

99 1930 113 1960 e
129 1908 211 1993 flovit
225 1908 301 1966 enim
317 1927 377 1979 cos,
395 1909 462 1982 quia
478 1915 537 1967 tam
562 1909 683 1967 faciliter
734 1910 846 1984 jiriant,
860 1910 903 1965 vet
927 1922 1064 2037 prospera
1081 1904 1263 1963 emolliendo
1278 1900 1321 1984 de·

98 1982 195 2038 multis
211 1981 384 2055 procuravit,
403 1988 433 2040 et
457 1983 522 2039 ideo
545 1985 597 2040 sub
621 1982 682 2054 ipso
738 1982 855 2054 cipiant,
885 1997 931 2036 cre
952 1978 993 2035 ris
1021 1975 1156 2050 precibus
1174 1992 1195 2033 a
1210 1977 1323 2033 Domitio

98 2053 219 2111 otiosam
241 2059 269 2111 et
284 2054 438 2112 resolutam
463 2060 492 2112 et
514 2054 681 2125 gastrimar-
738 2053 934 2126 imploremus,
949 2054 978 2106 et
990 2051 1053 2122 ejus
1068 2048 1208 2105 auxilium
1223 2047 1324 2104 invom-

98 2125 227 2196 ginosam
244 2128 385 2198 putabant
402 2127 507 2183 ducere
519 2125 617 2194 vitam,
633 2124 682 2196 qui
737 2142 811 2182 mus.
825 2127 945 2182 Omnem
958 2138 1026 2194 ergo
1037 2120 1152 2177 laudem
1167 2121 1319 2176 humanam

98 2197 233 2254 omnibus
256 2200 447 2267 abundarent,
461 2202 489 2253 et
509 2196 578 2252 nihil
607 2198 684 2253 labo·
738 2198 841 2270 fugias,
857 2210 920 2252 curii
936 2195 1057 2261 honore,
1072 2196 1227 2263 tamquam
1242 2203 1320 2246 veiis·

99 2282 161 2321 ruiii
184 2268 228 2322 vel
244 2267 437 2339 impensarum
465 2267 681 2338 impenderent;
741 2285 809 2324 num
829 2266 1024 2333 mortiferum;
1043 2268 1071 2320 et
1085 2278 1206 2320 omnem
1219 2260 1320 2333 cogita·

99 2341 128 2418 et
141 2336 206 2418 ideo
231 2343 397 2411 corruptam
416 2352 515 2393 eorum
531 2337 609 2393 novit
621 2353 684 2394 esse
739 2345 799 2394 tum
814 2342 1014 2409 suggerentem
1029 2333 1080 2393 tibi
1099 2334 1263 2463 appetitum
1277 2346 1320 2389 cu·

98 2412 298 2477 interitionem,
314 2416 343 2466 et
367 2424 423 2464 non
437 2407 621 2465 consentiens
637 2425 683 2465 re·
735 2406 1116 2483 juscumqueatdtudfnis,su
1143 2416 1320 2478 quocumque

99 2478 198 2536 solute
221 2478 357 2562 otiositati
381 2486 410 2537 et
435 2479 592 2552 gulositati,
609 2481 685 2549 fugit
739 2486 877 2554 praetextu
901 2478 1038 2548 caritatis,
1053 2477 1083 2534 lii
1104 2476 1168 2550 ipso
1186 2472 1321 2557 principio

99 2552 134 2607 ab
149 2555 189 2608 eis
204 2571 212 2613 c
230 2568 297 2625 quia
307 2551 436 2628 quamvis
452 2554 558 2610 bonum
568 2552 684 2621 vellent,
739 2558 768 2610 et
784 2558 847 2610 ortu
863 2569 925 2623 suo,
939 2551 1017 2608 velut
1030 2553 1114 2623 caput
1128 2546 1267 2605 draconis
1280 2559 1320 2601 in·

99 2639 158 2707 non
181 2629 277 2682 tamen
303 2629 375 2685 bene
390 2624 553 2682 voluerunt.
572 2646 586 2676 »
603 2624 684 2680 Unde
739 2625 866 2692 fernalts,
881 2630 939 2680 tam
957 2622 1012 2679 cito
1029 2620 1185 2679 mortifices
1201 2618 1320 2676 cumba·

100 2702 185 2753 etiam
202 2699 401 2767 Augustinus:
418 2717 432 2750 c
447 2700 529 2766 antt
544 2696 684 2766 Christus,
740 2698 805 2753 culo
815 2695 918 2754 crucis.
932 2697 1066 2766 Praepara
1096 2708 1191 2765 uoque
1204 2690 1323 2763 teipsum

99 2782 164 2823 curii
186 2783 251 2824 euni
278 2771 430 2826 voluerunt
455 2769 548 2824 facere
576 2783 684 2839 regem.
739 2769 776 2825 ad
795 2783 983 2841 quaecumque
996 2781 1085 2838 oppro
1107 2763 1161 2829 ria,
1179 2775 1321 2835 quaecum·

99 2836 201 2893 Omnia
213 2837 288 2918 enim
302 2842 377 2896 bona
390 2844 505 2894 terrena
519 2837 688 2909 contempsit
741 2857 795 2912 que
814 2855 926 2913 aspera,
945 2844 974 2895 et
992 2851 1177 2920 quaecumque
1195 2836 1321 2901 adversa,

99 2906 185 2962 bomo
197 2907 334 2978 Christus,
345 2915 377 2966 ut
388 2910 598 2965 contemnenda
610 2924 688 2964 mon·
741 2927 791 2981 pro
806 2911 910 2968 Christi
927 2925 1043 2966 nomine
1055 2907 1238 2976 sufferenda;
1254 2910 1282 2963 et
1295 2901 1322 2960 iii

100 2983 221 3059 straret;
238 2980 334 3037 omnia
347 2978 422 3035 mala
432 2980 576 3047 sustinuit,
590 2985 621 3035 ut
631 2996 687 3036 rioii
741 2983 875 3055 despectu
899 2987 947 3039 tuo
971 2981 1106 3053 gaudeas,
1130 2977 1257 3051 teipsum
1281 2982 1320 3032 ta·

100 3051 230 3105 timenda
242 3052 422 3119 ostenderet;
437 3050 477 3106 ita
489 3060 518 3107 ut
531 3066 583 3107 nec
594 3049 622 3106 in
633 3051 689 3108 illis
741 3054 797 3111 lem
813 3071 878 3111 vere
901 3060 928 3110 et
954 3069 987 3109 ex
1006 3051 1091 3109 corde
1114 3056 1264 3132 reputans,
1277 3044 1322 3119 qui

101 3126 278 3192 quareretur
290 3122 419 3205 felicitas,
431 3121 519 3179 necin
529 3121 592 3179 istis
606 3122 688 3179 time·
742 3126 843 3184 merito
860 3126 896 3182 ab
920 3124 1053 3181 omnibus
1076 3121 1183 3195 despici
1209 3121 1321 3185 debeas,

100 3197 182 3249 retur
198 3193 355 3252 adversitas
373 3212 380 3251 :
400 3196 687 3265 haecAnamttnus.»
741 3214 854 3269 semper
877 3196 927 3253 tibi
955 3193 1059 3253 Christi
1083 3193 1276 3250 bumilitatem
1297 3193 1324 3245 et

100 3266 179 3322 Jeeas
192 3281 267 3335 erpo.
280 3271 424 3324 scrutator
436 3266 576 3336 cordium,
586 3283 690 3340 cogno·
741 3268 925 3327 durissimam
936 3266 1101 3324 Passionem
1117 3265 1278 3322 revocando
1288 3258 1324 3318 ad

101 3352 183 3395 scens
206 3337 384 3396 voluntatem
404 3354 515 3409 eorum,
535 3345 687 3412 postquam
741 3340 921 3408 memoriam,
935 3339 983 3410 qui
998 3353 1118 3411 reguum
1130 3336 1254 3409 fugiens,
1265 3348 1323 3391 cru-

100 3409 238 3483 praecepit
252 3410 401 3486 discipulis
416 3410 474 3468 suis
490 3411 685 3480 transfretare,
742 3428 802 3470 cem
821 3410 983 3469 voluntarie
1005 3416 1048 3468 est
1071 3410 1229 3480 amplexus,
1249 3399 1323 3464 omui

100 3482 178 3550 fugit
190 3485 249 3554 ipse
264 3486 349 3553 sotus,
366 3501 383 3539 a
399 3481 501 3552 turbis,
516 3486 547 3540 t'tt
569 3489 686 3539 montem
741 3483 909 3541 confusione
923 3486 1096 3554 contempta.

101 3567 190 3617 orare,
206 3557 235 3608 et
249 3554 357 3626 gratias
373 3553 449 3611 Patri
484 3571 516 3610 ro
538 3553 686 3612 beneficiis
780 3562 811 3624 iq
826 3557 919 3613 Orias
937 3568 1161 3611 cosrerirsoiis.
1178 3550 1322 3607 -Aaeeii-

102 3636 199 3701 agere,
216 3629 245 3677 et
256 3626 337 3706 nobis
349 3626 378 3683 in
393 3629 446 3683 boc
461 3571 582 3682 formam
599 3626 684 3693 dare;
740 3628 783 3683 dit
796 3627 892 3699 itaque
908 3626 1042 3683 Dominus
1061 3627 1091 3680 iii
1105 3627 1233 3687 montem,
1249 3620 1322 3677 velut

102 3696 142 3746 ita
156 3692 232 3772 qnod
256 3694 295 3774 illi
318 3712 374 3752 non
393 3697 616 3769 perpenderunt,
634 3711 686 3752 nec
740 3697 769 3753 in
782 3698 876 3754 locum
893 3697 964 3754 coelo
976 3695 1188 3770 proximiorem,
1199 3696 1318 3751 innuens

103 3776 169 3818 eum
184 3778 316 3820 invenire
329 3771 397 3823 tunc
411 3772 575 3840 potuerunt.
740 3774 771 3825 ut
782 3769 819 3824 ad
836 3769 970 3826 sublimia
983 3767 1049 3826 vitai
1062 3767 1199 3824 virtutum
1217 3765 1320 3821 clivum

143 3838 173 3891 itt
190 3834 262 3890 Laus
275 3852 387 3893 nunus
400 3855 435 3893 iu
450 3854 591 3895 mesenus
607 3837 687 3893 Cnsi·
740 3839 938 3911 ascendamus,
951 3845 980 3897 et
990 3839 1061 3897 coelo
1071 3837 1189 3912 proximi
1203 3850 1321 3894 essecu-

105 3923 146 3963 sri
167 3922 312 3964 suoiarvnii.
327 3939 363 3991 -7
377 3909 502 3980 Sequere
530 3913 626 3966 autem
656 3911 687 3965 tu
739 3910 871 3983 piamus3
895 3917 923 3968 et
948 3928 1036 3975 orare,
1051 3916 1083 3968 ut
1099 3910 1123 3968 si
1147 3911 1220 3967 bene
1237 3920 1320 3966 orare

103 3995 168 4037 euui
187 3979 312 4051 alonge,
335 3995 359 4035 si
376 3980 457 4062 forte·
473 3979 639 4052 dignabitur
656 3985 685 4037 te
740 3983 869 4053 velimus,
885 3989 1009 4041 mentem
1035 3996 1147 4040 sursum
1166 3997 1185 4037 a
1202 3976 1323 4037 terrenis

105 4067 216 4135 vocare,
229 4051 273 4109 vel
286 4050 397 4135 ‚saltem
421 4051 540 4134 aliquid·
552 4051 588 4109 de
616 4050 685 4108 reli·
739 4055 865 4113 levemus
874 4073 881 4124 ;
891 4060 919 4112 ot
932 4057 1015 4119 sotus,
1029 4059 1061 4111 nt
1075 4070 1132 4110 non
1147 4052 1177 4109 in
1191 4050 1321 4123 strepitu,

104 4137 179 4206 quiis
196 4123 360 4181 refectionis
372 4127 401 4180 et
414 4122 686 4196 gratiatibiimpar·
739 4125 840 4184 sedin
867 4126 930 4182 loco
950 4126 1048 4197 quieto
1071 4140 1196 4192 oremus,
1214 4128 1245 4180 et
1270 4135 1322 4178 nos

104 4198 162 4275 tiri.
177 4198 260 4265 Fugit
272 4212 335 4266 erqo
352 4198 485 4252 Dominus
500 4199 532 4252 in
556 4201 684 4264 montem,
739 4203 815 4255 totos
831 4201 860 4254 et
874 4195 949 4253 vires
964 4203 1077 4255 nostras
1091 4196 1128 4253 ad
1141 4197 1230 4252 Deum
1242 4189 1320 4251 oolli-

104 4264 134 4318 id
147 4270 191 4322 est
201 4266 333 4326 celeriter
346 4266 492 4337 moendit3
506 4265 685 4326 noluitenim
739 4284 850 4342 gamus.
866 4269 901 4325 Et
914 4268 988 4325 liene
1011 4266 1159 4343 coniungit
1175 4265 1232 4324 ista
1253 4264 1322 4331 duo,
