2880 4942
224 363 262 416 DE
290 363 413 422 OUAEST.
444 362 583 416 ioannis
611 362 708 416 atri.
736 364 754 416 l
781 361 925 416 christo
952 363 1183 418 conuellunt.
1280 365 1307 420 al

76 476 170 530 tutum
186 466 441 525 commendationis
456 468 517 538 ejus
531 466 668 524 Dominus
718 466 837 523 viriliter
857 472 886 524 et
904 467 1058 536 ferventer,
1079 486 1143 525 cum
1164 486 1231 544 rege
1255 488 1309 529 au·

76 539 444 612 brevitereomprehcndat,
456 539 568 595 subdit:
580 541 668 595 Amen
718 540 825 608 dacter,
837 555 900 595 curn
919 539 1065 611 discipulis
1089 540 1193 597 leniter
1217 544 1309 601 conle-

77 615 140 672 ria‘co
153 614 242 680 uobis,
257 615 330 667 inter
347 617 427 667 uutos
441 613 598 675 mulierum,
614 628 668 666 nora
718 611 816 679 rebat;
834 609 904 666 nihil
924 611 1040 681 trustra,
1056 611 1099 668 vel
1120 612 1231 683 leviter,
1257 615 1308 671 sed

78 688 204 744 aaran
224 683 315 753 major
331 686 435 738 Joanna
458 685 596 754 baptista.
624 681 669 738 Si·
718 681 815 739 omnia
829 681 1034 739 convenienter
1055 684 1168 754 agebat.
1187 686 1308 757 Propter

117 754 275 814 anterdicit
283 758 354 809 inter
362 759 517 822 natos,non
527 760 619 821 natas,
633 770 669 809 ne
718 754 772 810 hoc
791 752 861 809 dixit
880 755 962 810 Jesus
985 772 992 810 ε
1015 758 1076 812 Νοη
1095 760 1218 812 surrexit
1236 761 1308 813 inter

78 774 174 888 giale
190 825 300 898 Virgini
316 825 401 882 matri
416 824 520 883 Christi
540 824 669 897 praelerri
718 830 798 881 notos
820 826 965 880 mulierum
985 826 1192 895 majoricense
1211 831 1310 899 Bapti-

78 900 123 958 vel
138 898 246 971 equari
259 897 355 970 quoad
371 896 551 953 sanctitatem
562 895 669 952 intelli·
718 904 782 953 sta:
797 916 810 949 o
821 898 882 952 haec
893 899 1108 966 chrysostomus.
1124 901 1155 954 Et
1165 900 1311 970 quiamul-

78 977 179 1045 gatur3
195 986 258 1042 quae
269 970 388 1040 praeiata
402 974 445 1024 est
459 968 591 1025 omuibus
604 970 670 1025 San·
719 973 749 1024 ta
762 974 805 1025 est
816 967 938 1026 ioannis
953 985 1016 1024 cum
1030 969 1099 1025 Filio
1118 970 1165 1026 Uei
1184 971 1309 1040 collatio,

79 1042 144 1112 ctis,
167 1045 197 1098 et
219 1046 284 1112 post
299 1039 443 1096 Christum
471 1039 598 1096 sanctior
618 1039 671 1096 luit
720 1040 795 1108 ideo,
816 1040 971 1096 secundum
991 1040 1124 1096 eumdem
1147 1043 1308 1111 chrysosto-

77 1112 231 1172 universis.
245 1111 319 1168 Dicit
330 1119 426 1168 autem
440 1114 597 1174 mulierum,
614 1127 671 1166 non
720 1129 805 1179 mum,
816 1116 847 1168 ut
859 1111 941 1183 copia
952 1111 1066 1167 laudum
1075 1112 1193 1169 loannis
1205 1117 1218 1170 J
1224 1113 1311 1171 udaeis

78 1183 219 1257 Virginis,
234 1199 270 1238 ne
284 1182 394 1240 Christo
407 1182 566 1254 comparari
578 1181 673 1239 videa·
721 1182 899 1240 occasionem
935 1199 991 1239 non
1029 1183 1110 1239 daret
1140 1185 1310 1255 proterendi

80 1262 143 1324 tur,
154 1254 220 1326 quia
229 1253 327 1310 mulier
338 1254 376 1310 ibi
392 1271 448 1310 uon
459 1254 550 1310 solum
561 1269 670 1322 sexum,
719 1257 857 1312 Joannem
873 1253 994 1322 Christo,
1004 1254 1099 1310 subdit
1111 1255 1312 1326 distinguendo

81 1327 136 1384 sed
155 1324 240 1382 etiarn
266 1324 476 1396 corruptionem
503 1325 670 1397 significat;
720 1324 916 1382 excellentiam
926 1323 1030 1381 Christi
1041 1327 1077 1381 ab
1089 1326 1256 1383 excelientia
1267 1330 1313 1384 Jo-

80 1397 237 1456 secundum
252 1412 335 1467 quem
355 1396 469 1453 modum
483 1399 570 1453 Beata
586 1397 634 1453 Vir
654 1413 671 1453 o
721 1397 814 1464 annis,
824 1395 1000 1463 dioens:0ui
1007 1402 1097 1452 uatem
1106 1402 1195 1454 minor
1203 1405 1252 1466 est,
1261 1398 1313 1455 sci-

79 1468 185 1526 mulier
217 1483 273 1522 non
294 1466 362 1537 luit3
382 1472 420 1536 et,
445 1468 468 1523 si
491 1468 593 1525 mulier
618 1413 670 1524 aii-
721 1468 787 1524 licet
801 1472 884 1524 atate
906 1473 934 1524 et
949 1468 1101 1524 multorum
1121 1469 1265 1542 opinione,
1283 1471 1313 1526 in

80 1539 197 1613 quando
213 1538 242 1593 in
258 1538 413 1608 Evangelio
426 1543 617 1611 nuncupatur,
633 1538 671 1595 ibi
720 1557 803 1609 regno
813 1541 950 1607 culorum,
962 1538 990 1596 id
1004 1546 1047 1596 est
1062 1540 1090 1596 in
1103 1541 1227 1597 Ecclesa
1242 1544 1311 1597 Sau-

81 1611 186 1668 mulier
208 1626 259 1682 pro
282 1608 387 1666 lamina
407 1615 436 1666 et
454 1627 520 1667 sexu
544 1611 670 1684 ponitur.
721 1617 830 1668 ntorum
842 1609 993 1679 militante,
1004 1612 1095 1681 major
1109 1619 1148 1668 est
1160 1616 1219 1680 illo,
1234 1612 1312 1669 scili·

80 1685 139 1741 ltec
157 1680 259 1737 ceteris
281 1680 430 1763 Prophetis
452 1689 479 1738 et
500 1682 672 1738 Patriarehis
722 1689 765 1739 cat
788 1681 925 1753 dignitate
947 1687 975 1738 et
996 1685 1155 1754 majestate.
1174 1685 1254 1751 Quod
1276 1685 1312 1742 de

82 1753 248 1823 cunctisque
267 1751 430 1809 hominihus
455 1754 605 1825 praelertur
626 1752 673 1809 hic
723 1755 833 1812 Christo
845 1759 921 1809 recte
931 1753 1079 1824 accipitur,
1091 1756 1138 1827 qui
1149 1762 1215 1812 tunc
1225 1756 1253 1811 in
1264 1758 1313 1812 Ec·

81 1827 217 1892 loannes,
239 1822 290 1879 sed
314 1829 453 1895 aequatur,
469 1826 512 1881 vel
537 1825 631 1880 nullus
646 1823 672 1880 ei
723 1825 809 1882 clesia
818 1824 969 1892 militante,
983 1842 1072 1895 quaea
1083 1827 1175 1897 primo
1183 1828 1261 1896 justo
1272 1826 1314 1883 in·

83 1895 277 1968 anteponitur.
294 1897 355 1951 Non
371 1895 447 1951 euim
465 1895 562 1951 statim
578 1895 672 1965 sequi·
723 1895 832 1967 cipiens
842 1896 975 1965 usquead
985 1895 1113 1952 ultimum
1123 1897 1313 1968 electumper-

82 1974 142 2031 tur,
158 1966 182 2023 si
197 1966 246 2023 alii
263 1983 297 2022 eo
314 1966 446 2022 meliores
462 1983 520 2022 non
535 1972 614 2034 sunt,
626 1966 674 2022 ilie
724 1968 820 2033 durat,
833 1966 928 2021 minor
939 1982 956 2021 a
967 1966 1063 2021 multis
1075 1973 1232 2038 reputatur.
1249 1967 1314 2035 sed,

83 2040 179 2110 major
193 2038 257 2095 aliis
272 2037 318 2093 sit.
335 2038 414 2093 Unde
427 2054 484 2093 non
496 2045 591 2105 negat,
605 2037 674 2107 quin
725 2037 881 2094 secundum
905 2038 1135 2105 chrysostomum,
1156 2054 1211 2093 nou
1236 2042 1316 2110 putes

84 2108 674 2182 aequalissibialiquandosurrexit3utrum
724 2109 800 2180 quod
816 2107 1008 2179 comparative
1020 2124 1049 2164 se
1065 2108 1314 2181 dixeritmajorem

82 2198 153 2240 vero
169 2187 267 2253 postca
281 2179 407 2236 sanctior
416 2196 450 2237 eo
462 2179 564 2251 aliquis
580 2180 674 2249 luerit,
723 2185 844 2239 ioanne.
862 2182 896 2236 Ut
910 2179 987 2236 enim
1003 2180 1088 2236 etiam
1114 2179 1183 2237 dicit
1197 2183 1315 2237 Ambro-

84 2253 132 2310 vel
155 2253 247 2308 adhuc
273 2253 384 2308 tuturus
413 2251 459 2320 sit,
483 2251 674 2308 indiscussum
723 2257 793 2321 stus,
819 2251 875 2309 alia
902 2259 946 2308 est
969 2253 1024 2308 ista
1051 2258 1163 2322 natura,
1184 2270 1236 2309 uec
1251 2269 1315 2311 curn

85 2323 266 2406 relinquitur.
287 2323 366 2379 Unde
384 2322 423 2379 ait
444 2325 673 2393 chrysostomus:
724 2322 858 2382 humanis
870 2323 1314 2398 generationibuscomparanda,

86 2397 266 2465 «Scriptura
284 2393 400 2463 quidem
424 2411 482 2451 non
501 2395 570 2451 dicit
588 2399 674 2452 ioan·
724 2413 781 2453 non
811 2395 888 2452 enim
912 2401 1006 2522 qrotest
1026 2397 1135 2468 homini
1162 2415 1227 2454 cum
1256 2400 1314 2453 Deo

84 2482 154 2525 nem
179 2467 317 2537 majorem
341 2481 403 2522 esse
427 2465 529 2523 ceteris
554 2466 675 2534 Sanctis,
724 2468 782 2524 ulla
795 2467 910 2524 essecol
923 2468 1065 2537 allevet,
1080 2469 1250 2524 novissimus
1263 2471 1317 2525 An-

85 2538 139 2596 sed
149 2544 259 2593 ceteros
273 2538 392 2594 Sanclos
403 2554 460 2594 non
475 2554 538 2594 esse
554 2540 676 2608 majores
724 2540 864 2610 gelorum,
880 2537 929 2609 qui
949 2538 979 2594 in
994 2555 1084 2609 regno
1112 2541 1260 2604 coelorum,
1284 2537 1313 2594 id

85 2612 208 2668 Joanue.
220 2608 382 2678 Coaequavit
397 2609 474 2666 enim
487 2625 551 2666 eum
564 2611 676 2676 ceteris,
726 2608 809 2666 estin
822 2609 947 2665 Ecclesia
956 2608 1148 2680 triumphante
1161 2608 1313 2676 ministrat,

85 2696 148 2740 uon
163 2681 328 2752 praeposuit.
347 2701 362 2731 u
380 2680 544 2737 Etiterum:
563 2702 577 2731 «
597 2679 678 2747 Quod
727 2698 777 2738 seu
792 2678 927 2735 minimus
947 2680 1125 2751 Sanctorum,
1147 2679 1194 2751 qui
1208 2677 1315 2751 Jamibi

86 2750 263 2810 autemdicit
278 2752 333 2808 tale
348 2753 476 2808 esttNon
512 2751 678 2834 eperitmu·
728 2767 792 2810 cum
818 2752 874 2808 Deo
890 2755 999 2824 regnat,
1014 2753 1104 2821 major
1125 2757 1165 2808 est
1182 2754 1230 2807 illo
1271 2767 1316 2808 ro-

85 2822 144 2882 lier
162 2821 216 2878 isto
235 2823 383 2905 majorem,
398 2828 428 2881 et
442 2840 473 2880 su
509 2830 546 2880 ert
564 2822 680 2895 quidem
728 2830 791 2952 Bter
810 2827 914 2879 statum
930 2821 1092 2880 fruitionis:
1114 2823 1181 2896 quia
1198 2768 1318 2895 quiiibet

87 2899 154 2953 lraee
168 2894 347 2951 annuntratio
359 2895 472 2952 Christi.
487 2895 515 2952 Si
528 2902 624 2952 autem
637 2893 679 2949 vis
748 2899 839 2963 eatus,
862 2899 890 2951 et
913 2896 1136 2967 comprehensor
1155 2901 1316 2968 quamtum·

88 2983 109 3024 a
128 2966 216 3022 rebus
243 2965 312 3036 ipsis
339 2965 458 3036 discere,
481 2967 527 3023 hic
550 2965 680 3038 excogita
728 2983 839 3039 cunque
873 2965 1016 3035 minimus,
1048 2969 1140 3040 major
1163 2974 1206 3025 est
1240 2973 1317 3037 actu,

88 3038 154 3110 eius
184 3035 352 3093 immensam
382 3038 626 3095 conversationem
652 3042 679 3093 et
728 3055 814 3111 quam
847 3038 965 3109 quilibet
992 3038 1084 3096 viator
1111 3055 1225 3111 purus;
1253 3039 1319 3095 licat

89 3107 199 3168 mentis
218 3107 407 3165 altitudinem.
434 3109 517 3166 Velut
538 3109 616 3166 enim
631 3107 680 3180 qui
728 3109 833 3181 aliquis
858 3109 949 3166 viator
974 3109 1011 3167 sit
1025 3112 1117 3183 maior
1130 3111 1160 3167 in
1181 3109 1317 3182 potentia,

90 3179 204 3238 coelitus
218 3180 412 3237 descendisset
420 3181 541 3253 degebat
551 3180 579 3237 in
591 3185 679 3248 terra,
728 3181 764 3238 ali
788 3197 824 3238 uo
832 3181 892 3253 jam
907 3184 999 3237 beato.
1016 3184 1097 3238 Unde
1112 3184 1294 3250 Hieronymus
1309 3199 1317 3234 :

90 3251 267 3310 lerenullam
278 3267 487 3323 gerenscuram
497 3252 533 3309 de
550 3267 680 3323 corpore,
731 3276 745 3305 a
761 3198 817 3308 lios
831 3257 927 3308 autem
937 3251 1103 3323 simpliciter
1115 3251 1318 3322 intelligamus,

91 3321 323 3380 intellectualiter
336 3329 448 3380 erectus
467 3323 497 3379 in
521 3323 633 3391 coelum,
653 3329 681 3377 et
730 3324 808 3395 quod
832 3322 925 3377 omnis
945 3324 1075 3391 Sanctus,
1094 3322 1141 3392 qui
1167 3323 1227 3392 jam
1255 3334 1320 3376 cum

91 3393 148 3452 soli
164 3395 221 3450 Deo
236 3395 462 3465 conjunctus,do
476 3391 683 3450 nullomuuda-
732 3397 790 3450 er
818 3397 871 3460 est,
895 3393 987 3463 major
1012 3392 1049 3448 sit
1072 3392 1132 3457 illo,
1154 3391 1201 3463 qui
1227 3390 1320 3471 adhuc

91 3480 198 3524 norum
211 3465 348 3522 sollicitus
364 3484 371 3534 ;
388 3465 461 3521 sicut
475 3464 552 3520 enim
568 3463 597 3519 in
612 3462 682 3518 caelo
731 3462 860 3521 consistit
878 3463 907 3518 in
937 3462 1046 3534 praelio.
1073 3462 1156 3519 Aliud
1179 3466 1222 3517 est
1243 3477 1321 3517 enlm

91 3536 136 3594 ita
155 3539 387 3606 conversabatur,
408 3541 435 3592 et
455 3541 564 3592 naturae
587 3549 683 3590 neces·
733 3549 868 3591 coronam
879 3533 1004 3590 victoriae
1017 3534 1172 3606 possidere,
1184 3532 1261 3590 aliud
1273 3531 1311 3589 ad

93 3606 228 3665 sitatibus
239 3609 369 3680 superior
380 3609 508 3675 ellectus,
520 3612 683 3663 extraneam
732 3605 830 3663 hucin
846 3605 907 3662 acie
920 3604 1070 3675 dimicare;
1088 3605 1213 3678 intellige
1228 3612 1323 3663 tamen

92 3678 248 3752 quamdam
267 3680 431 3737 ambulabat
452 3679 537 3747 viam,
553 3677 581 3734 in
597 3678 683 3742 hvm·
733 3683 870 3751 quantum
884 3678 921 3733 ad
934 3677 1044 3749 praemii
1058 3678 1251 3748 securitatem,
1265 3694 1323 3735 nou

92 3749 141 3807 nis
156 3755 185 3806 et
198 3750 376 3808 orationibus
390 3767 475 3807 omne
489 3750 685 3823 pertransiens
734 3755 870 3822 quantum
889 3750 925 3806 ad
950 3749 1044 3806 meriti
1067 3750 1293 3823 magnitudinem
1315 3766 1322 3804 :

94 3827 220 3892 tempus,
236 3821 384 3878 hominum
401 3823 514 3894 quidem
530 3821 610 3891 nulli,
627 3824 685 3878 Deo
735 3824 796 3879 haec
811 3825 1002 3891 Hieronymus.
1021 3841 1034 3874 o

95 3898 194 3950 autem
209 3893 341 3949 continue
359 3893 411 3949 soli
436 3894 610 3965 colloquens.
632 3895 685 3950 h'e-
775 3916 802 3950 ιι
839 3895 1041 3952 Quaesumus
1079 3913 1097 3950 a
1137 3909 1324 3971 covuoorrare

97 3979 154 4036 que
168 3962 324 4044 enimvidit
338 3964 463 4036 aliquem
474 3980 686 4032 conservorum,
736 3982 867 4021 reurovus
881 3982 935 4029 ouo
960 3983 1050 4021 veum.
1068 3966 1224 4023 —Deinde
1244 3977 1325 4032 quasa

97 4050 195 4106 neque
211 4051 288 4091 vrsus
309 4040 351 4092 est
373 4036 457 4093 alicui
484 4038 603 4104 horum,
630 4051 687 4092 non
737 4036 910 4093 declarando
945 4037 1021 4108 quod
1047 4042 1109 4093 erat
1139 4037 1203 4108 plus
1240 4046 1327 4101 quam

96 4105 172 4163 lacte
185 4121 253 4162 usus
266 4111 321 4175 est,
334 4124 391 4163 non
404 4108 517 4177 lectulo,
529 4124 587 4165 nou
601 4112 687 4175 tecto,
740 4109 891 4180 Propheta,
909 4108 1089 4164 commendat
1106 4122 1172 4162 eum
1188 4120 1205 4160 a
1219 4108 1327 4173 tempo-

10 4211 13 4227 ι
98 4193 158 4234 non
174 4177 249 4245 loco,
259 4194 316 4234 non
335 4179 430 4251 aliquo
452 4196 565 4252 quoque
583 4178 689 4251 potitus
739 4176 779 4234 ris
791 4178 992 4235 commoditate
1004 4181 1033 4233 in
1045 4192 1101 4248 quo
1113 4174 1190 4230 veuit
1201 4190 1208 4228 :
1221 4171 1289 4242 quia
1300 4173 1330 4227 in

101 4254 146 4306 est
172 4248 374 4306 humanorum.
400 4251 498 4307 Sermo
523 4266 640 4307 severus
662 4252 690 4304 et
740 4255 867 4322 tempore
880 4249 991 4320 gratiae,
1003 4246 1152 4303 commodo
1168 4249 1196 4300 et
1204 4241 1266 4300 utili
1280 4243 1332 4300 hu-

99 4319 194 4389 lenis;
219 4336 286 4377 nam
314 4336 377 4378 cum
398 4321 503 4394 populo
525 4321 691 4379 iudaeorum
742 4336 825 4378 mano
845 4318 953 4391 generi.
970 4317 1102 4374 Adicias
1115 4315 1192 4372 enim
1205 4316 1331 4382 loannis,

165 4415 240 4470 Vrsa
255 4415 323 4469 insu
340 4417 462 4477 Cumara,
479 4416 573 4470 Tolous
590 4417 626 4469 11.
1257 4413 1272 4464 b
