2880 4942
403 368 444 421 bl
472 366 642 420 llllrtrls
670 363 712 418 lu
739 360 865 417 ttnulll
893 363 1048 416 datlen.
1294 367 1336 420 tlt

101 473 379 545 contemplationem,
392 474 421 528 et
432 471 566 529 nuntiant
579 469 605 527 ei
623 469 690 542 quid

104 555 222 619 eperum
234 564 285 620 per
294 545 458 602 interiorem
469 542 687 601 contessionem.

103 618 187 689 Tunc,
199 625 288 675 iratus
302 622 345 675 est
355 618 572 689 paterfamiliae,
583 614 690 671 scilicet

105 693 165 766 ipse
179 692 316 759 Christus,
332 689 413 761 cujus
427 687 534 745 tamilla
548 693 613 743 sunt
628 703 690 743 orn·

102 782 154 821 nes
173 763 281 836 angeli,
302 775 457 833 omnesque
477 759 557 817 electi
579 760 689 828 lldeles,

100 843 198 893 contra
213 852 271 892 sum
291 850 377 890 coenie
396 838 625 903 contemptores3
648 834 690 887 ira

101 926 156 965 non
165 909 283 965 allectus
294 906 343 962 sed
355 906 483 972 ellectus,
495 903 562 974 quia
574 902 652 975 punit
661 908 689 959 ut

100 980 199 1037 iratus.
217 982 297 1047 Nam,
314 977 472 1033 secundum
491 978 688 1044 Auqustinam,

100 1052 144 1108 ira
160 1052 207 1107 Dei
224 1056 268 1107 est
289 1049 412 1104 vindicta
430 1047 546 1118 peccati.
565 1049 597 1102 Et
615 1048 691 1119 juste

102 1123 235 1179 Irascitur
251 1124 325 1177 Deus
344 1120 379 1175 de
396 1118 577 1189 negligentiis
596 1118 689 1173 homi·

102 1210 182 1264 num,
199 1193 274 1266 qnod
298 1196 425 1264 paratam
444 1207 495 1262 pro
517 1189 558 1247 eis
577 1195 691 1246 aeternce

100 1265 165 1322 sitae
188 1280 297 1321 coenam
326 1267 519 1330 contemnunt,
536 1267 563 1318 et
589 1261 691 1319 vilibus

103 1333 691 1406 cibismentemimplent.lrutusergo,in·

102 1409 162 1480 quit
176 1408 321 1476 Dorulaus,
336 1408 411 1462 stianit
424 1422 500 1462 servo
510 1422 568 1469 auo,
583 1406 692 1462 scilicet

103 1480 282 1553 praedicatori
294 1477 462 1548 Evangelico
474 1494 480 1532 :
493 1480 551 1533 Eri
559 1481 622 1540 cito,
635 1476 689 1533 sci·

103 1552 166 1609 licet
178 1554 214 1608 ab
225 1555 283 1607 otio
295 1549 380 1606 studii
393 1555 421 1604 et
431 1549 688 1619 contemplationis,

101 1620 688 1696 adpublicumactionisetpraedicationis,

99 1699 129 1752 in
144 1698 253 1765 pluteus
263 1701 289 1750 et
304 1697 377 1749 eicos
391 1695 526 1749 ciuitotis.
543 1692 688 1750 Persicos

98 1774 125 1824 ct
141 1769 250 1839 plateas
266 1765 474 1847 civitatisque
494 1764 600 1821 scilicet
615 1765 690 1822 clau·

100 1856 195 1896 suram
210 1839 325 1907 habeut,
342 1836 509 1907 intelligitur
522 1836 632 1893 vocatio
642 1840 689 1893 lu-

99 1912 237 1979 daeorum,
267 1909 315 1982 qui
341 1908 429 1966 clausi
449 1912 530 1964 erant
549 1908 689 1977 legalibus

101 1981 301 2049 observantiis,
318 1986 345 2036 ct
366 1979 446 2052 quasi
474 1981 523 2036 llei
541 1980 626 2048 cirea,
642 1986 687 2036 ut·

100 2062 166 2128 pote
181 2055 269 2128 ipsius
285 2056 386 2124 Legem
404 2058 548 2119 tenentes3
568 2068 688 2123 quorum

103 2128 218 2198 quidam
234 2132 315 2182 crant
330 2125 357 2180 iu
372 2125 483 2197 plateis,
494 2123 573 2180 idest
589 2124 689 2180 inlata

103 2199 148 2255 ria
172 2197 368 2271 prosperitatis
389 2202 418 2252 et
442 2197 605 2267 voluptatis,
626 2196 689 2266 qui-

101 2271 166 2327 dam
184 2271 212 2326 in
230 2269 308 2333 vicis,
326 2268 354 2324 id
374 2271 417 2324 est
438 2267 467 2322 in
492 2268 624 2339 angustia
641 2267 690 2323 ad·

101 2341 241 2399 versitatis
256 2348 283 2398 et
297 2339 506 2408 tribulationis;
521 2343 598 2396 vicus
612 2339 688 2396 enim

100 2414 205 2471 arctior
224 2419 267 2470 est
293 2429 379 2485 quam
408 2412 511 2483 platea.
538 2414 646 2484 Subjun
668 2411 688 2467 it

100 2496 196 2543 autem
213 2503 220 2542 :
239 2489 275 2541 Et
298 2500 453 2556 pauperes,
472 2491 588 2557 propter
610 2429 666 2540 def
676 2515 688 2526 ·

100 2564 178 2614 ctum
203 2557 302 2630 gratiae
322 2564 349 2613 et
369 2555 499 2626 virtutis,
519 2556 687 2620 aedilitas,

101 2636 217 2702 propter
235 2630 378 2686 delectum
397 2629 478 2684 bonae
503 2626 687 2699 operationis,

99 2709 125 2758 et
139 2717 229 2772 cacos,
243 2706 360 2774 propter
375 2699 518 2756 delectum
533 2716 606 2756 serae
621 2715 687 2772 cog·

99 2771 229 2842 ultiouis,
240 2779 266 2828 et
280 2773 403 2833 cloades,
418 2777 534 2843 propter
546 2771 687 2828 delectum

98 2851 184 2903 recta
211 2842 370 2901 allectionis
389 2849 416 2899 et
435 2842 612 2913 intentionis,
633 2844 687 2900 hec

100 2924 143 2974 est
168 2915 301 2983 humiles,
328 2914 376 2987 qui
403 2930 434 2972 se
457 2917 529 2972 tales
554 2920 689 2988 reputant

98 2996 127 3046 et
143 2989 251 3045 intrare
276 2988 448 3057 desiderant,
467 2988 594 3044 introduc
614 2990 685 3056 tiam

100 3061 172 3117 tales
186 3061 262 3117 enim
276 3060 337 3116 vult
349 3059 484 3116 Dominus
499 3060 534 3116 ad
547 3059 687 3132 poeniten·

100 3131 168 3189 tiam
184 3132 289 3199 vocari,
310 3132 394 3188 etad
416 3149 498 3188 suurn
525 3132 686 3187 convivium

98 3203 251 3261 introduci.
268 3206 337 3261 llam
358 3202 532 3275 principibus
547 3208 575 3259 et
590 3219 686 3258 sacer·

100 3276 225 3347 dotibuS,
247 3293 280 3332 ac
306 3275 488 3356 Legisperitis
512 3275 686 3342 ludaeorum,

100 3354 216 3421 propter
232 3346 465 3419 ingratitudinem
482 3350 510 3401 et
524 3345 687 3417 superbiam

99 3419 256 3476 dimissisa
278 3421 336 3475 Deo
364 3423 391 3473 ct
415 3415 532 3484 relictis,
555 3417 687 3485 humiles,

100 3491 242 3565 simplices
271 3496 299 3547 et
321 3487 464 3562 publicani
492 3486 569 3543 illius
590 3488 689 3559 populi

100 3570 168 3620 sunt
181 3562 285 3631 vocati,
302 3568 333 3618 ut
353 3565 429 3634 patet
448 3558 478 3615 iu
498 3558 641 3632 Apostolis
661 3564 689 3615 et

100 3633 229 3764 gliribus
247 3633 322 3704 aliis,
340 3650 373 3689 er
393 3632 513 3688 decorus
533 3630 687 3704 Evangelii.

127 3708 181 3763 nde
199 3708 346 3777 Gregorius
363 3723 370 3760 ε
386 3726 400 3759 <i
416 3702 488 3773 Quia
506 3720 574 3760 erro
592 3702 688 3761 venire

100 3778 216 3852 superbi
225 3783 361 3848 renuunt,
376 3792 517 3850 pauperes
528 3728 687 3848 eliguntum

99 3849 236 3923 quoniam
248 3854 357 3922 infirme
368 3851 465 3906 irrorati
474 3851 553 3918 eliqit
568 3854 646 3910 lleus.
659 3853 689 3904 nt

98 3924 256 3991 conscindet
271 3926 369 3992 fortia,
385 3927 549 3993 peccatores
568 3920 689 3978 humiles

100 3994 258 4065 eligardum
289 3995 341 4049 hos
371 3997 465 4064 itaque
493 3993 572 4059 elicit
603 3995 688 4060 llcuS,

100 4083 174 4138 quos
196 4065 315 4138 despicit
338 4066 466 4123 rriuirdus.
486 4065 552 4136 quia
568 4064 690 4136 plerum-

101 4155 157 4210 que
177 4137 238 4210 ipsa
253 4137 397 4208 despectio
418 4136 561 4193 homiuem
577 4142 691 4192 revocat

101 4212 138 4268 ad
150 4208 343 4292 semetipsum.
359 4210 501 4280 Pauperes
516 4225 583 4280 ergo
599 4216 627 4264 et
639 4209 691 4264 de·

101 4282 184 4352 biles,
198 4298 263 4339 caecr
280 4289 308 4337 et
325 4281 429 4350 claudi,
444 4286 581 4337 vocantur
599 4285 627 4336 et
647 4296 692 4337 ve·

102 4355 194 4423 niunt,
215 4353 283 4427 quia
299 4351 404 4410 infirmi
430 4351 534 4425 quique
555 4356 640 4425 atque
660 4350 690 4409 in

749 467 921 526 boemundo
934 468 1057 541 despecti
1073 467 1242 543 plerumque
1256 478 1335 529 tanto

749 541 869 598 celerius
894 557 990 597 rocem
1017 541 1067 598 Dei
1088 543 1215 609 audiunt,
1229 550 1336 615 quanto

748 612 776 668 in
792 615 844 670 hoc
863 614 969 669 mundo
990 630 1046 670 non
1062 615 1170 672 habent
1189 616 1238 674 ubi
1255 617 1335 673 dele·

748 692 868 741 cteutur.
887 706 900 737 »
915 686 994 742 Unde
1010 692 1037 742 et
1059 689 1234 756 Aiipustiaus
1251 707 1256 744 :
1276 691 1337 745 «Et

748 760 794 828 qui
811 764 961 821 venerunt,
982 757 1033 813 nisi
1059 759 1198 829 mendici,
1215 760 1334 831 debiles,

749 829 852 888 claudi.
874 837 901 886 et
916 830 1002 886 caeci?
1017 830 1057 887 llll
1071 836 1166 889 autem
1181 848 1237 888 nou
1248 849 1334 890 verie-

748 907 815 957 runt
829 901 941 972 divites,
957 905 1031 971 sani,
1046 906 1126 974 quasi
1144 906 1218 961 bene
1232 907 1334 961 ambu-
1434 921 1437 925 ·

749 973 840 1029 lantes
855 978 882 1030 et
896 980 977 1030 acute
990 980 1149 1044 cernentes,
1166 975 1285 1033 multum
1300 976 1336 1035 de

749 1052 1007 1126 selpraesumcnlcs3
1024 1052 1052 1102 et
1066 1047 1129 1103 ideo
1143 1054 1220 1105 tanto
1234 1049 1336 1121 despe-

749 1125 863 1185 ctiores,
875 1123 981 1188 quanto
1006 1118 1195 1185 superbiores.
1214 1121 1337 1178 Veniant

750 1188 883 1258 mendici,
900 1192 966 1260 quia
982 1189 1028 1245 ille
1043 1189 1145 1246 invitat
1155 1190 1203 1261 qui
1220 1199 1337 1264 propter

750 1276 801 1316 nos
814 1262 905 1318 lactus
918 1266 961 1316 est
977 1277 1096 1334 pauper,
1117 1278 1180 1319 cum
1196 1262 1276 1320 dicos
1290 1281 1336 1321 es·

749 1338 802 1400 set,
822 1338 853 1388 ut
870 1331 946 1388 illius
965 1338 1132 1405 paupertate
1153 1335 1273 1391 uiemlici
1293 1336 1337 1393 di·

748 1408 884 1460 tarcmur.
900 1404 1019 1460 Veniant
1031 1411 1059 1461 et
1069 1405 1188 1476 debiles,
1202 1407 1337 1478 quianon

747 1481 787 1531 est
799 1493 867 1547 opas
884 1481 960 1532 serris
978 1479 1111 1546 medieas,
1126 1479 1174 1533 secl
1195 1481 1268 1535 maile
1285 1482 1336 1536 lia·

749 1548 882 1603 bentibus.
898 1550 1018 1605 Veniant
1031 1555 1059 1606 et
1072 1551 1176 1620 claudi,
1190 1550 1238 1622 qui
1254 1551 1280 1607 ei
1296 1552 1337 1608 dl·

747 1626 813 1675 cant
829 1642 835 1677 :
853 1623 947 1689 lliciqc
970 1637 1080 1689 pressus
1098 1637 1170 1677 pices
1183 1624 1213 1678 ia
1227 1626 1336 1680 semitis

747 1695 812 1747 tuis.
823 1691 944 1749 Veniant
955 1698 982 1748 et
991 1693 1069 1761 caeci,
1081 1695 1131 1766 qui
1141 1693 1238 1751 dicant
1248 1713 1254 1751 :
1266 1697 1335 1752 lllu·

746 1767 822 1819 mina
837 1766 927 1820 oculos
941 1781 1023 1836 meos,
1041 1782 1075 1821 ne
1089 1783 1220 1837 umquem
1237 1769 1336 1825 obdor-

747 1839 830 1891 miam
854 1839 884 1892 ia
905 1843 991 1892 morte
1010 1854 1016 1892 :
1033 1859 1048 1888 »
1066 1839 1126 1894 baec
1147 1839 1334 1907 daqustimis.

747 1911 782 1964 Et
797 1911 838 1963 uit
851 1924 945 1964 seruus
962 1925 969 1964 ι
990 1911 1114 1980 Domine,
1128 1912 1235 1979 suetiam
1250 1918 1289 1967 est
1304 1917 1336 1970 at

747 1983 902 2050 imperasti,
919 1978 1070 2036 sedetiam
1086 1997 1119 2037 eo
1135 1982 1230 2050 modo,
1242 1990 1271 2039 ut
1286 1983 1336 2041 im·

747 2051 865 2124 parasti,
883 2061 911 2108 et
938 2051 978 2107 sic
996 2058 1109 2109 notatur
1125 2054 1252 2124 perlecta
1266 2056 1334 2113 obe-

748 2122 865 2191 dientia,
882 2122 989 2179 scilicet
1003 2123 1030 2179 iu
1046 2140 1132 2196 opere
1146 2131 1173 2181 et
1187 2124 1216 2181 in
1232 2127 1331 2196 mod03

747 2203 773 2253 et
785 2196 876 2250 erlbac
891 2198 966 2251 locus
980 2201 1029 2251 est.
1045 2195 1128 2264 Qua-‘i
1144 2196 1240 2255 dicat:
1262 2199 1333 2256 ltlul-

747 2273 791 2322 tos
808 2265 1014 2324 introduximus
1031 2270 1066 2325 de
1083 2269 1200 2337 ludaeis,
1219 2272 1269 2328 sed
1286 2272 1336 2328 ad·

747 2340 801 2396 huc
816 2344 859 2395 est
878 2340 966 2409 locus,
988 2339 1035 2396 ubi
1049 2338 1224 2413 recipiantur
1236 2342 1334 2400 Genti·

746 2411 875 2492 lesphoc
889 2411 975 2467 etiam
991 2411 1054 2468 ideo
1069 2412 1184 2483 dicitur,
1200 2414 1268 2486 quia
1282 2417 1348 2479 Ee,

747 2483 1333 2559 clesraplurcsreciporesemperestpara·

746 2562 784 2612 ta.
800 2558 838 2612 Et
852 2557 894 2610 ait
908 2556 1035 2611 dominica
1049 2573 1126 2612 cereo
1143 2574 1149 2612 ε
1165 2561 1289 2616 deicito
1304 2564 1334 2615 in

745 2631 807 2683 aias
824 2632 850 2683 et
863 2642 950 2698 sepes,
965 2625 993 2682 id
1009 2635 1053 2684 est
1069 2644 1075 2682 :
1089 2630 1177 2700 Vale,
1191 2639 1271 2686 extra
1283 2633 1333 2688 lu-

746 2702 837 2756 daeam
856 2697 1052 2770 discurrendo,
1071 2700 1105 2756 ad
1125 2698 1265 2759 Gentilem
1283 2718 1333 2776 po·

745 2772 862 2843 pulum;
878 2770 1003 2842 pervias
1019 2771 1096 2828 enirn
1111 2778 1140 2829 et
1155 2790 1237 2846 sepes
1253 2773 1334 2832 intel-

745 2842 843 2914 ligitur
860 2841 970 2900 vocatlo
999 2843 1151 2901 Gentilium
1181 2846 1239 2918 qui,
1265 2853 1335 2904 taur·

745 2930 830 2987 quam
856 2920 995 2986 agrestes,
1021 2915 1049 2972 in
1078 2916 1131 2974 viis
1162 2926 1191 2974 et
1218 2919 1333 2991 sepibus

746 2991 828 3044 erant
842 2986 963 3060 dispcrsi
988 2992 1016 3044 et
1032 2987 1181 3046 directioni
1209 2992 1332 3049 bostium

745 3058 899 3132 expositiin
914 3059 977 3128 riis,
991 3059 1098 3117 scilicet
1108 3062 1259 3120 mundanae
1271 3079 1334 3135 pro-

745 3131 888 3203 speritatis
908 3135 936 3186 et
956 3131 1071 3201 sepibus
1092 3133 1290 3201 adversitatis;
1307 3141 1332 3191 ct

745 3204 873 3272 compelle
891 3205 997 3255 intrare
1023 3204 1159 3259 instantia
1179 3211 1206 3260 et
1226 3205 1331 3276 impor-

743 3271 1332 3344 tunicarepraedicationis.vocanturonim,

746 3342 794 3418 qui
818 3343 927 3400 amalo
951 3344 1136 3401 retrahuntur
1160 3346 1333 3404 terrentibus

745 3413 1333 3489 exhortationibuscompellunturautem,

746 3485 1045 3560 quitrabunturduris
1056 3488 1333 3549 comminationibus

747 3558 825 3616 Unde
837 3558 952 3615 ludaeos
976 3564 1073 3615 monet
1087 3559 1193 3631 vocari,
1209 3566 1237 3617 et
1258 3562 1333 3619 Gen·

745 3631 810 3688 tiles
820 3628 952 3701 compelli
963 3647 970 3685 :
982 3631 1048 3701 quia
1057 3633 1175 3704 rudeis,
1187 3639 1333 3707 tamquam

747 3705 850 3785 Legem
872 3707 901 3758 et
918 3704 1081 3783 'Prophetas
1096 3706 1278 3778 habentibus,
1292 3707 1333 3764 le·

746 3791 809 3832 nor
834 3777 943 3832 vocatio
969 3776 1091 3835 debebat
1113 3779 1254 3848 sultlccre,
1271 3797 1334 3852 quae

747 3863 803 3904 non
819 3845 978 3904 sulllciebat
992 3848 1160 3919 Gentilibus,
1172 3858 1203 3908 ut
1217 3855 1333 3923 impleo·

747 3920 898 3976 tardamus
912 3935 980 3984 mea,
999 3920 1108 3979 scilicet
1120 3927 1223 3980 coelum
1237 3931 1265 3979 et
1280 3940 1336 3980 coe-

747 3990 826 4047 lestis
843 3990 945 4063 patria,
962 3992 1008 4048 ubi
1035 3994 1067 4049 llt
1081 4001 1219 4051 aeternum
1236 3995 1336 4051 conri-

748 4079 823 4119 rrum
855 4063 950 4120 debito
977 4081 1095 4122 numero
1121 4067 1335 4137 praedestinato·

748 4151 822 4203 rum,
849 4135 897 4206 qui
927 4151 1061 4193 numerus
1092 4154 1150 4193 non
1176 4139 1336 4196 remanebit

747 4205 914 4277 inexpletus.
930 4208 992 4277 Vel,
1005 4209 1214 4280 compelluntur
1226 4211 1335 4270 intrare

747 4278 885 4361 baeretici,
910 4280 958 4352 qui
988 4296 1039 4352 per
1067 4281 1221 4339 Ecclesiam
1243 4283 1334 4356 puniti

748 4357 917 4424 resipiscunt
930 4368 937 4420 3
952 4355 997 4409 vel
1019 4351 1188 4427 quicumque
1209 4355 1269 4428 alii,
1285 4359 1334 4427 qui
