2880 4942
124 338 168 395 Μ
477 340 590 395 1²thAE
617 342 736 397 rlurls
764 342 868 396 ulrur
895 341 1009 395 llxxlv

125 445 173 515 tis,
189 443 297 501 seilicet
313 444 382 501 solis
397 460 497 502 amnas
511 462 631 518 vapores
650 464 716 505 aon·
770 449 804 504 ds
819 448 883 505 eata
898 448 998 517 querit
1016 443 1052 500 ad
1072 443 1245 502 calumniam
1262 451 1367 503 eontra

126 516 282 587 sumentis,
298 516 343 574 uel
362 516 458 588 iguem
478 517 513 574 de
531 517 644 575 sublimi
663 521 715 576 de·
770 536 826 588 me,
842 517 925 590 quasi
949 516 1006 573 alia
1027 532 1092 588 quse
1113 515 1260 585 viderunt,
1281 516 1368 588 sigua

125 590 272 655 scandere,
296 594 327 645 ut
349 593 477 661 tempore
502 589 587 657 aliam
608 590 654 648 sel
672 607 716 647 so
769 608 827 649 aon
843 588 960 647 luerint.
976 588 1047 647 Vide
1067 589 1210 659 quomodo
1231 605 1297 645 rum
1317 592 1367 647 Ju·

125 661 180 719 lam
203 668 290 727 stare,
311 659 382 717 sicut
405 666 533 732 tempore
553 665 654 731 losae;
671 662 714 719 vel
770 664 824 720 daei
840 659 1364 728 cbristoconvitiabantur,diceutos:

124 733 324 800 retrocedere,
354 737 384 788 ut
413 738 541 814 tempore
568 734 713 804 Ezechiam
769 737 939 807 inprincips
954 733 1148 787 daraoaioram
1163 732 1241 800 ejicit
1256 732 1365 789 dama-

124 804 169 861 val
183 803 239 860 alia
251 803 413 875 hujusmodi
424 821 430 872 ;
442 820 522 876 quasi
534 821 590 861 nou
600 811 716 877 possent

125 880 155 932 st
170 875 219 931 illa
230 875 399 932 calumniari
415 882 443 933 at
457 875 562 945 dicere,
578 893 612 935 en
624 878 716 935 occul·

123 946 161 1003 tis
191 951 219 1002 et
246 946 333 1003 variis
361 947 543 1019 passionibus
565 948 713 1006 accidisse.

123 1020 206 1087 Nam,
223 1017 270 1090 qui
284 1019 473 1076 calumniatur
486 1019 528 1076 eis
546 1036 610 1093 quas
627 1021 716 1078 oculis

123 1091 210 1158 videt,
226 1106 312 1147 mauu
331 1096 418 1154 leuet,
436 1096 464 1148 et
479 1091 599 1149 utilitate
617 1092 714 1162 sentit,

124 1164 192 1233 quid
208 1162 334 1219 lactarus
347 1167 388 1220 est
402 1164 438 1221 ds
452 1162 497 1219 his
536 1181 579 1221 uas
595 1164 630 1225 de
645 1165 715 1221 aoelo

125 1233 276 1317 vener-inl?
292 1234 393 1307 Utique
410 1182 605 1307 respougebit,
620 1242 648 1291 el
661 1253 718 1294 ma·

123 1321 175 1435 gos
199 1324 230 1362 ru
254 1309 372 1380 AEyypto
394 1309 483 1365 mulla
506 1308 589 1379 sigua
615 1308 715 1366 iecisse

143 1378 264 1447 oroelo;
280 1378 325 1434 uel
344 1379 564 1436 calumniabitur
580 1379 636 1437 alio
651 1396 714 1436 mo·

123 1450 171 1506 do.
184 1449 264 1506 Unde
279 1452 501 1518 chrysostomum
515 1474 529 1505 n
542 1453 612 1509 curu
625 1451 715 1511 multa

123 1519 205 1589 signa
223 1520 373 1588 vidissent,
388 1525 537 1593 tamquam
561 1522 585 1580 si
601 1524 713 1580 uallum

124 1591 275 1659 uidissent,
291 1592 331 1647 its
349 1592 461 1663 siguum
481 1596 625 1665 petebant.
642 1596 714 1651 llere

123 1662 199 1719 anim
211 1663 318 1719 nullum
331 1663 474 1732 viderunt,
490 1664 557 1736 quia
572 1665 713 1738 corporali

50 1780 53 1785 .
123 1741 239 1806 aspectu
254 1733 394 1803 viderunt,
409 1753 466 1792 nou
481 1737 618 1809 spirituali
638 1738 714 1797 alle-

123 1811 180 1862 clu.
198 1828 211 1859 a
226 1807 278 1863 Ubi
294 1807 438 1864 sciendum
450 1810 526 1880 quod
536 1809 624 1881 aliqui
636 1808 714 1866 mali-

123 1886 245 2006 {nantes
253 1880 439 1936 detrahebant
455 1880 600 1938 miraculis
610 1881 713 1939 Christi

144 1951 293 2032 upliciter:
305 1969 361 2007 uno
377 1953 461 2009 modo
474 1953 668 2010 attribuebant
680 1969 714 2009 ea

124 2022 221 2079 uirtuti
241 2023 391 2092 daemonis,
408 2031 440 2081 ut
460 2024 552 2081 visum
569 2032 612 2081 est
628 2039 714 2096 supra

123 2091 154 2150 iu
173 2095 347 2165 praecedenti
371 2096 512 2167 capitulo;
538 2097 595 2153 alio
629 2096 713 2153 modo

124 2167 286 2238 reputando
312 2183 347 2223 ea
368 2182 469 2238 parva,
486 2176 517 2224 ut
538 2169 641 2224 dieitur
660 2169 714 2223 boc

125 2234 198 2292 loco.
215 2237 263 2293 lsli
278 2238 367 2305 onim,
382 2255 416 2294 au
436 2243 459 2294 si
481 2241 543 2310 ejus
559 2239 641 2309 signe
657 2255 711 2295 nou

123 2305 269 2376 uidissent,
289 2309 332 2365 vel
353 2310 432 2435 <iussi
446 2326 491 2379 ea,
506 2328 569 2382 qum
585 2311 715 2367 uiderant

123 2392 212 2450 parua
231 2380 275 2435 vel
309 2381 388 2437 nula
414 2380 545 2450 luissent,
570 2387 714 2439 tentantes

123 2465 188 2507 eum
204 2451 239 2508 de
259 2451 330 2509 cralo
351 2452 465 2524 signum
486 2460 635 2525 quaerunl3
655 2470 712 2511 non

123 2537 156 2579 ex
172 2522 335 2593 devotione,
352 2529 384 2582 ut
398 2541 430 2581 ox
446 2526 500 2582 hoc
518 2527 647 2584 credaut.
663 2526 713 2582 sed

123 2597 216 2666 magis
241 2613 273 2653 ex
300 2597 473 2665 curiositate,
489 2603 517 2654 ot
547 2602 577 2654 ut
603 2597 714 2654 faritius

124 2681 209 2738 quam
223 2668 322 2741 primis
339 2670 543 2726 corrtradrcaut.
558 2670 713 2727 Adulautes

124 2744 222 2796 aulem
242 2740 349 2809 dicunt,
364 2744 508 2809 Mammea,
521 2747 552 2796 ul
567 2739 713 2797 blanditiis

124 2810 262 2879 alliciant,
280 2828 366 2883 quem
380 2811 511 2867 convitiis
532 2810 712 2883 blaspbema-

124 2887 234 2937 ueraut.
265 2883 343 2938 Unde
369 2881 445 2937 idem
473 2884 679 2951 chrysostomus
704 2899 710 2938 :

126 2974 141 3003 a
158 2952 191 3007 lli
212 2968 283 3023 quos
301 2955 451 3025 oportebat
466 2953 602 3009 admirari
617 2961 645 3011 et
660 2954 712 3010 ob-

125 3027 296 3094 stupescere,
313 3025 480 3092 elmodam,
498 3041 602 3081 uuuea
617 3024 713 3096 nequi-

124 3094 165 3152 tia
179 3112 234 3151 nou
250 3094 400 3153 desistunt.
418 3098 520 3152 Eorum
545 3102 639 3153 autem
653 3113 713 3152 ver·

124 3168 162 3229 ba
172 3172 200 3225 et
213 3168 386 3236 adulatione,
395 3173 422 3225 et
434 3167 528 3225 ironia
541 3174 606 3225 suut
615 3168 710 3240 plena:

123 3241 261 3312 putabant
286 3240 362 3296 euim
388 3239 503 3296 allicere
526 3257 577 3314 per
596 3242 660 3297 hoc.
679 3243 712 3296 Et

123 3328 198 3368 nunc
213 3313 328 3383 quidem
342 3310 543 3382 convitiantur,
557 3330 630 3370 nunc
641 3312 713 3370 edu·

124 3383 231 3449 lautum
249 3400 326 3440 nunc
338 3383 430 3455 ipsum
445 3384 651 3442 daemoniacum
666 3401 712 3441 vo·

124 3460 199 3524 cant,
212 3472 285 3512 nuuc
294 3462 389 3512 autem
400 3456 580 3527 blagislrum;
593 3463 713 3528 utraque

124 3526 283 3599 pernicioso
317 3527 457 3596 consilio,
488 3527 541 3584 etsi
570 3530 713 3585 contraria

124 3598 182 3654 siat
198 3614 261 3669 quae
277 3599 447 3656 dicebantur
463 3616 470 3654 ι
485 3604 602 3671 proptor
615 3600 670 3654 hae
684 3604 713 3656 et

125 3684 174 3725 eas
192 3670 377 3727 suborirentur
398 3670 526 3727 christus
550 3670 641 3742 tetigit
665 3688 672 3726 ε
696 3690 711 3721 o

28 3798 33 3807 ,
104 3741 188 3805 ,brec
202 3741 419 3809 chrysostomus.

161 3832 175 3867 n
201 3813 255 3867 Eos
283 3830 431 3869 vrrusauas
450 3813 594 3869 Cunrsaus.
616 3843 650 3855 -
667 3814 711 3880 ut,

124 3882 194 3956 quia
213 3884 286 3940 male
306 3885 483 3956 quaerebant,
500 3883 564 3940 ideo
588 3900 644 3940 non
664 3883 713 3940 dat

125 3954 166 4012 eis
179 3955 303 4027 signum,
320 3957 369 4012 sed
383 3956 558 4026 respondeas.
574 3959 616 4011 ait
631 3957 711 4011 illis:

125 4028 270 4086 cenerutlo
287 4030 362 4084 mala
381 4027 522 4098 inopere,
540 4032 565 4082 rt
584 4029 712 4083 adultera

124 4098 154 4157 in
180 4101 255 4167 llda;
281 4100 359 4172 quia,
375 4098 475 4156 relicto
499 4100 614 4171 proprio
638 4099 710 4167 viro,

125 4172 233 4229 scilicet
257 4175 326 4242 boo,
347 4171 431 4229 idolis
450 4170 622 4240 serviebant,
641 4178 668 4228 et
688 4171 712 4231 si

125 4241 202 4301 idola
227 4262 285 4303 uon
314 4246 455 4315 colebant,
478 4249 574 4300 umen
600 4262 617 4300 n
644 4260 711 4302 uara

126 4330 231 4389 speum
245 4317 397 4379 christete
409 4315 590 4389 alienabaut3
600 4318 712 4387 myasm

769 810 828 873 aia,
843 810 992 861 mansueto
1008 802 1051 861 cis
1066 804 1219 873 respondet
1242 819 1295 876 por
1317 820 1365 863 ra·

770 878 864 935 tiones
879 877 1046 949 improbans
1061 873 1167 932 dictum
1183 891 1300 943 eorum3
1319 875 1364 933 bic

770 966 837 1007 varo
856 964 919 1006 cum
934 947 1077 1004 laudando
1096 947 1262 1013 adulantur,
1277 947 1364 1015 illapi-

771 1028 862 1079 strum
891 1025 1036 1087 uocantes,
1057 1034 1158 1091 aspere
1186 1034 1236 1076 aas
1259 1018 1363 1090 tangil,

771 1093 981 1159 demonstrans,
1009 1093 1164 1147 secuudum
1200 1092 1362 1159 chrysosto-

770 1183 854 1231 mum,
872 1165 947 1236 quod
963 1168 1083 1234 utraque
1097 1161 1304 1235 passioaeeral
1319 1179 1364 1219 su·

771 1239 889 1310 perior:
911 1239 939 1292 et
959 1251 1052 1307 neque
1077 1232 1207 1290 convitiis
1231 1234 1262 1290 iu
1289 1234 1363 1292 iram

770 1307 953 1376 conducitur,
974 1322 1066 1378 neque
1085 1304 1249 1364 adulatione
1266 1306 1361 1363 molli·

769 1381 862 1449 tur,in
878 1396 934 1452 quo
949 1377 1075 1435 ostendit
1085 1377 1285 1450 amplectanda
1297 1394 1360 1435 esse

770 1452 934 1525 opprobria,
955 1457 982 1508 et
1010 1449 1188 1507 adulationes
1216 1448 1359 1507 vitandas.

770 1527 851 1592 llam,
870 1529 902 1580 ul
920 1522 961 1580 ait
984 1521 1059 1578 idem
1083 1523 1302 1589 chrysostomus,
1318 1520 1361 1577 sir

770 1596 884 1668 sapiens
898 1594 927 1650 iu
941 1593 1041 1651 taciem
1057 1591 1184 1661 caeditur,
1200 1593 1319 1663 quando
1332 1591 1360 1648 in

769 1667 842 1724 lucie
857 1667 998 1725 laudatur.
1014 1667 1075 1723 Non
1089 1664 1129 1721 sie
1142 1663 1224 1721 multi
1236 1665 1361 1735 maj0res

770 1740 853 1811 hujus
867 1737 1003 1810 temporis
1019 1737 1134 1801 iaciunt,
1146 1735 1192 1807 qui
1208 1737 1286 1792 bona
1300 1751 1361 1793 sua·

770 1811 869 1867 dentes
889 1813 1086 1875 contemnunt,
1102 1812 1129 1863 et
1149 1810 1189 1863 eis
1213 1810 1359 1878 tamquam

769 1880 990 1939 consiliantibus
1019 1879 1192 1945 irascuntur3
1214 1878 1264 1935 sed
1287 1878 1360 1934 mala

769 1957 954 2024 suggerentes
973 1949 1104 2013 audiunt,
1120 1956 1148 2005 et
1166 1966 1265 2006 eorum
1290 1950 1360 2005 adu-

769 2020 875 2082 latione
900 2023 1075 2079 molliunlur.
1092 2021 1204 2077 Utinam
1229 2021 1358 2077 attende-

768 2101 834 2153 rent
853 2094 1003 2152 consilium
1024 2092 1177 2163 Sapientis,
1198 2092 1246 2165 qui
1266 2091 1357 2149 dicit:

768 2171 868 2225 Melias
890 2173 930 2222 est
958 2183 976 2221 a
1001 2167 1125 2237 sapiente
1144 2166 1257 2239 corripi,
1276 2180 1359 2235 qaam

767 2242 916 2296 stallorum
933 2239 1094 2293 adulatione
1108 2237 1207 2308 decipi.

803 2317 819 2367 ὅ
835 2312 904 2378 Quia
921 2328 971 2366 ran
986 2326 1085 2366 sreuusr
1096 2311 1173 2365 loun
1187 2324 1360 2364 susannam«-

767 2383 843 2440 nuu‘l
860 2414 895 2425 —-
921 2381 1030 2437 Deinde
1058 2378 1204 2453 subjungit
1233 2398 1240 2436 :
1270 2382 1306 2436 Et
1323 2382 1360 2435 ss·-

766 2471 852 2525 ynam
867 2455 1046 2509 cunctabitur
1062 2456 1097 2517 rt,
1112 2452 1219 2509 scilicet
1235 2455 1361 2523 potesta·

768 2526 815 2595 tis,
830 2534 858 2583 et
877 2526 912 2582 da
928 2524 1101 2592 caelestibus,
1123 2523 1206 2595 qrrale
1227 2521 1300 2596 petit
1322 2521 1359 2579 ad

768 2597 959 2663 calumniam;
980 2599 1036 2652 alsi
1059 2599 1170 2664 styriam
1195 2596 1270 2651 Jaaa
1293 2596 1359 2649 Pro·

768 2673 864 2741 phetas,
881 2669 957 2741 quod
974 2667 1028 2723 luit
1045 2665 1213 2722 lnrmhitalis
1235 2670 1264 2722 et
1279 2665 1358 2735 alljo·

768 2741 887 2808 ationis,
915 2745 1016 2796 contra
1046 2754 1145 2795 eorum
1180 2736 1356 2809 superbiam.

769 2811 854 2879 Quasi
872 2812 978 2867 dicarat
996 2828 1002 2866 :
1023 2812 1076 2877 Tu,
1092 2809 1238 2881 generatio
1258 2824 1359 2880 praua,

768 2883 841 2956 petis
856 2881 1102 2953 signumcaslasto,
1123 2887 1151 2938 et
1171 2879 1286 2951 signum
1303 2895 1358 2950 po-

768 2954 864 3013 toulire
883 2954 925 3008 ud
948 2954 1047 3025 gloria
1064 2953 1099 3009 da
1118 2951 1247 3017 sublimi;
1263 2956 1292 3008 et
1307 2949 1358 3006 tibi

768 3043 825 3082 nou
839 3025 962 3091 dabitur,
978 3024 1031 3081 nisi
1045 3028 1159 3096 signum
1175 3029 1320 3080 terrenum
1331 3026 1357 3078 el

768 3098 880 3169 signum
900 3095 1043 3168 passionis
1066 3103 1094 3152 el
1117 3093 1302 3159 intirmilalis,
1318 3091 1358 3149 si·

767 3169 936 3241 gnificalum
956 3168 1037 3238 signo
1054 3174 1082 3223 et
1098 3167 1170 3223 lacto
1184 3168 1267 3223 doure
1288 3166 1357 3222 Pra-

767 3242 870 3313 pbelsa.
887 3244 970 3296 Jorras
983 3242 1055 3294 euim
1068 3241 1126 3306 fuit
1141 3241 1252 3307 siyaam
1273 3238 1358 3295 Nini·

767 3316 834 3370 uitis
853 3311 1014 3384 dupliciter,
1031 3309 1136 3366 scilicet
1159 3310 1246 3364 serbo
1266 3313 1303 3389 'et
1316 3307 1356 3389 ia·

767 3390 812 3440 sto
828 3401 835 3441 ε
851 3385 948 3453 uerbo,
964 3383 1031 3454 quia
1045 3385 1107 3438 riva
1117 3397 1183 3436 voce
1196 3379 1237 3436 eis
1250 3378 1357 3449 signifi·

767 3450 1357 3529 cauitquodcssantperituri,nisiconver-

767 3533 910 3595 terentum
940 3526 1025 3593 fracto,
1056 3541 1089 3580 eo
1118 3523 1194 3594 quod
1217 3523 1356 3590 fueritin

766 3607 859 3655 uentre
887 3601 949 3661 ceti,
974 3600 1064 3653 tribus
1092 3596 1188 3650 diebus
1216 3600 1242 3649 et
1267 3594 1357 3650 tribus

767 3672 901 3726 noctibas.
919 3668 970 3726 Ubi
994 3669 1110 3725 luerunt
1127 3665 1191 3731 tria,
1219 3663 1328 3722 seilicet
1347 3678 1354 3718 :

766 3741 923 3811 absorptio,
940 3738 1076 3808 dolentia,
1089 3736 1241 3805 evomiti03
1256 3737 1356 3793 absor-

766 3812 826 3884 ptio
847 3811 899 3868 luit
914 3811 1028 3882 signum
1050 3809 1150 3867 mortis
1167 3807 1270 3867 christi
1283 3826 1290 3876 ;
1305 3807 1356 3864 de·

767 3883 867 3952 tentio,
894 3884 1063 3956 sepulturre;
1089 3880 1356 3962 arbathionem·

766 3954 912 4013 rectionis.
929 3958 962 4011 Et
977 3953 1148 4013 medebitur
1165 3951 1207 4010 eis
1229 3965 1355 4024 signum,

765 4027 795 4085 id
810 4034 853 4085 est
877 4026 1047 4095 slyaulcatio
1071 4027 1101 4082 iu
1125 4026 1198 4082 lacto
1218 4026 1310 4091 doum,
1325 4025 1357 4079 ut

766 4100 873 4157 scilicet
897 4105 1114 4168 convertantur,
1144 4103 1172 4154 et
1196 4095 1354 4152 salventur.

765 4173 827 4229 Nou
844 4173 897 4229 boc
912 4177 956 4227 ost
967 4169 1085 4235 dictum,
1100 4168 1182 4242 quasi
1199 4167 1257 4250 alia
1270 4166 1355 4239 sigua

765 4248 833 4303 ente
843 4249 963 4302 mortam
977 4242 1082 4299 Christi
1093 4258 1150 4303 aaa
1162 4241 1267 4300 luerunt
1277 4240 1355 4306 datm

764 4316 815 4376 sed
829 4316 897 4390 quia
912 4332 989 4374 mors
1007 4320 1038 4374 et
1055 4313 1156 4378 Passio
1180 4310 1288 4371 christi
1301 4310 1358 4370 luit
