2880 4942
390 256 430 312 DS
458 256 697 312 susclrlrioiu
725 257 809 312 litii
835 255 948 311 tibull
975 256 1072 311 dliii.
1335 263 1350 315 3

123 372 210 438 videt,
219 367 262 425 vel
274 367 362 436 audit,
371 366 414 424 rel
426 367 635 439 loquiturquod
649 382 706 423 non

125 446 200 510 licet,
217 445 343 496 mortuus
355 438 513 495 extrahitur
526 455 578 511 per
592 443 706 511 portam

126 515 206 581 visus,
223 511 265 566 rel
278 511 402 579 auditus,
417 511 461 566 vel
476 510 543 580 oris,
561 511 643 567 etsie
656 524 707 566 suo

125 585 207 642 modo
228 583 262 639 de
285 581 358 652 aliis,
381 588 411 639 et
429 582 494 639 ideo
514 582 651 639 custodire
671 580 708 636 ad

124 659 188 713 istas
204 658 300 726 portas
311 661 377 711 sunt
391 653 563 710 adhibenda.
576 653 655 711 Unde
669 651 710 708 ait

122 728 221 785 Beda:
248 744 262 778 n
286 728 401 782 Portam
425 725 547 782 civitatis
572 740 628 797 qua
656 724 708 780 de·

122 801 235 856 lunctus
254 796 435 866 efferebatur,
451 800 519 868 puto
535 796 659 868 aliquem
674 795 709 851 de

121 869 248 927 sensibus
273 885 333 924 csse
362 868 508 939 corporis.
545 869 598 937 Qui
632 865 707 923 enim

123 939 246 998 seminat
264 941 340 996 inter
357 940 460 996 iratres
478 938 643 1005 discordias,
660 938 709 1008 qui

123 1012 304 1085 iniquitatem
343 1011 373 1066 in
401 1011 539 1067 excelsum
571 1010 708 1082 loquitur,

123 1100 174 1150 per
188 1084 246 1138 oris
261 1088 372 1151 portam
388 1081 546 1138 extrahitur
570 1089 707 1138 mortuus.

124 1156 179 1222 Oui
197 1153 300 1208 vident
314 1153 456 1207 mutierem
468 1152 506 1208 od
520 1156 711 1224 concupiscen-

124 1227 191 1281 dum
205 1240 274 1290 eom,
310 1239 341 1280 cr
354 1223 500 1280 oculorum
523 1230 634 1295 portam
653 1239 710 1281 suae

125 1296 224 1362 mortis
248 1240 354 1351 inificia
385 1294 502 1366 profert.
530 1295 583 1363 Qui
608 1293 710 1351 tabulis

124 1368 230 1436 otiosis,
262 1365 427 1423 obscenisve
459 1366 633 1424 carminibus
665 1366 710 1426 vel

125 1438 350 1495 detractionibus
362 1453 461 1495 aurem
470 1438 593 1495 libenter
606 1437 708 1508 aperit,

125 1511 198 1566 lianc
218 1508 321 1565 animae
335 1525 393 1565 suae
408 1518 519 1580 portam
534 1510 633 1567 mortis
645 1508 710 1565 eiti-

125 1580 173 1650 cit,
186 1588 351 1651 ceterosque
364 1582 479 1652 quinon
491 1588 585 1638 servat
599 1596 708 1651 sensus,

125 1654 224 1708 mortis
234 1651 286 1708 sibi
301 1653 359 1723 ipse
371 1651 464 1709 reddit
475 1652 583 1710 aditum
598 1669 605 1709 :
619 1671 634 1705 i)
648 1653 710 1709 liaec

125 1723 208 1780 Beda.
229 1752 264 1765 -
278 1723 445 1780 Locutusest
459 1723 632 1781 conscientia
645 1739 710 1794 pec-

126 1795 238 1862 catoris,
267 1794 297 1850 in
322 1809 378 1865 quo
406 1802 552 1867 tamquam
581 1796 611 1850 in
636 1794 710 1850 lecto

126 1865 207 1922 malae
222 1865 401 1922 conscientiae
415 1867 576 1938 requiescit.

159 1940 176 1993 ὅ
203 1938 270 1993 Tnii
290 1954 370 1992 sioni
388 1954 485 1994 iionris
504 1955 537 1994 er
566 1954 713 1994 nnsnnnsc-

126 2025 213 2064 riorus
227 2007 516 2065 semirasus-Talis
531 2014 626 2064 autem
635 2023 714 2064 mor·

128 2086 192 2135 tuus
209 2095 258 2152 per
267 2085 417 2152 peccatum
431 2079 551 2135 mortale
562 2079 715 2135 suscitatur

126 2167 143 2207 a
157 2152 214 2207 Deo
227 2167 278 2223 per
297 2166 394 2221 preces
409 2149 551 2207 Ecclesia.
567 2151 621 2208 Sed
641 2166 712 2224 quo-

128 2221 212 2278 modo
230 2222 414 2279 resuscitatur
433 2223 464 2277 in
482 2221 585 2296 ligura,
604 2221 651 2279 hic
666 2222 714 2278 do-

126 2298 216 2350 cetur.
244 2294 323 2350 Sicut
352 2294 429 2350 enim
457 2293 513 2350 iria
538 2300 605 2351 sunt
631 2295 712 2366 signa

126 2365 225 2420 mortis
240 2365 405 2438 spiritualis,
416 2365 457 2421 sic
474 2364 529 2422 tria
543 2370 615 2425 sunt
632 2366 713 2438 signa

128 2435 352 2493 resuscitationis
383 2434 556 2508 spiritualis.
593 2438 712 2510 Signum

125 2508 227 2564 mortis
255 2507 409 2578 spiritualis
434 2508 581 2580 accipitur,
615 2524 714 2566 secun-

127 2578 196 2634 dum
226 2577 339 2649 signum
359 2578 459 2636 mortis
484 2578 649 2651 corporalis.
669 2580 712 2637 Si·

127 2664 213 2722 gnum
226 2653 323 2705 autem
339 2651 439 2706 mortis
449 2649 604 2722 corporalis
611 2651 712 2722 triplex

125 2726 177 2778 est.
191 2719 318 2777 Primum
332 2726 375 2777 est
389 2723 515 2779 carentia
526 2723 711 2795 operationis,

125 2791 165 2847 sio
184 2792 312 2848 carentia
327 2792 364 2848 ad
377 2792 450 2849 bene
471 2794 649 2866 operandum
672 2798 714 2850 est

125 2863 238 2990 εέςὲιὲιέιι
262 2863 362 2990 ιῖἕπιίεε
384 2862 563 2992 ρρίτίιὸιιῗὲίεε
583 2863 712 2992 ιιυᾲειέη

150 2951 165 2989 r
243 2951 249 2990 :
303 2950 340 2991 on
378 2951 491 2992 immor
516 2951 531 2992 e
576 2953 638 2993 uass
696 2966 709 2977 -

122 3007 181 3077 pte.
202 3034 233 3046 -
253 3005 416 3063 Secundum
437 3012 482 3064 ‘ost
499 2954 627 3066 careqntia
645 3023 711 3064 sen-

124 3091 182 3158 sus,
196 3077 309 3147 quando
324 3077 481 3148 percutitur
495 3084 524 3136 et
539 3095 597 3137 non
611 3080 707 3149 sentit,

124 3162 165 3202 sio
179 3148 294 3219 quando
311 3147 397 3206 bomo
417 3165 474 3207 non
489 3153 576 3208 sentit
592 3167 709 3223 percus·

124 3218 218 3274 siones
245 3225 273 3275 ct
297 3219 507 3279 admonitiones
536 3223 709 3295 spirituales,

124 3289 236 3362 signum
250 3292 383 3363 estquod
398 3293 457 3364 ipse
468 3293 656 3366 spiritualiter
669 3299 712 3350 est

126 3366 276 3429 mortuus3
294 3363 369 3419 unde
387 3362 417 3419 in
437 3365 597 3421 Proverbiis
615 3383 623 3421 z
643 3368 711 3421 Ver-

127 3431 286 3488 bereoerieiit
303 3449 355 3504 me,
369 3434 419 3490 sed
431 3449 487 3490 oon
502 3434 600 3501 dotui;
616 3440 711 3490 trace-

125 3506 192 3558 ruit
205 3519 256 3572 oie,
270 3508 296 3561 et
314 3521 363 3574 epo
373 3521 429 3562 non
441 3506 526 3561 sossi.
543 3505 712 3562 -Tertium

124 3579 167 3630 est
193 3575 281 3648 rigor,
306 3578 347 3632 sic
372 3577 458 3633 homo
508 3575 602 3635 nando
627 3576 713 3634 babet

124 3645 230 3702 corita
245 3647 383 3730 rigidum,¹
394 3647 472 3719 quod
487 3592 562 3706 flecti
577 3664 635 3706 non
651 3653 711 3721 pot·

123 3720 168 3773 est
180 3732 230 3788 per
246 3733 471 3790 compassionem
487 3720 523 3777 ad
542 3721 710 3792 proximum,

125 3802 179 3843 nec
201 3804 253 3861 per
271 3789 465 3847 obedientiam
484 3791 521 3848 ad
543 3794 644 3862 Deum,
670 3793 712 3849 si·

123 3872 213 3931 gnum
230 3865 273 3917 est
286 3862 385 3917 mortis
398 3863 573 3935 spiritualis;
588 3865 662 3921 unde
681 3865 711 3920 in

123 3930 196 3988 libro
212 3931 322 4005 Regum
335 3932 440 3990 dicitur
453 3935 529 4007 quod
548 3950 650 3992 manus
661 3937 709 3993 Je-

123 4001 253 4083 roboam,
283 4017 368 4085 quam
396 4006 522 4062 extendit
544 4008 580 4063 ad
608 4008 710 4077 altare,

122 4079 245 4132 exariut.
277 4075 323 4132 Sic
350 4090 418 4150 ergo
449 4075 505 4133 tria
530 4082 597 4134 sunt
627 4079 709 4152 signa

124 4145 225 4226 mortis
237 4145 410 4216 spiritualis:
434 4148 508 4206 bene
522 4149 625 4223 quippo
640 4166 707 4222 ope·

124 4229 183 4272 rari
212 4216 287 4274 toltit
311 4219 455 4293 superbia,
475 4235 591 4279 sensum
617 4223 710 4280 aulert

762 364 883 434 luxuria,
913 363 1090 436 strigorem
1122 361 1190 420 lacit
1216 364 1347 427 avaritia.

763 437 797 491 Et
809 451 824 492 e
838 441 938 491 contra
954 440 1021 491 sunt
1049 435 1105 491 tria
1123 435 1206 506 signa
1226 438 1349 494 resusci-

762 507 878 563 tationis
896 506 1059 577 spiritualis,
1074 522 1137 577 quae
1152 512 1308 579 tanguntur
1321 508 1351 566 in

762 577 817 634 hoc
837 578 912 649 quod
926 578 1038 644 resedit,
1066 585 1095 634 et
1117 581 1198 649 cepit
1213 581 1300 650 loqui,
1321 585 1352 637 et

763 649 931 705 dedititium
945 653 1031 706 metri
1044 665 1110 706 sure.
1129 649 1183 707 Per
1204 651 1258 707 hoc
1274 651 1351 733 quod

765 721 856 789 dicit3
878 720 990 788 resedit,
1009 721 1178 793 intelligitur
1204 722 1350 792 contritio,

765 792 794 848 iii
821 794 990 848 contritione
1018 795 1096 852 enini
1127 794 1213 852 homo
1244 793 1352 850 residet

764 870 794 920 et
815 863 906 920 resilit
927 881 944 921 a
964 872 1090 935 peccato.
1115 866 1170 921 Per
1195 866 1249 922 hoc
1273 864 1350 937 quod
1418 859 1422 865 '

765 935 859 992 dicit:
889 939 968 1008 coepit
987 937 1074 1007 loqui,
1096 937 1265 1008 intelligitur
1285 941 1351 992 c‘on-

765 1005 860 1074 lessio,
875 1007 903 1063 in
919 1024 974 1079 qua
988 1008 1073 1065 homo
1088 1007 1214 1080 loquitur
1227 1024 1257 1064 se
1270 1022 1352 1064 accu-

764 1079 864 1135 sando.
884 1080 938 1135 Per
955 1080 1009 1136 hoc
1030 1081 1105 1152 quod
1126 1081 1229 1137 dicitur
1249 1078 1353 1136 :dedit

764 1151 845 1205 illum
859 1153 945 1205 matri
968 1166 1033 1213 suae,
1052 1151 1220 1219 intelligitur
1238 1149 1353 1208 satista-

765 1222 837 1289 ctio;
853 1236 906 1293 per
920 1222 973 1276 hoe
985 1222 1061 1278 enim
1074 1224 1151 1293 quod
1166 1224 1251 1278 bomo
1266 1220 1354 1276 solvi·

765 1298 822 1361 tur,
837 1298 866 1349 ct
878 1292 1037 1364 injungitur
1049 1292 1075 1348 ei
1089 1292 1253 1360 satisfactio,
1266 1291 1349 1351 resti-

765 1365 855 1420 tuitur
870 1365 954 1420 matri
973 1380 1041 1432 suae,
1059 1365 1146 1421 idest
1164 1364 1309 1433 Ecclesiae,
1325 1367 1354 1420 et

765 1436 959 1493 communioni
971 1437 1098 1494 fidelium
1110 1452 1161 1508 per
1175 1437 1353 1508 spiritualem

766 1509 1036 1580 incorporationem,
1056 1524 1120 1580 quae
1140 1508 1256 1581 quidem
1271 1508 1353 1566 satis·

765 1579 850 1636 iaetio
870 1579 902 1636 sit
917 1597 967 1652 per
986 1582 1051 1648 tria,
1067 1582 1175 1637 scilicet
1190 1599 1197 1637 ε
1215 1597 1265 1652 per
1286 1593 1353 1636 ora-

765 1652 883 1723 tionem,
894 1669 945 1725 per
955 1654 1108 1725 jejunium,
1121 1658 1150 1710 ct
1162 1668 1214 1725 per
1225 1652 1351 1708 eleemo-

765 1739 875 1796 synam.

802 1799 925 1863 illesus
941 1813 1105 1852 sriiiiruinis
1118 1815 1172 1862 ono
1187 1810 1354 1854 reccaredus

767 1884 1003 1924 nssusciririrun.
1041 1896 1069 1909 ·-
1098 1869 1152 1925 Sed
1181 1869 1281 1924 modus
1304 1868 1357 1922 iste

768 1938 988 1995 resuscitationis
1006 1939 1132 2009 tangitur
1157 1955 1221 1995 cum
1236 1938 1356 1995 dicitur:

769 2008 892 2064 Accessit
911 2014 936 2064 et
960 2011 1052 2077 tetigit
1072 2009 1202 2065 loculum.
1219 2010 1261 2063 ild
1280 2021 1356 2063 mor·

769 2085 849 2135 tuum
868 2079 1053 2152 spiritualiter
1082 2080 1209 2138 Salvator
1236 2077 1356 2151 accedit,

769 2157 797 2234 et
822 2152 1040 2224 appropinquat,
1061 2168 1126 2211 cum
1145 2153 1269 2280 aliquam
1288 2166 1356 2233 gra·

767 2228 836 2280 tiam
852 2226 1093 2296 {praevenientem
1119 2225 1165 2281 vel
1203 2224 1357 2282 esiderium

768 2297 890 2367 propriae
913 2295 1012 2354 salutis
1039 2297 1066 2353 ei
1093 2297 1190 2353 donat.
1218 2294 1355 2352 Loculum

767 2370 869 2442 tangit,
894 2369 1009 2441 quando
1029 2369 1231 2425 conscientiam
1253 2372 1281 2422 et
1307 2379 1357 2420 cor

768 2439 871 2496 durum
904 2440 1061 2512 peccatoris
1089 2440 1126 2496 ad
1160 2437 1357 2510 poenitentiam

767 2511 884 2579 emollit,
901 2518 930 2567 et
949 2516 1128 2584 peccatorem
1147 2510 1182 2566 ad
1198 2509 1241 2564 sui
1257 2507 1359 2578 cogni·

767 2583 875 2638 tionem
903 2583 1023 2649 reducit,
1053 2586 1081 2636 et
1110 2586 1176 2635 tunc
1195 2586 1359 2634 mortunsa

787 2658 884 2710 eccato
907 2650 1039 2724 resurgit.
1060 2651 1095 2707 lit
1112 2650 1258 2707 sciendum
1282 2646 1358 2719 quod

768 2669 890 2795 gpiritus
911 2725 1029 2782 Sanctus
1043 2727 1189 2796 peccatum
1205 2737 1255 2794 per
1280 2735 1357 2776 mor-

768 2800 824 2852 tem
839 2796 1089 2867 voluitdesignari,
1101 2795 1138 2853 ad
1148 2792 1357 2850 ostendendum

768 2874 905 2938 quantum
920 2873 1067 2940 peccatum
1081 2867 1119 2923 sit
1137 2865 1313 2939 fugiendum,
1328 2868 1358 2919 et

767 2943 906 3009 quantum
920 2941 955 2997 de
967 2957 1000 2996 eo
1010 2937 1049 2995 sit
1061 2938 1227 3005 dolendum,
1240 2933 1355 3008 quando

768 3017 810 3066 est
821 3011 1013 3069 commissum.
1028 3013 1179 3067 Peccatum
1191 3007 1358 3080 fugiendum

767 3088 856 3138 estut
874 3098 959 3154 mors,
979 3089 1008 3138 et
1030 3082 1065 3138 de
1080 3097 1114 3137 eo
1138 3080 1292 3136 dolendum
1314 3080 1358 3132 est

767 3158 913 3226 tamquam
928 3155 963 3211 de
980 3159 1088 3222 morte;
1100 3153 1140 3209 sic
1156 3151 1251 3206 dolere
1272 3147 1358 3226 debet

767 3223 816 3295 qui
829 3226 953 3282 amicum
968 3239 1051 3281 snum
1068 3223 1099 3279 in
1113 3228 1229 3294 peccato
1243 3216 1359 3276 mortali

767 3294 854 3365 videt,
875 3311 909 3352 ac
933 3299 955 3352 si
980 3309 1046 3351 eum
1071 3301 1214 3350 mortuum
1237 3292 1357 3357 videret,

768 3366 825 3420 imo
839 3367 925 3422 etiam
939 3381 1005 3422 eum
1018 3365 1081 3434 plus
1102 3365 1197 3418 dolere
1213 3362 1308 3416 debet.
1324 3361 1360 3415 Et

768 3436 837 3505 quio
852 3437 925 3490 sicut
940 3438 1068 3491 mortuiis
1080 3433 1131 3487 iste
1146 3432 1250 3503 figurat
1261 3444 1359 3500 pecca·

768 3512 870 3574 torem,
885 3507 926 3562 sic
941 3507 1004 3578 ejus
1019 3503 1163 3559 suscitatio
1175 3503 1279 3632 ιιέιινιι
1296 3516 1357 3583 pec·

767 3578 873 3635 catoris
905 3575 1144 3645 conversionem;
1181 3591 1245 3633 ieo
1285 3577 1358 3631 sicut

768 3650 889 3708 multum
912 3649 1071 3708 timendum
1088 3655 1132 3706 est
1152 3655 1310 3720 peecatum,
1327 3649 1357 3702 et

766 3722 888 3779 multum
903 3722 1059 3780 dolendum
1085 3721 1120 3778 dc
1134 3737 1167 3777 eo
1192 3720 1356 3785 commisso,

765 3795 806 3851 sio
823 3795 943 3853 multum
958 3793 1147 3850 desideranda
1168 3801 1211 3850 est
1224 3794 1356 3862 peccato·

766 3865 806 3922 ris
819 3867 980 3938 conversio,
995 3872 1024 3921 et
1038 3865 1159 3921 multum
1172 3861 1356 3936 gaudendum

766 3938 802 3993 de
821 3938 882 4009 ipsa
907 3938 968 4010 jam
990 3936 1075 3994 lacta.
1096 3936 1221 3993 Obsecro
1244 3943 1355 4013 erg0‚0

766 4016 909 4080 peccator,
925 4009 1077 4065 Dominum
1103 4013 1135 4064 ut
1152 4006 1301 4063 resuscitet
1326 4003 1356 4054 te

765 4095 783 4135 a
798 4087 889 4136 morte
897 4080 1016 4151 peccati,
1027 4083 1056 4136 ct
1070 4077 1201 4135 restituat
1212 4074 1355 4154 tesanctre

766 4151 897 4209 Ecclesiae
922 4167 992 4221 snae,
1012 4149 1171 4206 intendem
1191 4150 1219 4201 et
1233 4143 1355 4218 gloriam

766 4223 889 4281 nominis
911 4225 966 4284 sui.
991 4222 1035 4295 Et,
1055 4225 1085 4275 ut
1112 4220 1152 4275 ait
1168 4217 1353 4274 Ambrosius:
