2880 4942
255 324 299 379 DE
326 323 390 379 NON
416 322 569 378 alnetus
594 326 711 381 MORTE
738 327 777 381 ET
804 323 1013 380 tolrlrrltbe
1041 324 1194 379 oflhlsro·
1311 332 1343 386 st

102 432 236 521 operatio
249 432 315 491 vitae
329 434 393 506 post
408 436 540 501 mortem,
553 431 582 491 id
597 437 641 490 est
651 433 699 491 ille

103 512 191 566 timet
205 508 328 563 moriem
344 502 394 575 qui
418 520 474 561 non
496 508 579 578 putat
604 522 635 562 se
655 505 698 561 ri-

103 596 175 639 vere
195 583 262 651 post
291 582 424 633 mortem.
440 575 489 632 Vis
513 575 608 633 seire?
628 579 699 634 Ecce

103 651 276 735 frequenter
291 646 423 705 homines
437 663 553 720 gravem
568 648 697 705 dolorem

103 725 259 797 patiuntur
282 719 312 776 iu
327 718 506 787 infirmitate,
521 724 550 775 et
564 736 620 776 uon
636 736 697 776 mo-

104 794 235 860 riuntur;
265 796 294 848 et
323 797 420 848 tamen
452 789 543 861 magis
571 791 696 847 conteuti

104 870 174 922 sunt
183 879 301 938 gravem
311 863 387 919 hune
397 861 523 918 dolorem
533 861 591 933 pati
599 869 626 919 et
638 879 696 919 non

103 935 191 994 meri.
212 935 300 992 Vides
328 950 409 1005 ergo,
436 932 503 1004 quia
531 950 588 989 nou
615 934 698 990 dolor

103 1006 220 1075 mortis,
241 1006 293 1063 sed
311 1021 389 1062 mors
410 1003 473 1076 ipsa
489 1003 616 1061 timetur.
633 1026 647 1055 »
664 1008 697 1061 Et

103 1079 213 1137 iterum
230 1094 237 1133 :
252 1100 266 1130 s
282 1077 335 1145 Qui
348 1076 431 1132 malae
446 1075 628 1133 conscientiae
643 1081 696 1146 est,

103 1165 222 1222 semper
234 1147 426 1221 pusillanimis
439 1163 472 1204 ae
482 1146 598 1203 timidus
611 1155 653 1204 est
663 1168 670 1202 :
679 1168 694 1198 >i

103 1222 171 1279 haec
185 1222 403 1290 chrysostomus.
420 1219 500 1276 Unde
520 1217 560 1275 ait
574 1221 696 1276 Seneca:

106 1314 124 1344 n
146 1291 285 1349 Timidum
306 1307 363 1347 neu
391 1290 458 1346 lacit
479 1289 623 1359 ariimum,
642 1289 695 1346 nisi

103 1363 340 1436 reprehensibilis
360 1362 424 1418 vitae
443 1361 617 1418 conscientia
637 1378 696 1418 ma·

103 1433 133 1492 la
148 1451 157 1490 ε
172 1456 189 1485 a
204 1435 267 1490 haee
291 1437 402 1491 Seneca.
421 1433 463 1491 Sit
480 1449 549 1503 ergo
568 1433 619 1490 tibi
641 1433 697 1489 sin·

102 1505 215 1635 ἕως
240 1511 270 1561 et
290 1504 522 1577 superexcessiva
542 1504 647 1561 fidncia
665 1505 695 1560 in

147 1576 220 1633 risio
247 1583 276 1632 et
298 1578 359 1648 ejus
378 1575 527 1647 promissis
545 1584 574 1632 et
590 1576 694 1646 verbis,

102 1646 224 1706 inomni
241 1647 366 1718 periculo
383 1653 411 1702 el
425 1647 530 1715 dnbio;
548 1652 575 1703 et
592 1647 620 1704 in
636 1664 698 1703 em-

103 1719 135 1776 ui
150 1718 310 1790 iuopiacor
320 1717 503 1775 ineffabiliter
513 1734 693 1787 assesurans,

103 1790 146 1847 ita
155 1790 244 1862 quod,
262 1790 285 1845 si
301 1790 397 1846 omnia
411 1795 505 1845 castra
520 1790 693 1858 daemonnm,

103 1866 135 1919 et
149 1866 214 1919 tota
225 1877 371 1934 synagoga
387 1863 576 1933 peccantium,
587 1878 619 1917 ae
634 1868 695 1917 tota

103 1937 222 1990 caterva
245 1933 453 1989 mundanorum
476 1931 645 2005 sapientium
667 1938 695 1988 et

105 2003 281 2078 principium
295 2011 322 2061 te
340 2003 499 2071 obsideant,
515 2005 622 2060 habeas
637 2020 695 2059 oni·

103 2091 159 2132 nes
184 2090 236 2147 pre
256 2076 333 2132 inmo
354 2075 472 2143 volatili,
489 2081 517 2131 et
531 2091 583 2147 pro
599 2082 694 2146 stupa,

102 2151 134 2204 et
158 2163 212 2218 pro
236 2163 338 2218 spuma
366 2146 464 2217 gracili
485 2153 512 2202 et
538 2146 615 2201 inani
632 2164 638 2213 ;
654 2152 693 2214 et,

104 2215 130 2274 si
145 2217 176 2273 iu
200 2217 340 2290 primipio
362 2217 528 2274 tentationis
547 2217 627 2273 tortis
651 2217 663 2271 l
683 2249 693 2257 ·

104 2288 175 2356 eris,
184 2296 284 2360 postea
299 2288 391 2345 iniens
402 2288 476 2344 vinci
489 2289 606 2361 poteris.
616 2291 694 2345 Umle

104 2361 314 2443 chrysostomus
329 2380 337 2416 :
354 2383 369 2411 n
383 2360 484 2418 Omnis
497 2360 625 2432 operatio
642 2360 695 2415 ini-

102 2431 171 2488 mici
195 2431 260 2487 talis
286 2438 338 2488 est.
367 2431 510 2503 imprimis
533 2431 638 2503 gravis,
665 2437 694 2488 et

102 2503 165 2561 iere
189 2502 378 2559 intolerabilis
403 2510 447 2559 est
473 2503 595 2574 impetus
611 2504 691 2575 ejns;

102 2574 155 2631 sed
181 2574 204 2630 si
229 2574 293 2645 quis
318 2574 384 2630 lorti
404 2573 500 2630 auimo
523 2573 693 2630 sustinuerit

101 2644 196 2713 illum,
212 2645 338 2702 serundo
352 2644 477 2702 inveniet
492 2661 557 2702 eum
571 2645 693 2701 infirmi-

101 2732 184 2774 orem
197 2734 205 2785 ;
218 2724 247 2773 et
257 2721 363 2788 quanto
380 2718 443 2788 plus
457 2733 640 2787 repercussus
653 2718 666 2772 l
684 2748 695 2757 -

101 2786 169 2859 erit,
189 2793 268 2843 tante
285 2787 375 2859 magis
392 2788 528 2860 frigescit.
547 2789 625 2844 Unde
641 2804 693 2859 pn·

100 2863 132 2915 to
149 2858 180 2915 in
193 2858 438 2931 persecutionibus
455 2859 693 2928 Christianorum,

103 2929 129 2987 si
149 2929 292 3003 imprimis
314 2931 429 3000 quando
445 2932 693 3002 comprehendun-

101 3006 160 3069 tur,
182 3018 240 3058 non
261 3001 463 3072 denegaverint
489 3002 591 3070 territi,
609 3002 694 3058 nullis

103 3078 241 3146 poterunt
253 3080 352 3144 postea
361 3073 434 3129 vinci
450 3073 613 3141 doloribns;
626 3073 695 3144 quia

103 3144 238 3202 diabolus
252 3161 307 3200 nou
316 3150 426 3202 tantum
436 3146 523 3202 habet
531 3145 650 3201 terreris
661 3163 668 3200 ι
678 3166 692 3195 n

102 3216 166 3273 haec
181 3218 404 3285 Gtirpsostomns.

137 3292 155 3343 ὅ
170 3289 296 3344 Ssennnn
308 3306 398 3355 namo,
411 3305 444 3344 rx
458 3305 692 3344 cossmennmonu

101 3375 204 3415 omnia
223 3376 393 3427 rassermis,
413 3378 474 3422 oum
490 3377 557 3415 soon
575 3378 695 3415 pinarol

102 3447 162 3487 usr.
174 3431 346 3487 -Sernoda
355 3430 426 3486 ratio
436 3437 478 3487 est
490 3448 522 3488 ex
534 3431 695 3488 considera-

101 3501 293 3559 tionedivinae
309 3503 455 3573 potentiae,
466 3502 532 3573 qnia
542 3505 615 3558 bens
630 3507 692 3573 pot-

101 3577 148 3630 est
166 3579 308 3644 potestate
325 3573 481 3641 ordinaria,
503 3589 561 3630 non
582 3576 617 3631 ab
637 3573 693 3630 alio

101 3644 237 3716 delegata
251 3644 294 3700 rel
314 3644 463 3716 permissa,
479 3650 507 3701 et
522 3645 647 3701 animam
667 3650 695 3700 et

100 3732 209 3788 eorpus
227 3716 358 3787 perdere,
374 3717 449 3787 qnod
465 3717 527 3788 plns
542 3722 585 3772 est
607 3732 692 3788 quam

102 3803 209 3859 eorpus
236 3786 376 3842 occidere.
406 3789 485 3844 Unde
513 3788 604 3844 dicit:
638 3788 694 3845 Sed

98 3862 196 3931 potius
212 3874 271 3913 eum
280 3862 383 3927 timete,
393 3863 443 3929 qni
456 3866 542 3930 potest
555 3876 653 3930 eorpus
668 3865 693 3914 et

101 3932 227 3985 animam
249 3931 362 3999 perdere
385 3934 415 3985 in
439 3933 599 4000 gehennam.
628 3946 692 4002 quae

102 4006 145 4057 est
180 4016 259 4056 mers
293 4001 397 4057 animm
426 4008 544 4059 aterna.
577 4004 692 4058 hlamrm

101 4072 179 4129 euim
194 4072 404 4144 Omnipotentis
417 4074 610 4145 nulluspotest
623 4073 692 4130 ellu-

101 4158 181 4271 ἥατο,
202 4158 293 4213 neque
319 4144 407 4213 risus,
422 4161 513 4217 neque
530 4145 690 4202 defunctus.

126 4215 183 4271 nde
202 4214 232 4269 in
254 4215 448 4273 Ecclesiaste:
472 4220 557 4272 Denm
572 4221 648 4283 time,
666 4220 692 4271 et

102 4287 241 4343 mundato
261 4288 322 4357 ejus
347 4288 460 4345 observo
479 4311 488 4343 .·
509 4291 568 4359 hoe,
596 4288 625 4344 id
649 4291 692 4344 est

756 432 793 489 ad
811 432 876 502 hoc,
893 437 934 488 est
947 434 1035 488 omnis
1061 433 1148 489 hemo.
1164 432 1277 490 Nullum
1303 433 1342 491 si·

755 503 870 632 guidem
887 520 996 560 summe
1011 503 1074 576 pius
1087 504 1196 575 perdit,
1212 506 1261 560 sed
1276 520 1343 577 per-

775 592 823 633 ere
837 575 941 632 dicitnr
959 577 1073 647 quando
1088 592 1145 631 non
1163 578 1263 644 salvat,
1287 576 1342 634 sie·

756 654 786 704 ut
812 648 958 704 induravit
984 664 1029 703 eor
1050 649 1214 717 Pharaonis,
1235 647 1263 705 id
1287 653 1341 719 est,

755 736 812 774 nen
828 718 976 785 emollivit,
992 720 1041 775 sed
1055 719 1182 776 indurari
1199 720 1340 791 permisit.

755 792 790 847 Ut
819 797 912 847 autem
951 789 1020 846 dicit
1048 792 1205 860 Gregorius,
1236 807 1342 863 magna

754 861 892 918 securitas
927 867 970 918 est
1000 861 1070 916 nihil
1107 863 1207 919 timere
1236 870 1342 934 prater

754 936 854 1002 Deum,
870 939 899 988 et
915 934 1017 989 stultns
1040 933 1125 989 timor
1140 940 1192 1002 est,
1206 949 1261 1005 quo
1276 935 1341 1007 plus

755 1005 871 1060 timetur
883 1005 1007 1061 humana
1021 1003 1190 1075 indignatio,
1203 1021 1289 1077 qnam
1301 1005 1342 1062 di·

754 1076 829 1132 vina.
841 1078 922 1146 Nam,
934 1082 965 1132 ut
976 1075 1043 1132 dieii
1055 1076 1174 1147 Sapiens
1184 1095 1190 1131 :
1200 1077 1254 1144 Qui
1264 1080 1342 1133 timet

754 1149 899 1212 hominem,
913 1151 966 1202 etto
979 1155 1102 1213 commem
1117 1151 1166 1217 qni
1176 1157 1270 1204 antem
1282 1165 1342 1219 spe·

753 1224 798 1274 rat
831 1222 860 1273 in
894 1221 1018 1281 mantne,
1047 1220 1245 1273 snbtenobitnr.
1274 1220 1340 1289 Sed,

754 1289 940 1361 prohdolor!
958 1289 1341 1361 liodieanlultisplustime·

754 1367 800 1417 tur
827 1361 936 1417 ollensa
964 1361 1088 1416 hominis
1107 1376 1191 1431 qiiam
1223 1361 1283 1429 Dei,
1313 1365 1342 1418 et

753 1432 1340 1504 magisdamuumcerperisquamanimae.

752 1506 864 1561 iustum
890 1503 965 1560 enim
1000 1511 1043 1560 est
1068 1510 1097 1559 nt
1115 1504 1265 1560 timeamus
1286 1521 1343 1562 non

753 1577 890 1644 timenda,
907 1576 955 1647 qui
972 1575 1071 1632 timere
1087 1577 1220 1632 noluntas
1238 1576 1341 1633 limen·

752 1648 799 1704 da.
817 1648 896 1704 Unde
914 1651 1139 1718 thrpsostomns:
1156 1672 1169 1699 «
1181 1648 1250 1715 Quia
1265 1648 1342 1705 enim

752 1735 814 1789 quae
845 1726 1030 1790 oportetuon
1055 1720 1197 1787 timemus,
1227 1725 1344 1792 propter

752 1791 805 1846 hoe
820 1807 883 1861 quae
902 1808 959 1847 non
979 1797 1091 1862 eportet
1108 1792 1305 1847 lormidamus.
1328 1814 1340 1840 ι

751 1861 863 1917 Timore
883 1861 969 1931 igitur
984 1862 1080 1918 ninmli
1095 1863 1222 1932 expulso,
1238 1861 1342 1918 servite

752 1931 872 1988 Domino
886 1928 1146 2003 timoregehennat,
1158 1933 1249 1988 derlee
1261 1932 1342 1988 illum

751 2003 856 2059 raritas
869 2005 945 2058 toras
954 2007 1057 2067 mittat,
1067 2008 1253 2072 permanente
1262 2006 1341 2059 casto

752 2074 865 2141 timore,
891 2074 919 2128 id
946 2081 988 2129 est
1014 2075 1174 2129 reverentia
1198 2073 1259 2128 sine
1283 2074 1341 2130 llue

751 2148 809 2201 lleo
827 2145 995 2201 exhibentia.
1017 2148 1051 2200 Ul
1076 2143 1151 2200 euim
1177 2144 1245 2200 dicit
1263 2144 1340 2201 idem

752 2219 968 2286 chrysostomos,
980 2217 1008 2272 in
1028 2222 1129 2273 tratura
1144 2217 1250 2273 creavit
1265 2218 1340 2274 Deus

751 2290 851 2344 timere
866 2290 993 2346 rariialia
1006 2290 1091 2356 mala,
1104 2296 1133 2344 nt
1143 2306 1193 2360 per
1205 2289 1339 2346 timorem

750 2360 909 2417 carnalium
933 2360 1024 2433 magis
1051 2361 1202 2417 timeamus
1222 2361 1339 2432 spiritu·

750 2432 815 2489 alia.
834 2435 866 2487 Et
881 2432 1026 2490 soiendnm
1043 2434 1117 2503 qnod
1135 2433 1278 2505 multiplex
1295 2437 1338 2489 est

750 2504 845 2570 timor,
858 2505 963 2560 seilicet
976 2523 982 2559 t
999 2505 1151 2567 humanm,
1164 2505 1338 2573 mundanda,

750 2575 900 2643 naturalis,
917 2575 1037 2642 servilis,
1054 2574 1180 2643 initialis,
1199 2581 1227 2628 et
1243 2574 1338 2631 lilialis

750 2647 809 2702 sive
825 2653 928 2702 castus.
946 2649 1005 2701 lino
1019 2645 1100 2716 primi
1111 2650 1175 2699 snut
1191 2645 1268 2711 vitia,
1283 2645 1339 2701 duo

751 2716 841 2773 ultimi
856 2724 921 2773 suut
932 2716 1059 2782 virtutes
1070 2716 1125 2770 due
1138 2715 1221 2770 medii
1233 2731 1340 2787 necque

750 2791 828 2855 vitia,
843 2805 950 2859 necque
963 2788 1089 2844 virtutes.
1106 2819 1139 2828 —
1151 2790 1297 2843 llnmanus
1307 2786 1341 2844 ti·

750 2859 1337 2931 merilleestquoqnisabonodeclinatad

750 2932 866 2999 malum,
882 2933 989 2988 utvitet
1003 2932 1150 3004 corporale
1165 2931 1337 3002 periculum3

750 3004 823 3059 sicut
840 3006 939 3060 Pelrns
955 3003 1014 3075 qui,
1030 3021 1066 3060 ne
1080 3009 1200 3059 mertem
1213 3003 1337 3060 incurre-

750 3081 803 3142 ret,
830 3076 922 3131 Vitnm
950 3075 1075 3146 negavit,
1102 3075 1253 3130 immemor
1276 3075 1338 3146 ejus

750 3146 825 3218 quod
840 3146 969 3202 audierat
984 3163 1001 3202 a
1019 3147 1153 3217 Magistro
1171 3164 1177 3202 :
1193 3149 1284 3204 Nolite
1296 3148 1336 3201 ti-

749 3235 821 3273 rnere
834 3234 877 3272 eos
892 3223 941 3288 qni
956 3220 1082 3273 occidnut
1092 3233 1199 3287 eorpus,
1213 3221 1336 3274 enimam

749 3295 841 3344 etitem
850 3291 1164 3361 nonpossnntoeeidere.
1178 3319 1212 3328 —
1221 3288 1337 3343 llnnda-

751 3377 803 3415 nus
819 3360 903 3415 timor
920 3367 963 3415 est
982 3360 1040 3425 ille,
1065 3376 1121 3430 qun
1141 3357 1204 3427 quis
1225 3374 1242 3413 a
1261 3358 1336 3414 lione

749 3431 873 3486 destinat
888 3432 923 3485 ad
940 3431 1055 3496 malum,
1072 3434 1101 3485 nt
1115 3432 1181 3483 vitet
1197 3432 1338 3498 tempora·

749 3502 775 3557 le
796 3501 1005 3556 incommedum
1021 3499 1079 3555 sire
1094 3500 1244 3566 damnnm;
1265 3497 1339 3557 sieut

750 3574 876 3628 llerodes
904 3572 963 3643 qui,
985 3588 1019 3627 ne
1047 3586 1164 3642 regnum
1193 3570 1335 3642 perderet,

750 3648 917 3701 innoeentes
933 3643 1045 3709 occidit,
1066 3646 1125 3698 ittie
1141 3643 1283 3713 trepidans
1298 3646 1336 3700 ti·

749 3734 831 3777 mere.
848 3717 897 3771 nbi
909 3733 963 3771 nort
975 3719 1133 3770 erettimer.
1150 3744 1179 3755 -
1191 3715 1335 3774 Naturalis

749 3789 836 3844 timor
850 3791 894 3844 est
908 3787 966 3855 ille,
982 3803 1038 3859 qno
1053 3787 1173 3859 quilibet
1187 3789 1272 3844 hemo
1288 3804 1336 3845 na·

748 3859 880 3916 turaliter
894 3860 992 3916 horret
1007 3876 1129 3931 poenam,
1149 3865 1177 3915 et
1192 3860 1272 3915 timet
1285 3876 1336 3915 no·

749 3938 914 3988 rumentum
954 3937 1080 3987 nalnrm:
1114 3931 1186 3987 sient
1216 3937 1244 3986 et
1274 3929 1335 4001 ipse

749 4003 888 4071 Christus,
909 4003 944 4059 de
962 4020 1018 4073 quo
1033 4004 1146 4072 legitur,
1164 4001 1240 4072 quod
1254 4003 1334 4055 Jesus

749 4079 829 4145 cepit
842 4091 942 4145 ponere
965 4080 990 4128 et
1006 4076 1112 4133 tedere,
1127 4074 1287 4150 temristori
1308 4075 1334 4126 et

747 4152 857 4201 maestus
872 4163 936 4202 esse.
948 4144 1106 4201 —Servilis
1119 4143 1203 4197 timor
1218 4145 1262 4196 est
1273 4140 1332 4211 ille,

748 4233 805 4288 quo
819 4218 883 4288 quis
901 4217 980 4272 timet
995 4230 1123 4288 peecare,
1141 4215 1262 4293 'propter
1283 4226 1334 4283 ge·

747 4289 870 4346 hennam
895 4293 924 4344 et
945 4302 1002 4343 non
1022 4299 1120 4342 amore
1136 4287 1264 4354 justitiae,
1281 4282 1334 4341 aed
