2880 4942
125 341 172 397 236
486 342 596 398 lllllltll
623 343 740 398 PARTIS
767 341 870 397 utrm
898 340 1009 396 lxxvi

128 443 188 518 gui,
198 449 289 505 cesset
300 463 319 504 a
330 446 413 530 culpa
425 463 432 516 ;
445 462 498 504 nee
510 447 636 505 ollendat
648 462 714 504 eum

127 517 307 591 corripientis
326 524 441 588 caritas,
457 520 507 576 sed
523 520 639 592 propria
658 518 713 576 ini·

127 589 233 662 quitas.
251 593 302 648 Ubi
327 592 401 647 Bedo
422 609 429 648 :
452 613 467 642 o
491 593 579 660 Quam
611 591 714 648 misera

125 663 310 731 conscientia,
331 679 405 734 qliae,
423 663 520 720 audito
544 663 594 720 Ilei
616 664 713 732 verbo,

125 733 180 791 sibi
213 734 417 792 coutumeliam
446 735 509 792 fieri
541 742 639 806 putat,
665 742 713 804 et,

124 815 349 863 commemorata
368 822 453 878 poena
477 808 664 879 perfidorum,
684 824 714 863 se

126 893 239 949 semper
264 877 399 962 intelligit
425 895 488 936 esse
505 879 713 936 damnandam!

125 949 205 1005 Unde
224 949 293 1006 mihi
314 966 443 1022 meisque
466 951 605 1008 similibus
625 966 714 1008 unum

127 1023 434 1092 superestsuilragium
444 1022 563 1079 Domino
574 1039 636 1080 cnm
651 1027 716 1080 l'ro-

127 1093 214 1165 pheta
229 1093 388 1166 supplicare
406 1113 413 1151 :
433 1098 542 1152 Uttnurn
556 1097 717 1163 dirigentur

129 1167 181 1222 oie
199 1183 262 1223 mea
281 1167 319 1222 od
338 1168 531 1224 custodiendos
547 1168 717 1239 justificati-

129 1253 192 1294 ones
210 1244 289 1307 tnos;
309 1244 374 1295 tnnc
392 1256 445 1296 non
463 1241 628 1307 confundor,
648 1239 716 1296 dum

130 1309 281 1383 respiciam
303 1309 331 1367 in
350 1311 447 1368 omnia
462 1311 597 1367 mandata
609 1317 658 1368 tua
676 1329 683 1369 :
700 1331 714 1363 n

130 1381 191 1438 haeo
217 1383 302 1438 Beda.
332 1382 526 1441 communiter
554 1382 660 1440 Scriba
688 1387 716 1439 et

128 1452 297 1525 Legisperiti
320 1460 402 1511 erant
433 1454 564 1510 doctores
591 1453 620 1510 in
643 1456 716 1525 Lege

130 1524 303 1595 quaestiones
331 1526 413 1596 Legis
433 1525 592 1595 solventes,
615 1526 715 1582 Phari-

129 1595 179 1651 saei
198 1611 276 1663 vero,
293 1596 401 1653 scilieet
415 1597 578 1652 sacerdotes
597 1598 714 1654 Jndaeo·

128 1682 203 1735 rum,
219 1665 299 1722 divisi
328 1670 364 1724 ab
390 1667 463 1736 aliis,
479 1667 561 1740 quasi
589 1667 716 1740 religiosi

127 1737 306 1796 videbantur.
323 1740 461 1797 Dominus
488 1745 583 1797 autem
607 1740 715 1797 liberri-

128 1826 192 1867 mus
205 1810 338 1868 uiliorum
353 1816 507 1882 corrector,
523 1828 575 1869 nec
588 1812 716 1886 Legispe·

127 1881 248 1940 ritorum
270 1883 449 1941 altitudinem
477 1885 650 1954 verebatur;
666 1901 696 1941 se

127 1970 178 2013 eos
203 1955 360 2029 redarguit,
380 1955 447 2039 quia
475 1961 592 2029 peccata
614 1973 715 2014 eorum

126 2026 240 2100 publica
265 2033 294 2085 et
318 2029 467 2085 mamlesla
487 2035 578 2099 erent,
599 2033 627 2085 et
640 2028 714 2099 ideo,

130 2099 242 2172 publico
266 2117 316 2157 eos
340 2102 496 2172 arguendo,
515 2101 715 2158 contumeliam

130 2170 172 2228 eis
192 2187 248 2227 non
264 2171 395 2242 iaciebat,
412 2178 496 2244 prout
513 2172 567 2228 iste
585 2172 716 2300 Legispe·

129 2241 202 2298 ritus
219 2242 273 2298 silui
288 2245 460 2315 imponebat.
478 2244 532 2300 Sed
547 2260 601 2299 non
614 2260 653 2300 src
676 2261 716 2301 ro·

130 2312 175 2368 die
204 2313 294 2369 nostri
321 2315 444 2385 majores
475 2314 589 2382 iaciunt,
611 2315 659 2387 qui
686 2315 714 2372 in

128 2383 297 2455 corrigendo
322 2401 460 2458 personas
473 2385 623 2457 accipiunt.
636 2387 714 2444 Unde

128 2457 301 2525 Augustinus
319 2477 327 2512 :
344 2457 467 2514 «Nostri
485 2456 637 2530 principes,
651 2475 714 2516 cum

127 2543 268 2602 pauperes
295 2529 493 2601 delinquentes
526 2529 639 2602 publice
667 2548 713 2588 ar·

125 2605 250 2674 guantet
259 2602 445 2671 confundant,
459 2601 593 2658 divitibus
605 2604 713 2673 majora

126 2672 320 2745 peccantibus,
334 2690 385 2731 nec
398 2679 498 2731 nutum
513 2675 628 2731 iaciunt.
642 2677 713 2743 Qua·

124 2749 241 2817 proptor
256 2747 440 2816 Anaxagoras
455 2747 533 2817 leges
552 2746 710 2819 principum

125 2815 190 2873 letis
221 2831 392 2873 aranearum
424 2819 617 2889 comparabat,
648 2834 711 2889 quae

126 2886 239 2943 minora
262 2886 398 2943 animalia
412 2887 537 2959 capiunt,
554 2895 582 2944 et
602 2889 711 2960 majora

123 2957 330 3015 transmittunt.
358 2978 373 3008 »
399 2959 478 3014 Unde
502 2964 530 3015 ot
553 2961 710 3029 chrysosto-

125 3045 186 3085 mus
202 3046 209 3084 :
226 3048 239 3081 11
256 3028 285 3086 Si
309 3028 443 3102 possibile
468 3034 543 3086 esset
562 3029 590 3087 in
609 3030 710 3088 divites

124 3100 277 3158 vindiciam
297 3101 460 3174 procedere,
479 3101 591 3159 videres
615 3119 648 3158 ex
669 3102 711 3160 eis

124 3173 229 3246 repleri
250 3189 379 3230 carceres
398 3172 562 3243 universos,
581 3174 631 3231 sed
647 3190 710 3232 cum

124 3245 258 3303 omnibus
275 3245 334 3302 suis
353 3247 407 3303 hoc
426 3246 531 3304 malum
550 3248 657 3303 liabent
670 3247 711 3304 di·

126 3316 210 3386 vitia,
227 3319 302 3391 quod
318 3317 346 3375 in
362 3317 538 3390 malignitate
562 3325 710 3391 peccantes

124 3389 160 3446 ab
184 3390 340 3447 ultionibus
364 3395 474 3447 eruunt,
492 3411 504 3441 u
527 3391 605 3447 Unde
624 3391 709 3448 etiam

127 3464 255 3520 Valerius
272 3465 415 3520 Maximus
437 3465 545 3532 narrat,
581 3463 638 3520 uod
657 3465 709 3520 So-

123 3541 216 3591 crates
230 3533 329 3591 ridens
344 3550 431 3591 unum
454 3533 517 3591 duci
540 3479 709 3606 1351511111-

121 3603 200 3661 dium
212 3605 283 3673 risit,
291 3612 319 3662 et
330 3605 524 3677 interrogatus
533 3623 583 3662 cur
592 3607 709 3675 rideret,

122 3676 269 3748 respondit
293 3693 300 3732 :
327 3677 414 3734 Video
439 3693 558 3749 magnos
584 3678 710 3735 latrones

120 3747 257 3803 ducentes
283 3762 401 3818 parvum
425 3747 565 3806 latronem
589 3750 625 3805 ad
652 3765 711 3806 sus-

120 3817 266 3891 pendium.
285 3816 393 3875 Minuta
418 3819 568 3888 sacrilegia
587 3820 710 3892 puniun-

119 3896 185 3960 lur;
206 3890 256 3946 sed
280 3905 384 3961 magna
403 3889 554 3962 triumphis
571 3891 709 3948 extollun-

120 3967 176 4019 tur.
199 3962 277 4018 Unde
296 3965 325 4018 et
341 3962 537 4031 Augustinus:
558 3984 572 4013 «
591 3963 712 4019 Remota

116 4033 239 4107 justitia,
257 4033 324 4106 quid
340 4039 406 4090 suut
420 4049 520 4115 regua,
535 4032 589 4089 nisi
606 4050 710 4105 magna

121 4105 295 4166 latrocinia?
317 4112 345 4162 el
364 4104 524 4173 latrocinia,
538 4105 607 4178 qrrid
632 4112 709 4176 sunt,

120 4176 174 4234 uisi
193 4194 281 4250 parra
307 4179 419 4250 regnal
435 4197 448 4230 u
474 4179 540 4234 ldoo
566 4177 710 4248 eleganter

119 4253 148 4306 et
163 4249 303 4306 veraciter
328 4250 487 4308 Alexandro
513 4251 615 4321 llagno
643 4249 708 4322 qui·

120 4319 185 4386 dem
211 4320 304 4393 pirate
328 4324 568 4403 comprehensus,
587 4336 652 4379 cnm
672 4322 708 4380 ab

753 1885 857 1944 ,hodie
872 1883 903 1940 in
923 1900 979 1940 una
996 1882 1120 1951 ciuitate,

771 462 805 503 eo
819 444 928 504 interro
948 448 1012 502 atus
1025 442 1096 517 quid
1112 443 1170 502 sibi
1186 448 1219 502 ut
1231 458 1315 502 mare
1328 445 1366 503 in·

770 519 875 576 testum
897 461 1040 575 peieret?
1056 515 1105 573 llle
1130 515 1226 574 libera
1240 534 1312 575 voce
1326 534 1366 576 re

770 591 907 663 spondit:
928 589 1000 658 Quid
1025 587 1076 646 libi
1099 592 1129 644 ut
1156 590 1262 647 orbem
1277 595 1364 647 terra·

770 664 853 721 rum?
879 663 944 730 Sed,
964 660 1031 734 quia
1052 676 1106 732 ego
1125 661 1233 733 exiguo
1251 661 1363 734 nauigio

771 734 856 804 lacio,
872 734 945 792 latro
974 749 1076 801 rocor;
1106 734 1175 804 quia
1201 736 1234 790 tu
1262 749 1365 807 magna

771 808 871 876 classe,
891 807 1056 878 imperator.
1077 807 1112 861 Et
1133 820 1240 861 revera
1260 805 1300 863 sic
1323 810 1364 862 est

771 879 844 936 lieul
861 883 890 935 et
904 878 1009 935 hodie:
1027 892 1093 933 nam
1109 875 1240 934 minores
1252 882 1282 934 et
1297 894 1362 950 puu-

772 967 854 1022 peres
870 967 920 1021 pro
930 948 984 1007 lovi
995 947 1227 1020 transgressione
1238 950 1362 1021 graviter

771 1023 939 1094 puniuntur,
962 1021 1011 1077 sed
1036 1021 1161 1092 majores
1183 1024 1212 1077 et
1232 1027 1362 1092 potentes

772 1094 858 1151 etiam
876 1110 927 1166 pro
945 1092 1110 1149 enormibus
1118 1090 1190 1148 nihil
1201 1094 1360 1164 patiuntur.

772 1168 826 1224 Sed
842 1182 899 1222 non
913 1165 1080 1247 glorientur,
1096 1163 1164 1236 quia
1181 1163 1210 1220 in
1227 1164 1361 1236 praesenti

771 1237 813 1294 sio
827 1239 922 1294 inlacu
938 1241 1123 1308 permanenl;
1136 1251 1203 1291 narn
1220 1236 1251 1292 in
1268 1237 1360 1294 lutuno

772 1326 872 1382 portas
887 1309 998 1366 debitas
1018 1324 1082 1364 cum
1107 1323 1194 1364 usura
1210 1307 1360 1381 recipient.

772 1385 849 1439 Tune
861 1380 1034 1453 potentibus,
1046 1379 1093 1451 qui
1105 1378 1152 1435 hie
1166 1384 1195 1436 et
1209 1395 1361 1451 perperam

792 1469 912 1527 auperes
927 1452 1094 1508 innocentes
1105 1450 1285 1521 judicabant,
1301 1451 1360 1508 nul·

771 1470 831 1582 funi
852 1525 906 1582 erit
925 1522 1136 1591 consistorium,
1149 1522 1260 1579 nullum
1274 1523 1362 1580 tribu·

773 1598 839 1668 nal;
856 1597 906 1654 sed
919 1612 1014 1652 coram
1029 1594 1085 1651 illis
1102 1598 1170 1651 tuno
1181 1594 1292 1666 J'udicio
1307 1601 1360 1652 sla·

772 1669 854 1737 bunt,
870 1685 940 1741 quos
967 1667 1012 1724 hio
1032 1683 1082 1724 suo
1104 1682 1241 1738 perverso
1254 1667 1359 1737 judicio

772 1742 879 1798 nedum
891 1738 1125 1813 judicabant,sed
1138 1743 1167 1794 et
1178 1737 1283 1810 saepius
1293 1755 1359 1796 con·

773 1812 993 1869 demnaltant.0
1018 1816 1087 1883 quot
1114 1809 1264 1938 induenti?
1288 1810 1360 1867 ssnnt

1155 1897 1234 1953 equi
1258 1898 1359 1940 nsnon

773 1961 848 2013 esset
871 1955 985 2023 mirum,
1001 1954 1024 2011 si
1048 1953 1110 2026 ipsa
1132 1958 1161 2009 et
1181 1956 1242 2010 lota
1268 1953 1360 2027 patria

771 2028 950 2100 redigeretur
967 2026 996 2082 in
1018 2024 1153 2082 nillilnml
1170 2024 1261 2081 Aliter
1281 2026 1359 2083 enirn

768 2100 899 2172 judicant
920 2105 1052 2155 extraneo
1079 2112 1164 2169 quam
1190 2097 1359 2168 domestico,

772 2171 855 2228 aliter
870 2171 972 2227 minori
987 2185 1072 2242 quam
1083 2167 1196 2240 majori,
1211 2167 1298 2226 aliter
1309 2185 1359 2242 per

772 2259 886 2300 carnem
900 2244 1051 2315 conjuncto
1066 2256 1152 2313 quam
1168 2247 1290 2309 remoto,
1307 2240 1358 2298 ali·

771 2319 815 2372 ter
831 2315 945 2387 pauperi
962 2329 1046 2384 aluam
1058 2311 1136 2368 diviti
1149 2331 1157 2381 3
1174 2312 1251 2384 quod
1266 2312 1357 2369 omni·

771 2404 808 2444 no
824 2393 852 2443 et
867 2385 1016 2443 manilesle
1029 2390 1072 2441 est
1082 2390 1181 2441 conlru
1193 2385 1299 2455 Legem
1308 2384 1358 2441 Uei

770 2458 910 2515 altissimi.
929 2457 1039 2514 Nullam
1052 2455 1156 2528 quippe
1173 2456 1266 2526 legem
1285 2456 1357 2513 scri·

769 2539 848 2603 ptam
877 2532 906 2585 in
932 2528 1087 2602 judicando
1114 2526 1280 2598 respiciunt,
1307 2529 1357 2586 sed

770 2602 924 2659 secundum
942 2600 1107 2657 allectiones
1124 2598 1216 2655 rarius
1231 2615 1305 2670 quas
1320 2600 1356 2656 ad

770 2673 897 2731 divorsas
914 2688 1051 2745 personas
1065 2672 1182 2739 habent,
1198 2671 1357 2729 sententias

768 2746 861 2802 uarias
873 2745 1028 2827 proterunt,
1046 2742 1190 2799 diceutes:
1204 2744 1245 2799 sie
1260 2742 1357 2800 volsis

768 2817 838 2874 mihi
853 2818 985 2885 videtur;
1003 2832 1055 2873 nee
1070 2814 1231 2883 dicuntsic
1251 2814 1296 2871 rel
1315 2814 1356 2872 sic

766 2889 796 2946 in
819 2891 893 2961 Lego
919 2887 1056 2970 scriptum
1082 2888 1226 2967 liabetur.⁸
1244 2886 1358 2954 Quanta

766 2966 861 3019 autem
884 2960 958 3018 mala
977 2957 1114 3031 rojuslitia
1133 2957 1258 3025 inducit,
1278 2964 1357 3030 patet

767 3048 800 3089 ex
814 3031 897 3090 bonis
910 3048 974 3105 quae
986 3029 1097 3102 justitia
1109 3028 1185 3085 tacit.
1196 3031 1237 3086 Ue
1252 3029 1356 3101 quibus

768 3106 923 3175 Cyprianus
943 3103 984 3160 sic
1004 3102 1044 3159 ait
1064 3119 1070 3158 :
1090 3121 1104 3154 o
1128 3100 1244 3158 lustitia
1267 3101 1354 3185 regis,

766 3191 819 3248 pax
848 3176 1033 3248 populorum,
1068 3177 1196 3230 tutamen
1231 3178 1355 3244 patriae,

766 3247 861 3304 unitas
886 3246 988 3320 plebis,
1011 3248 1218 3302 munimentum
1248 3245 1355 3316 gentis,

767 3335 835 3376 eura
847 3318 1028 3391 languorum,
1042 3316 1177 3389 gaudium
1192 3316 1354 3385 hominum,

766 3391 919 3462 temperies
934 3388 1031 3459 maris,
1047 3387 1122 3446 aeris
1135 3387 1287 3455 serenitas,
1300 3394 1355 3445 ter-

766 3479 806 3519 rm
831 3462 1011 3530 l'oecunditas,
1035 3459 1166 3517 solatium
1185 3474 1355 3531 pauperum,

767 3534 909 3591 hereditas
923 3533 1058 3602 liliorum,
1072 3530 1278 3603 otsibimetipsi
1289 3547 1356 3603 spes

766 3606 869 3663 luturae
889 3604 1072 3662 beatitudiuis
1094 3621 1132 3659 :u
1155 3604 1222 3685 haec·
1236 3604 1356 3674 depr-to·

766 3693 828 3733 nos.
838 3679 944 3734 Horum
958 3675 1086 3733 omnium
1098 3679 1243 3731 contraria
1257 3677 1358 3732 limen·

767 3748 803 3805 da
817 3754 844 3804 et
859 3748 1047 3819 exspectanda
1062 3751 1128 3803 sunt
1140 3746 1176 3803 do
1193 3745 1355 3818 injustitia;

767 3818 834 3892 quia
851 3818 880 3876 in
900 3822 973 3891 Lege
997 3818 1091 3876 Veteri
1118 3822 1147 3876 et
1173 3817 1356 3891 Evangelica,

767 3891 871 3962 legitur
889 3891 1009 3964 populus
1023 3889 1139 3963 punitus
1152 3895 1269 3962 propter
1281 3890 1358 3948 mala

764 3963 880 4036 judicia.
897 3966 940 4033 m,
967 3963 1037 4020 heul
1056 3961 1193 4034 injustitia
1217 3966 1246 4018 et
1265 3961 1357 4019 malo·

767 4051 830 4092 rum
850 4034 1036 4095 consuetudo.
1059 4033 1090 4090 in
1110 4031 1206 4090 mullis
1225 4033 1307 4102 locis,
1327 4035 1357 4090 in

767 4112 879 4164 lantum
901 4105 1033 4175 excrevit,
1047 4104 1123 4177 quod
1142 4105 1186 4160 rix
1202 4104 1356 4177 exstirpari

767 4177 866 4251 possit.
888 4177 978 4242 Unde,
996 4176 1065 4249 quia
1085 4175 1161 4234 mala
1177 4176 1357 4234 cousuetudo

768 4249 857 4307 multa
871 4248 946 4304 mala
960 4248 1082 4316 inducit;
1100 4248 1164 4305 ideo
1183 4248 1257 4321 apud
1275 4250 1357 4305 Lon-

766 4320 909 4395 gobardos
924 4319 1115 4381 communitor
1127 4319 1182 4378 diei
1197 4319 1356 4386 consuevit,
