2880 4942
137 366 169 424 82
522 358 633 412 l‘lllllld
659 355 780 411 Plnlls
806 354 911 409 claun
938 355 995 410 tvl

136 472 167 529 id
185 474 230 528 est
247 472 399 543 postquam
413 462 500 536 coepit
516 466 644 521 loannes
657 480 729 537 pre-
784 461 864 519 Unde
876 464 912 544 ‘et
924 461 1105 517 Ambrosius:
1122 460 1192 520 c'llt
1205 461 1273 546 ideo
1288 462 1382 524 lacia-

59 556 70 567 ·
136 543 233 600 dicare
247 537 479 598 consecutionem
503 534 586 607 regni
601 535 730 593 coelestis
784 548 848 590 mus
857 549 914 589 rim
928 548 1017 602 regno
1031 531 1177 591 calorum.
1187 534 1289 592 Omnis
1300 535 1380 594 enim

135 611 572 688 perpoenitentiam,usqueuune
580 606 728 677 inclusive,
784 604 832 676 qui
848 604 906 660 rim
922 602 1000 673 lacit,
1016 604 1178 662 vehementi
1198 605 1294 663 studio
1311 622 1381 680 pro-

156 686 204 742 nia
218 690 331 755 tempus
345 679 456 754 gratia,
474 694 493 735 a
509 683 639 750 tempore
654 694 729 751 prae·
783 681 875 758 perat,
898 691 958 758 non
975 675 1100 758 torpenti
1115 677 1248 735 lentescit
1259 678 1378 753 allecta,

135 702 287 813 dicationis
310 750 429 810 loannis
456 749 632 820 inchoatum,
653 766 728 807 sem-
783 752 812 803 et
829 748 893 804 ideo
911 763 968 803 um
985 747 1104 803 iacimus
1119 754 1243 819 naturae,
1269 754 1301 807 ut
1319 766 1380 810 nnn

135 843 187 900 per
203 825 268 893 erit,
288 822 426 896 quamdiu
447 837 520 877 nuuc
541 820 596 878 dici
621 826 726 894 potest,
782 819 819 876 ad
834 824 950 901 terrena
962 819 1045 875 deme
1081 824 1121 889 at,
1134 821 1185 903 sed
1199 823 1235 878 ad
1251 837 1380 894 superna

134 904 164 956 et
178 913 269 969 nsque
287 895 325 952 ad
350 894 440 951 llnem
467 892 567 950 mundi
588 892 726 962 durabit3
783 906 814 946 se
829 892 968 961 subrigat.
983 910 998 943 u
1012 891 1054 946 Un
1077 896 1191 948 eetram
1206 894 1379 962 mutus:

131 986 247 1039 reguum
262 969 389 1025 celorum
400 968 457 1021 uim
470 968 580 1036 potitur
601 981 619 1021 a
633 964 727 1037 poeni·
783 982 797 1014 ι
807 962 877 1019 Cum
888 962 1304 1044 peccatoresadpoenitentiam
1314 965 1380 1023 red·

131 1041 271 1109 tentibus;
286 1044 312 1094 et
330 1039 455 1105 uiolenti,
480 1035 520 1091 illi
547 1035 656 1092 scilicet
717 1035 726 1092 i
782 1039 860 1099 eunt,
875 1049 958 1104 quasi
970 1049 999 1089 ιιι
1009 1032 1103 1090 locum
1116 1034 1242 1093 alienum
1257 1036 1377 1107 intrant,

132 1128 190 1170 non
205 1111 339 1168 videntur
352 1109 460 1165 hahere
471 1108 529 1179 jus,
543 1105 618 1164 sicut
630 1108 688 1180 pub
702 1107 724 1163 i·
782 1112 810 1161 et
834 1104 974 1162 violenter
993 1120 1112 1176 regnum
1136 1107 1274 1164 celorum
1298 1110 1379 1181 rapi·

133 1183 239 1241 caniet
255 1186 430 1254 peccatores,
446 1181 563 1251 rapiunt
579 1179 664 1245 titud,
682 1195 728 1235 ex·
781 1180 867 1232 unt.»
879 1178 911 1232 Et
922 1176 1043 1233 iterum:
1056 1196 1070 1231 (ι
1081 1178 1283 1249 Recogitemus
1293 1196 1375 1252 ergo,

132 1254 220 1312 elusis
240 1252 348 1312 scilicet
375 1250 443 1307 liliis
468 1249 561 1323 regni.
593 1250 617 1306 Α
638 1249 725 1306 simili
781 1247 1377 1320 fratrescarissimi,malaquaelecimus,et

132 1325 238 1383 dictum
258 1329 312 1393 est,
333 1322 406 1380 sicut
427 1321 451 1378 si
467 1320 584 1403 aliquod
602 1337 724 1447 repnuru
781 1319 972 1402 nosmetipsos
984 1318 1109 1403 assiduis
1120 1320 1255 1378 lamentis
1269 1327 1376 1381 attera·

132 1398 230 1455 datum
241 1401 315 1453 esset
327 1392 480 1462 extraneis,
495 1408 576 1464 quasi
589 1409 635 1448 uo
648 1398 725 1449 entra
780 1406 860 1447 mus:
872 1392 1059 1448 hereditatem
1067 1395 1303 1465 Justommquam
1314 1410 1374 1452 uon

131 1468 278 1525 rideretur
304 1463 404 1522 inlerri
428 1464 491 1535 ipso
515 1479 615 1534 regno.
645 1464 724 1520 Unde
779 1461 1376 1549 tenuimuspervitam,rapiamusperpoe·

127 1541 275 1595 Hilarius:
293 1557 308 1590 u
323 1541 446 1604 mgnum
458 1536 587 1591 culorum
600 1536 656 1590 uim
692 1551 722 1590 a·
779 1538 941 1590 nitentium.
961 1534 1027 1591 Vult
1043 1550 1061 1591 a
1087 1535 1171 1592 nobis
1189 1542 1374 1610 omnipotens

128 1613 208 1677 titur,
224 1607 292 1680 quia
308 1606 401 1679 gloria
417 1605 467 1661 Uei
487 1605 575 1662 lsrael
593 1552 723 1677 patribus
780 1607 855 1661 Deus
873 1605 959 1661 talem
975 1605 1139 1663 violentiam
1162 1610 1286 1680 perpeti,
1304 1623 1372 1666 narn

129 1679 237 1748 debita,
257 1695 275 1736 a
297 1676 448 1750 Prophetis
471 1676 675 1749 praenuntiata,
706 1693 724 1735 a
778 1691 899 1747 regnum
913 1676 1123 1758 coelorumrapi
1135 1677 1194 1735 vult
1207 1679 1373 1737 nostrislle·

131 1751 243 1811 Christo
267 1751 373 1818 oblata,
400 1748 456 1804 fide
480 1747 614 1804 Gentium
638 1764 722 1806 occu·
779 1747 865 1817 tibus,
879 1749 954 1820 quod
970 1754 1075 1805 nostris
1089 1748 1197 1806 meritis
1212 1767 1271 1808 non
1283 1752 1373 1809 debe·

151 1828 226 1891 atur,
253 1822 322 1880 dum
338 1836 400 1949 per
423 1819 619 1903 poenitentiam
636 1836 723 1892 quum
778 1822 835 1874 tur.
855 1840 871 1870 ιι
887 1820 966 1876 Unde
981 1824 1010 1876 et
1023 1821 1160 1876 Eusebius
1175 1837 1183 1877 ε
1201 1843 1217 1874 α
1232 1824 1294 1880 Νοιι
1308 1822 1372 1880 sine

130 1839 256 1953 §oannes
278 1910 337 1965 prae
358 1891 455 1960 ioavit,
479 1891 579 1947 lldeles
606 1891 642 1948 ad
664 1908 721 1948 coe-
778 1890 913 1947 violentia
927 1890 990 1948 fleri
1006 1895 1109 1962 potest,
1129 1896 1161 1949 ut
1175 1893 1297 1966 unusqui
1354 1908 1372 1952 e

129 1964 230 2023 lestem
246 1965 378 2038 patriam,
399 1961 479 2036 quasi
499 1962 635 2020 inlocum
652 1963 722 2020 alie·
777 1960 954 2019 iracundiam
976 1962 1127 2035 patientia,
1143 1965 1307 2036 superbiam
1340 1982 1372 2023 u·

123 2054 191 2095 num
208 2041 368 2110 penetrant.
384 2058 399 2087 ιι
425 2034 507 2091 Unde
520 2039 550 2091 et
563 2036 723 2104 chrysosto-
777 2032 898 2089 militate
926 2039 1092 2101 commutet,
1106 2051 1204 2093 amore
1219 2042 1372 2110 pauperta-

127 2126 207 2166 mus:
226 2108 340 2165 «Vides
354 2123 423 2179 ergo
445 2105 511 2177 quia
537 2121 657 2178 magnus
679 2111 723 2163 est
777 2103 815 2159 tis
829 2110 856 2161 et
872 2104 1037 2176 indigentiae
1051 2106 1228 2164 affluentiam
1241 2114 1368 2181 superet,

127 2182 264 2247 loannes,
276 2178 305 2235 in
320 2179 400 2250 cujus
423 2183 553 2246 tempore
569 2183 649 2233 tanta
659 2194 722 2248 gra-
779 2175 963 2256 vinolentiam
984 2177 1148 2248 sobrietate,
1164 2179 1304 2237 luxuriam
1320 2195 1370 2238 ca-

128 2249 169 2307 tia
185 2250 276 2306 eflusa
287 2253 331 2306 est
351 2263 437 2320 super
449 2254 575 2315 terram;
592 2253 621 2304 et
645 2249 721 2319 quod
778 2251 874 2327 sirtate
899 2254 1063 2318 commutet,
1079 2255 1108 2306 et
1124 2251 1209 2307 homo
1225 2251 1319 2309 subito
1339 2250 1368 2310 in

128 2319 159 2377 in
178 2320 279 2377 diebus
303 2319 430 2376 omnium
456 2319 662 2388 Prophetarum
681 2318 722 2375 ia·
776 2331 869 2374 urum
882 2318 1003 2375 alterum
1020 2324 1240 2392 transmutetur3
1257 2330 1286 2380 et
1298 2322 1369 2380 sica

128 2397 205 2449 ctum
215 2408 272 2448 non
286 2389 379 2460 est,in
389 2389 465 2446 illius
473 2394 603 2460 tempore
615 2390 720 2446 iactum
775 2388 883 2445 talibus
898 2405 949 2472 per
964 2391 1129 2449 violentiam
1149 2409 1270 2465 regnum
1284 2394 1369 2452 coelo-

126 2467 180 2532 est,
200 2469 229 2520 et
252 2463 314 2536 ipse
334 2463 426 2518 lactus
448 2464 493 2517 est
518 2461 619 2533 gratie
634 2462 720 2534 hujus
774 2476 838 2516 rum
851 2459 997 2543 diripitur.
1009 2484 1024 2514 ιι
1036 2464 1117 2521 Unde
1125 2465 1210 2522 etiam
1221 2464 1251 2522 in
1260 2466 1369 2524 collati·

126 2534 278 2592 minister:
300 2554 315 2589 ιι
330 2534 392 2591 haec
404 2535 623 2603 chrysostomus.
775 2547 830 2588 one
839 2532 951 2588 abbatis
960 2535 1280 2594 Abrobumsicdicitur:
1293 2538 1369 2595 «lte-

162 2628 193 2664 ιι
209 2609 280 2675 Quin
304 2624 346 2662 sir
361 2622 507 2662 vroueuua
530 2622 640 2662 nsanos
663 2621 717 2661 ecs·
772 2619 862 2676 gnum
877 2604 983 2662 etenim
1005 2605 1144 2663 coelorum
1165 2624 1222 2665 non
1243 2608 1365 2677 desides,

123 2694 213 2735 mauu
226 2678 350 2735 monna?
359 2706 393 2721 -
404 2679 430 2733 A
442 2677 539 2732 diebus
552 2693 620 2748 ergo
636 2680 720 2733 loan-
772 2690 830 2730 non
844 2675 968 2745 remissi,
982 2693 1039 2734 non
1048 2677 1172 2745 delicati,
1184 2695 1242 2735 non
1256 2680 1361 2751 teneri,

122 2752 167 2805 uis
187 2766 303 2819 regnum
317 2750 444 2805 culorum
463 2747 555 2820 patuit
570 2747 716 2820 poeniten·
773 2747 823 2802 sed
838 2746 954 2803 violenti
969 2747 1111 2820 diripiunt
1124 2766 1131 2817 ;
1147 2749 1195 2821 qui
1213 2766 1271 2807 non
1285 2751 1361 2822 aliis,

124 2819 210 2889 tibus,
238 2820 377 2890 aquibus
392 2822 450 2874 aim
465 2822 575 2889 patitur
601 2824 631 2875 et
658 2818 718 2875 rio·
771 2818 820 2873 sed
845 2817 949 2875 animae
967 2836 1025 2876 suae
1046 2822 1217 2902 preclaram
1234 2820 1364 2880 inierunt

124 2891 219 2948 lenter
231 2893 360 2963 rapitur:
377 2888 445 2960 qula
454 2888 563 2960 primus
577 2889 717 2961 poeniten·
770 2888 945 2960 violentiam,
976 2907 1053 2948 omni
1087 2908 1151 2949 eam
1179 2894 1363 2965 presentium

121 2963 190 3019 tiam
215 2960 391 3034 praedicavit,
416 2975 473 3032 qua
491 2961 567 3016 velut
590 2961 713 3032 quadam
769 2976 864 3017 rerum
880 2962 1024 3034 voluptate
1039 2964 1214 3021 fraudantes.
1232 2964 1281 3021 lsti
1292 2982 1362 3039 pro·

120 3032 256 3091 violentia
278 3049 330 3090 nos
344 3030 509 3104 attigendo,
529 3037 558 3088 et
582 3047 634 3104 pro
649 3048 714 3105 pec·
768 3031 842 3088 lecto
856 3040 923 3088 sunt
933 3033 1091 3092 laudabiles
1104 3034 1230 3104 violenti,
1241 3036 1289 3108 qui
1304 3036 1362 3094 rim

121 3104 192 3162 catis
207 3105 418 3170 satisfaciendo,
429 3118 551 3174 regnum
564 3105 711 3171 coelorum,
767 3103 876 3159 iaciunt
895 3105 1049 3175 perditioni
1066 3122 1135 3164 suae.
1162 3110 1253 3165 llomo
1269 3107 1358 3178 enim,

120 3174 202 3247 quasi
217 3176 343 3245 violenti,
366 3192 423 3232 non
443 3174 528 3248 pigri,
544 3174 671 3246 rapimus
684 3180 712 3232 et
768 3180 798 3230 ut
811 3174 947 3246 scriptum
964 3184 1017 3245 cst,
1038 3177 1067 3234 in
1082 3178 1231 3236 doloribus
1246 3179 1360 3238 laborat

119 3246 270 3306 intramus.
282 3250 306 3306 Α
319 3264 374 3319 quo
390 3247 466 3304 enim
490 3261 542 3318 per
563 3253 711 3319 peccatum
767 3245 832 3313 sibi,
846 3253 875 3303 et
890 3246 946 3303 vim
961 3248 1028 3304 lacit
1042 3249 1197 3321 perditioni
1205 3266 1276 3307 suae.
1294 3252 1362 3308 Per·

117 3317 202 3378 alieni
219 3320 283 3378 lacti
305 3336 414 3388 sumus,
440 3317 467 3374 vi
491 3323 520 3374 et
534 3317 637 3375 virtute
653 3335 712 3392 poe-
766 3316 838 3373 ditio
854 3324 953 3376 nostra
980 3326 1024 3376 est
1043 3320 1196 3378 oblectatio
1209 3322 1363 3394 praesentis

117 3390 245 3450 nitentiae
260 3391 454 3465 acquirimus3
476 3395 505 3447 et
520 3388 550 3446 id
565 3390 641 3462 quod
661 3406 712 3448 no-
768 3388 831 3446 vitae
857 3394 885 3446 et
910 3391 1040 3448 executio
1055 3391 1264 3449 desideriorum
1281 3393 1362 3452 volu·

119 3462 163 3519 bis
180 3464 294 3546 dejure
315 3480 373 3533 nop
398 3463 529 3532 debetur,
556 3462 655 3519 labore
680 3466 710 3519 et
764 3465 935 3533 ptatumque
953 3471 1126 3535 nostrarum,
1153 3480 1224 3536 quas
1250 3463 1274 3521 si
1297 3464 1362 3537 (puls

117 3532 252 3592 violentia
267 3534 404 3607 rapimus.
425 3532 511 3602 Quasi
525 3550 628 3605 rapere
644 3532 709 3605 qui·
764 3532 801 3588 ab
816 3533 914 3590 anima
929 3550 982 3591 sua
1000 3535 1174 3593 subtraxerit
1190 3551 1224 3593 ac
1236 3536 1364 3593 mortiti-

115 3603 181 3661 dem
196 3610 239 3661 est
253 3607 303 3663 uhi
318 3606 427 3663 nullum
440 3607 487 3675 Jus
513 3605 663 3671 habemus,
680 3609 709 3662 et
752 3603 882 3673 caverit,
897 3604 1054 3676 gloriosam
1075 3609 1201 3680 proiecto
1215 3611 1246 3665 et
1260 3607 1361 3665 utilem

116 3674 193 3745 quod
205 3677 380 3746 Angelorum
394 3680 438 3732 est
451 3676 594 3747 possessio
612 3677 709 3747 aequi·
763 3675 916 3746 perditioni
937 3693 995 3735 suae
1022 3678 1079 3735 vim
1106 3677 1184 3749 lacit,
1210 3678 1361 3752 abnegans

115 3760 190 3804 rere.
203 3747 264 3803 Non
280 3751 374 3817 potest
385 3746 463 3801 euim
479 3748 565 3804 homo
577 3751 663 3803 natus
677 3746 707 3803 in
763 3746 909 3803 dumtaxat
936 3748 961 3804 ei
998 3748 1208 3806 ucundissimas
1224 3749 1359 3809 volunta·

116 3820 194 3873 terra
212 3832 314 3888 rapere
340 3818 453 3884 coelum,
472 3816 528 3873 uisi
545 3816 599 3874 sibi
621 3815 709 3899 iaciat
764 3821 824 3873 tes:
844 3838 857 3871 ιι
878 3820 938 3876 haec
951 3765 1106 3878 abaham.
1118 3821 1284 3878 Secundum
1296 3824 1362 3879 Ber-

115 3886 291 3957 violentiam,
310 3888 467 3945 coercendo
482 3904 499 3945 a
513 3887 708 3946 delectationi·
761 3890 894 3960 nardum,
912 3891 1029 3963 quidam
1051 3907 1172 3964 regnum
1203 3891 1255 3949 Dei
1280 3908 1360 3949 mer·

116 3959 170 4017 bus
182 3959 329 4033 proprium
341 3958 497 4032 appetitum
511 3964 540 4016 et
553 3959 707 4033 subjugari·
761 3965 872 4029 cantur,
899 3966 931 4018 ut
950 3962 998 4034 qui
1015 3967 1178 4020 exercente
1218 3978 1251 4019 ra
1269 3962 1361 4021 mise·

113 4029 150 4088 do
165 4031 278 4104 spiritui
293 4046 408 4089 carnem
427 4046 517 4088 suam.
544 4030 625 4088 Unde
638 4033 705 4088 llis-
761 4030 903 4101 ricordiae,
916 4034 1127 4108 eleemosynam
1137 4040 1166 4090 et
1201 4035 1358 4106 ujusmodi.

114 4119 246 4174 roaymus
261 4124 270 4160 ε
284 4125 298 4158 r
313 4102 436 4162 Grandis
448 4107 492 4160 est
501 4101 638 4160 violentia
652 4120 705 4161 nos
759 4103 880 4171 Quidam
903 4105 1044 4176 furantur,
1064 4104 1160 4178 utqui
1182 4104 1293 4163 iaciunt
1306 4122 1360 4164 ec·

113 4171 145 4230 in
157 4181 235 4233 terra
249 4175 361 4248 genitos
375 4191 448 4244 esse,
464 4180 493 4232 et
509 4174 645 4232 coelorum
662 4191 704 4233 se·
758 4175 849 4232 cultas
868 4176 1061 4249 poenitentias.
1087 4176 1209 4246 Quidam
1230 4178 1361 4250 compel-

113 4243 178 4301 dem
197 4263 326 4319 querere
340 4265 347 4317 ;
363 4247 511 4321 possidere
535 4262 587 4320 per
613 4246 702 4304 virtu·
758 4246 857 4304 luntur
876 4248 996 4318 intrare,
1015 4254 1047 4306 ut
1063 4264 1206 4332 pauperes
1220 4264 1359 4307 necessa·

118 4319 700 4394 em‚quodnontenemuspernaturam.u
756 4317 803 4388 rii,
824 4335 884 4376 non
902 4319 1068 4379 voluntarii.
1083 4320 1205 4391 Qurdm
1225 4320 1357 4411 rapiunt,

83 4564 213 4640 Ᾰ
