2880 4942
409 369 449 421 Dll
477 368 605 423 DUOBUS
632 371 732 426 GAEDlS
759 373 797 426 ΕΤ
825 371 888 425 1]Νο
916 373 1019 427 llUTO.
1302 385 1332 439 35

104 474 519 545 manumllndepraedicatores
534 477 691 535 obtulerunt
713 477 715 519 Ι
745 478 878 534 munibus
897 485 925 534 et
940 479 1052 546 debitis,
1070 483 1117 539 ubi
1132 494 1193 542 crat
1207 505 1332 548 conveu-

104 548 223 605 Domino
235 548 369 603 hominem
376 552 492 615 mutum,
504 547 533 604 id
547 555 590 605 est
601 566 690 622 genus

104 619 267 686 humanum,
277 625 412 676 mutuma
423 619 598 677 confessione
610 621 689 693 fidei,

103 691 274 748 daemonium
300 691 453 747 habentem
473 696 502 747 et
521 692 691 750 idololatriae

101 761 239 819 deditum.
254 762 319 832 Sed,
335 763 418 832 ejecto
429 762 570 832 daemonio,
585 770 612 819 et
626 765 690 821 ido·

100 831 215 890 lolatria
233 834 343 902 relicta,
364 836 470 891 locutus
492 839 648 903 estmutur,
663 843 691 893 et

99 903 244 963 Christum
257 905 412 963 confessus.
430 908 485 961 Per
499 905 584 962 istum
602 909 690 965 etiam

99 983 225 1049 mutum,
244 977 373 1047 signatur
386 977 507 1049 quilibet
521 980 607 1035 bomo
625 995 690 1051 pos·

99 1062 195 1104 sessus
210 1064 228 1104 a
242 1048 371 1103 daemone
386 1065 437 1118 per
451 1053 598 1118 peccatum
612 1066 690 1107 mor-

99 1120 171 1176 tale.
200 1121 237 1174 Et
264 1119 367 1174 dieitur
392 1125 497 1190 mutus,
540 1122 587 1177 nia
612 1121 688 1195 loqui

102 1205 164 1247 non
178 1195 271 1261 potest
282 1189 444 1260 meritoric;
459 1191 507 1247 scd
520 1136 579 1248 geo
593 1209 692 1251 curan·

105 1259 160 1318 dus
174 1260 303 1328 offertur,
319 1261 432 1332 quando
444 1263 513 1332 justi
528 1279 626 1336 proco
640 1266 692 1322 de·

102 1338 269 1404 precantur,
294 1337 321 1388 et
345 1335 412 1389 tuno
429 1334 541 1392 daemon
569 1336 691 1408 ejicitur,

102 1405 220 1477 quando
248 1409 394 1475 peccatum
420 1406 507 1477 ipsius
530 1424 547 1464 a
569 1409 627 1466 Deo
642 1425 693 1480 per

100 1474 273 1534 infusionem
299 1477 397 1548 gratiae
422 1478 581 1548 relaxatur,
609 1486 693 1538 tunc-

101 1564 158 1620 que
172 1547 292 1604 solvitur
307 1548 367 1618 ejus
381 1546 487 1618 lingua,
502 1552 539 1608 ad
559 1553 694 1634 Deiprae-

101 1619 185 1676 conia
212 1619 407 1689 persolvenda.
433 1621 552 1688 Quando
576 1640 693 1682 curma

102 1690 234 1748 daemone
274 1706 324 1760 per
353 1700 500 1761 peccatum
534 1696 693 1766 possidetur

101 1763 176 1833 quis,
191 1762 215 1817 si
233 1768 424 1831 convertatur,
449 1770 478 1821 et
501 1766 538 1822 ad
556 1767 694 1837 poeniten-

104 1833 173 1890 tiam
188 1833 296 1899 redeat,
312 1849 375 1889 mox
393 1836 502 1893 ridebis
521 1844 631 1893 mutum
650 1839 693 1894 lo·

103 1911 249 1978 quantem,
267 1905 356 1960 Deum
376 1907 551 1965 laudantem.
564 1909 693 1977 seipsum

103 1983 295 2044 accusantem,
317 1981 345 2031 et
369 1978 518 2033 raritatem
538 1979 695 2049 praedican-

104 2048 694 2106 tem.Pharisaeiautemhoellaemoniorum

105 2118 225 2191 principi
252 2118 454 2187 attribuentes,
479 2128 546 2176 sunt
566 2120 695 2178 homines

105 2188 234 2262 maligni,
249 2191 325 2246 bona
349 2190 470 2245 aliorum
496 2192 651 2262 depravare
666 2198 696 2250 et

104 2269 267 2334 pervertere
282 2266 438 2319 studentes.
449 2263 586 2320 Dominus
598 2271 694 2322 autem

103 2348 163 2391 non
185 2333 339 2389 desistebat
363 2350 381 2388 a
401 2334 612 2404 praedicatione,
633 2353 695 2408 pro·

103 2411 167 2479 pter
181 2405 295 2460 illorum
321 2405 562 2477 depravationem,
590 2409 696 2467 docens

102 2492 156 2534 nos
169 2474 380 2533 accusatoribus
397 2479 502 2534 nostris
524 2479 694 2550 retribuere,

102 2563 162 2605 non
173 2549 376 2617 accusationes,
386 2551 435 2605 sed
452 2549 600 2608 beneficia.
616 2554 695 2609 Unde

101 2618 144 2678 cit
163 2621 392 2689 ctrysostomos:
413 2639 428 2673 n
452 2621 547 2677 Voluit
560 2622 696 2679 Dominus

102 2691 112 2748 i
147 2707 164 2748 o
190 2689 265 2746 iacto
286 2692 496 2748 accusationem
524 2693 696 2765 redarguere

105 2708 325 2826 sslsrarisaeorum.
340 2762 513 2820 dicentium:
526 2767 559 2820 ln
572 2768 698 2836 principa

104 2834 302 2891 demoniorum
316 2833 393 2903 ejicit
404 2837 563 2892 damonia:
584 2837 697 2893 daemon

104 2907 183 2963 enim
208 2907 365 2962 convitium
392 2921 489 2976 passus
509 2923 567 2964 non
583 2908 697 2965 beneia-

105 2976 155 3048 cit,
172 2977 222 3033 sed
248 2981 334 3033 nocet
353 2979 393 3033 eis
416 2979 465 3048 qui
490 2995 555 3035 eum
580 2981 698 3036 inhono-

103 3054 171 3106 rant
183 3065 190 3118 ;
209 3048 346 3104 Dominus
360 3055 455 3106 autem
468 3052 642 3106 contrarium
656 3051 697 3106 la·

105 3121 155 3190 cit,
181 3120 231 3192 qni
256 3127 318 3191 post
331 3122 452 3177 convitia
465 3127 495 3178 et
513 3123 699 3178 contumelias

105 3207 165 3247 non
183 3193 273 3248 solum
284 3208 342 3248 non
352 3192 471 3264 punivit,
489 3194 537 3249 sed
552 3195 636 3250 etiam
647 3209 698 3249 nec

104 3263 422 3336 increparit,quinimo
450 3263 588 3321 beneficia
623 3281 697 3336 pras·

106 3335 197 3391 stitit:
214 3354 228 3387 n
250 3336 312 3390 haec
334 3337 553 3408 chrysostomus.

144 3407 343 3464 6Pnnnrcarro
369 3425 401 3462 nr
413 3424 547 3463 ursanum
576 3406 697 3462 Cnmsri.

111 3505 147 3517 -
160 3477 239 3532 Unde
251 3480 378 3549 sequitur
392 3500 398 3534 :
413 3482 449 3534 nt
459 3477 593 3533 circuibat
611 3479 700 3543 lesus,

110 3546 167 3603 hoc
194 3553 236 3603 est
261 3555 361 3606 contra
390 3549 577 3622 negligentes,
611 3562 702 3604 omnes

108 3620 237 3677 ciuitmca
249 3627 274 3676 et
286 3622 412 3691 castello,
424 3621 453 3676 id
471 3629 514 3677 est
529 3618 625 3676 omnia
638 3619 703 3675 loca

108 3691 221 3762 majora
252 3697 280 3748 et
309 3695 441 3761 minora;
467 3692 521 3749 boc
544 3699 588 3749 est
600 3697 702 3748 contra

107 3763 237 3820 locorum
252 3764 298 3820 rel
312 3779 497 3835 personarum
523 3771 700 3835 acceptores.

107 3835 191 3892 Unde
219 3837 386 3908 Theophilus
413 3854 421 3891 :
448 3855 462 3890 o
484 3839 544 3893 Non
565 3839 655 3892 solum
672 3835 702 3889 in

109 3905 271 3963 civitatibus
291 3908 428 3964 Dominus
447 3908 630 3979 praedicabat,
652 3905 702 3962 sed

109 3978 197 4034 etiarn
213 3976 243 4033 in
257 3979 391 4047 castellis,
407 3987 438 4035 ut
457 3980 597 4036 discamus
617 3993 703 4050 parra

110 4047 174 4105 loca
202 4065 260 4104 non
293 4066 438 4120 spernere,
466 4067 559 4123 neque
585 4064 703 4121 magnas

110 4135 225 4190 semper
235 4136 363 4192 quaerere
371 4123 510 4193 civitates,
518 4123 568 4178 scd
582 4124 702 4200 verbum

110 4191 164 4248 Dei
180 4193 210 4247 in
225 4193 294 4248 vicis
312 4194 430 4264 abjectis
448 4201 477 4250 et
497 4193 601 4249 vilibus
615 4207 702 4247 semr-

110 4276 192 4320 nare.
209 4282 224 4316 n
249 4264 405 4335 Circuibat,
421 4267 537 4337 inquam
563 4265 661 4320 docens
673 4265 704 4318 in

109 4337 263 4409 amicpopis
277 4351 381 4409 eorum,
396 4337 426 4394 id
440 4342 482 4394 est
495 4337 525 4394 in
540 4307 611 4393 locis
624 4347 704 4392 com·

744 555 790 605 tus
802 549 960 614 homiuum,
976 567 1040 609 non
1058 555 1087 609 in
1102 555 1238 631 latibulis,
1259 563 1333 619 sicut

746 637 807 678 mos
821 627 863 676 est
875 621 1034 696 haereticis3
1046 629 1232 697 etpraedicons
1243 635 1335 690 Euon-

743 693 945 762 peliumrcpni,
974 696 1002 751 id
1027 703 1070 753 est
1090 699 1193 772 Legem
1214 705 1334 776 Noram,

745 780 809 835 quae
838 766 1000 823 immediate
1024 768 1100 825 ducit
1133 772 1169 827 ad
1200 789 1333 846 regnum,

746 836 821 962 Τιοά
837 851 895 891 non
919 836 1041 895 iaciebat
1062 841 1117 897 Lex
1143 844 1247 915 Vetus,
1277 864 1335 905 non

757 907 883 976 abulosa,
900 908 1023 977 inutilia,
1040 910 1083 967 rel
1096 915 1224 984 curiosa;
1240 923 1267 974 et
1286 936 1334 975 cu-

744 994 811 1034 rans
825 994 930 1035 omnem
944 982 1101 1050 languorem
1118 987 1268 1057 prolixum,
1285 991 1337 1061 qui

746 1049 811 1106 licet
824 1066 881 1106 non
892 1053 929 1106 sit
940 1067 974 1107 ex
988 1068 1017 1108 se
1030 1055 1148 1112 multum
1170 1059 1336 1134 vehemens,

746 1127 846 1194 gravat
859 1126 955 1178 tamen
972 1140 1005 1179 ex
1021 1125 1218 1199 diuturnitate,
1235 1136 1261 1187 et
1276 1148 1336 1188 om·

746 1209 808 1248 nem
828 1195 1028 1263 infirmitatem,
1048 1197 1157 1254 scilicet
1183 1202 1337 1259 vehemen-

748 1271 816 1335 tem,
831 1279 895 1335 quae
909 1273 1010 1337 gravat
1022 1282 1055 1322 ex
1074 1269 1211 1338 passionis
1225 1274 1336 1330 acerbi·

748 1339 826 1392 tate:
852 1343 960 1392 utnon
988 1353 1120 1394 sermone
1144 1347 1265 1413 tantum,
1286 1346 1337 1402 sed

748 1412 778 1463 et
792 1422 878 1476 opere
897 1409 1089 1478 persuaderet.
1109 1411 1149 1466 Ex
1172 1430 1228 1484 quo
1255 1422 1334 1487 patet

749 1478 839 1534 multa
852 1479 990 1536 miracula
1004 1480 1051 1538 hic
1066 1483 1094 1537 iu
1109 1484 1232 1554 quodam
1247 1503 1337 1559 geue·

748 1550 801 1606 rali
815 1552 957 1617 conclusa,
973 1552 1008 1607 ad
1020 1553 1266 1615 confirmationem
1283 1560 1338 1616 Le·

749 1621 791 1693 gis
807 1622 982 1694 Evangelicae
997 1639 1014 1680 a
1028 1624 1142 1681 Christo
1168 1627 1251 1687 lacta.
1283 1631 1335 1688 llic

749 1691 825 1747 enim
839 1702 983 1762 ponuntur
1003 1697 1138 1753 miracula
1153 1697 1183 1754 in
1198 1702 1338 1774 generali,

749 1764 816 1832 qnia
832 1766 905 1820 Euan
928 1765 1017 1822 elistae
1042 1783 1098 1823 non
1118 1774 1250 1839 poterant
1274 1788 1338 1830 om·

748 1835 801 1914 nia·
820 1834 893 1891 lacta
908 1783 1149 1917 ghristi'scribere
1167 1842 1194 1897 in
1210 1845 1337 1914 particu-

749 1903 813 1959 lari.
838 1907 918 1974 Nam,
943 1914 973 1962 ut
997 1907 1066 1963 dreit
1084 1911 1208 1967 loannes
1223 1935 1230 1969 ε
1247 1917 1340 1972 Multa

748 1976 808 2029 olio
833 1978 915 2044 sionn
938 1980 1004 2044 fecit
1028 1980 1116 2049 lesus,
1131 1996 1192 2050 qua
1210 1991 1342 2044 consuat

749 2048 855 2116 scripto
878 2050 909 2102 in
932 2049 1002 2104 libro
1027 2051 1085 2104 hoc.
1114 2051 1282 2110 Sicuteuim
1308 2057 1340 2113 in

749 2116 874 2173 Ecclesia
892 2118 1005 2184 legitur,
1023 2127 1052 2176 et
1064 2121 1168 2178 dicitur
1188 2124 1217 2180 in
1231 2127 1338 2198 llarty·

748 2189 876 2260 rologio:
892 2192 929 2245 Et
947 2192 1065 2247 oliorum
1080 2193 1262 2263 plurimorum
1274 2214 1341 2255 son·

747 2263 1343 2342 otorumdiortprumctdontessorurnntqua

747 2338 907 2389 sanctorum
924 2337 1092 2404 Virginnmr
1111 2339 1165 2394 hac
1178 2341 1288 2398 scilicet
1305 2343 1341 2400 de

749 2418 842 2473 causa,
862 2405 930 2475 qnia
945 2406 1063 2463 Carolus
1076 2410 1195 2481 Magnus
1214 2411 1280 2468 lecit
1293 2411 1341 2468 in·

749 2477 825 2546 quiri
848 2475 1001 2548 diligenter
1023 2479 1117 2535 obitus
1134 2486 1162 2536 et
1176 2488 1256 2537 actus
1269 2485 1342 2539 llar-

749 2555 854 2618 tprum,
870 2554 899 2602 et
917 2549 1038 2604 aliorum
1059 2551 1239 2619 Sanctorum,
1255 2560 1284 2609 et
1295 2555 1340 2609 in·

750 2624 866 2672 rentum
886 2625 928 2673 est
951 2620 1028 2689 quod
1045 2619 1144 2676 diebus
1160 2621 1278 2693 singulis
1293 2640 1341 2681 oc·

752 2687 906 2743 currebant
927 2691 991 2760 plus
1011 2705 1096 2759 qnam
1113 2698 1239 2749 trecenta
1258 2693 1339 2767 lesta,

753 2765 868 2829 propter
882 2761 958 2831 quod
971 2765 1107 2818 statutum
1123 2769 1176 2832 est,
1193 2770 1224 2820 nt
1239 2765 1269 2821 in
1282 2765 1341 2824 fine

752 2831 957 2904 martyrologii,
973 2834 1095 2890 addatur
1119 2835 1245 2893 clausula
1263 2854 1341 2909 prae-

753 2904 838 2965 dicta,
853 2908 884 2958 ut
907 2907 1008 2962 saltem
1024 2907 1053 2963 in
1072 2908 1199 2988 generali
1213 2909 1264 2965 fiat
1284 2925 1343 2966 me·

752 2976 844 3031 moria
868 2976 1047 3049 Sanctorum,
1076 2994 1105 3034 1n
1136 2979 1181 3035 dic
1205 2982 1342 3037 transitus

753 3062 862 3104 corum.
882 3048 921 3104 lta
937 3051 1069 3107 similiter
1094 3059 1123 3107 et
1142 3053 1340 3125 Evangelistae,

754 3120 821 3191 quia
848 3135 907 3175 non
929 3127 1062 3192 poterant
1080 3125 1177 3179 omnia
1203 3124 1344 3180 miracula

754 3191 905 3246 christiin
928 3194 1093 3264 particulari
1119 3194 1255 3264 scrihere,
1277 3195 1341 3250 ideo

754 3259 919 3332 frequenter
937 3267 1027 3319 multa
1040 3266 1213 3321 concludunt
1228 3267 1257 3320 in
1271 3281 1344 3336 qua·

754 3331 819 3387 dam
843 3335 1041 3402 generalitate,
1063 3335 1138 3389 sicut
1160 3342 1240 3404 patet
1254 3336 1301 3391 hic
1316 3340 1346 3392 ct

755 3402 823 3458 alibi
839 3403 870 3457 in
885 3404 1003 3460 dirersis
1017 3405 1087 3458 locis
1105 3406 1261 3475 Evangelii.
1282 3405 1344 3462 Cir·

757 3472 853 3529 cnibat
867 3488 935 3544 ergo
963 3476 1053 3541 lesus,
1077 3489 1135 3530 non
1149 3475 1185 3530 ad
1209 3477 1347 3534 devoran-

757 3543 869 3599 dumet
889 3544 1075 3614 perdendum,
1098 3547 1146 3601 sed
1162 3547 1198 3602 ad
1223 3548 1346 3606 maxima

755 3613 894 3671 beneficia
911 3619 951 3672 eis
964 3616 1141 3675 afferendum
1155 3637 1162 3677 :
1178 3636 1265 3676 unum
1280 3622 1345 3694 qni·

757 3687 922 3760 dem,regni
933 3688 1136 3763 Evangelium3
1149 3692 1226 3749 aliud
1236 3702 1344 3763 autem,

758 3760 884 3816 omnium
919 3762 1122 3834 aegritudinum
1147 3765 1345 3836 curationem

758 3831 788 3886 in
815 3847 937 3903 quorum
967 3834 1058 3906 primo
1083 3839 1159 3893 salus
1173 3839 1347 3904 animarum,

758 3903 785 3958 in
808 3906 935 3961 secundo
946 3909 1021 3963 salus
1040 3923 1192 3979 corporum
1217 3907 1349 3978 exprimi·

758 3980 822 4042 tur;
850 3984 879 4031 et
902 3978 967 4033 illos
990 3994 1061 4048 quos
1083 3994 1202 4048 corpore
1228 3978 1349 4057 sanabat

758 4046 925 4116 extrinscus,
942 4049 1027 4105 etiam
1045 4056 1141 4106 mente
1167 4048 1287 4102 sanabat
1308 4062 1349 4102 in-

758 4119 907 4175 trinsecus.
936 4119 1069 4176 Omnium
1092 4118 1207 4188 quidem
1227 4118 1349 4174 salutem

759 4188 921 4260 affectabat,
939 4197 968 4246 et
990 4192 1096 4247 bonum
1122 4203 1271 4246 commune
1291 4205 1350 4246 rna·

760 4261 803 4332 gis
821 4275 907 4331 qnam
922 4263 1064 4330 privatum
1078 4260 1259 4330 procurabat.
1282 4261 1349 4330 Sed,

760 4332 945 4402 prohdolor!
967 4332 1053 4387 bodie
1075 4333 1181 4388 bonum
1196 4333 1350 4404 privatum,
