2880 4942
121 322 169 377 202
486 325 597 378 rutum
623 323 747 379 rtbrts
774 322 875 377 Gle'l'
901 318 992 374 txar

121 445 208 502 quam
236 429 343 486 mundo
366 436 396 487 et
412 430 608 488 mundialibus
634 446 711 487 mor-

121 509 188 559 tuus
207 502 413 559 abundantiam
429 506 459 558 ct
479 504 632 574 delectum,
650 503 712 558 lau-

118 572 184 630 dem
206 579 235 629 et
256 573 442 646 opprobrium
461 573 611 645 aequaliter
636 573 711 630 acci-

119 643 190 718 piat.
211 647 323 701 ltlortuo
340 644 417 701 enim
437 647 460 701 si
480 644 552 717 quid
576 645 711 715 deluerit,

121 732 180 772 non
194 716 300 783 sentit,
317 717 358 772 sic
372 715 469 773 anima
484 716 513 772 in
529 716 588 773 suis
602 716 712 773 allecti-

121 787 175 844 bus
204 787 376 845 mortificata
409 789 592 846 commodum
623 796 652 846 et
671 789 712 844 in-

121 859 304 915 commodum
322 877 380 917 non
395 860 541 916 discernit.
556 860 714 917 -Tertius

122 931 224 1011 modus
248 938 301 999 est,
318 932 395 1004 quod
413 931 477 1004 quis
492 932 523 988 in
541 950 592 989 usu
616 949 714 989 neces-

123 1016 349 1072 sariorum,non
380 1003 472 1060 solum
504 1021 562 1060 non
591 1004 713 1060 delecte·

120 1076 178 1143 tur,
196 1075 246 1130 sed
266 1075 360 1146 potius
377 1075 535 1147 allligatur,
556 1084 586 1131 et
605 1078 713 1132 crucie-

120 1148 177 1213 tur,
192 1151 223 1201 ut
242 1146 336 1203 dicere
351 1149 441 1220 possit
465 1163 531 1203 cum
552 1148 713 1220 apostolo:

121 1217 195 1273 Mitt
211 1220 330 1274 maiades
354 1222 504 1290 crucifixus
533 1224 583 1288 est,
611 1225 638 1276 ct
666 1235 714 1287 eqo

123 1290 235 1345 mando.
263 1289 349 1346 -Talis
376 1306 499 1362 namque
532 1305 590 1347 nou
623 1290 716 1347 solum

123 1362 230 1417 mundo
250 1369 294 1418 est
316 1368 457 1431 mortuus,
480 1361 548 1434 quia
572 1363 717 1418 mundana

124 1447 184 1488 non
199 1433 300 1501 sentit;
324 1434 375 1490 sed
392 1434 478 1490 etiam
495 1434 597 1489 mundo
611 1437 717 1504 crucifi-

124 1510 243 1565 ausast,
265 1503 342 1575 quia,
366 1504 463 1561 omnia
486 1505 563 1560 velut
587 1511 715 1561 stercora

124 1573 291 1631 arbitratur.
306 1575 377 1643 tali,
389 1590 474 1647 poena
486 1580 530 1631 est
544 1591 591 1631 res
606 1582 717 1632 creatas

123 1659 175 1717 pro
196 1661 379 1717 quacumque
404 1645 575 1702 necessitate
606 1646 717 1719 prospi-

122 1730 203 1785 cere;
221 1718 270 1773 scd
289 1718 381 1774 solum
393 1717 560 1787 delectatur,
569 1734 621 1790 per
635 1735 717 1776 amo·

122 1802 195 1856 rem,
217 1791 274 1844 [ico
289 1789 413 1846 dulciter
427 1791 588 1847 adherere.

161 1881 192 1918 ae
206 1862 511 1920 Paursnmrrsllnmsrr
521 1880 715 1920 ereremum.

122 1962 157 1974 -
173 1934 228 1988 lec
241 1940 336 1991 tamen
346 1934 499 1991 Dominum
510 1934 538 1990 in
546 1941 718 2008 paupertate

125 2005 252 2077 perlecto
280 2005 386 2062 imitari
419 2006 537 2079 poteris,
568 2016 718 2080 qnantum·

127 2090 249 2148 cumque
276 2084 303 2134 te
320 2078 495 2135 astrinxeris.
521 2082 579 2136 Nee
606 2079 718 2136 videtur

126 2149 202 2229 quod
226 2155 323 2205 nostra
342 2156 495 2222 paupertas
520 2168 579 2208 suae
595 2151 719 2223 aequipa-

124 2234 183 2275 rarr
203 2220 303 2290 possit,
323 2228 584 2292 quantumcumque
604 2222 719 2279 anobis

126 2289 195 2344 totis
226 2290 332 2346 viribus
367 2292 518 2348 observata
546 2293 641 2349 scierit.
674 2294 718 2349 Ad

126 2360 212 2433 quod,
226 2360 420 2430 omissisaliis,
432 2379 495 2434 quae
505 2363 586 2419 reddi
602 2370 719 2435 possunt

128 2431 299 2499 rationibus,
314 2432 421 2489 scilicet
438 2439 466 2490 et
488 2434 555 2506 qnia
572 2437 648 2491 Deus
663 2440 717 2505 est,

129 2508 158 2560 et
186 2504 253 2576 quia
278 2504 436 2562 ditissimus
461 2523 494 2562 ac
520 2506 647 2563 omnium
663 2510 717 2564 Do-

126 2575 230 2648 minus,
267 2584 296 2634 et
326 2577 393 2650 quia
427 2578 659 2650 perfectissimus,
691 2583 719 2636 ct

127 2647 291 2719 hujusmodi
310 2649 462 2715 similibus,
481 2652 554 2707 banc
566 2652 719 2724 specialem

127 2720 237 2776 adduco
258 2721 418 2777 rationem:
440 2721 507 2793 quia
526 2722 585 2795 ipse
601 2740 658 2779 non
671 2741 718 2780 so-

130 2790 189 2846 lum
213 2793 388 2862 paupertatis
406 2793 566 2864 penuriam,
586 2795 636 2850 sed
657 2796 720 2863 eius

128 2862 313 2932 opprobrium
338 2864 501 2933 assumpsit.
522 2867 592 2919 Nam
621 2873 720 2922 nostra

129 2939 293 3003 paupertas,
308 2933 375 3005 quia
389 2933 549 2990 voluntarie
561 2941 590 2990 et
601 2952 652 3007 pro
668 2936 719 2992 Dei

128 3019 227 3059 amere
242 3009 389 3086 assumpta
401 3017 455 3074 est,
471 3011 620 3075 reputatur
635 3012 719 3064 otest

129 3073 268 3144 virtuosa,
291 3081 318 3132 et
345 3076 410 3133 ideo
434 3092 492 3132 non
522 3079 718 3149 opprobriosa,

129 3147 180 3202 sed
199 3146 359 3204 honorifica
382 3148 515 3215 babetur,
538 3153 624 3206 etiarn
643 3152 719 3222 apud

127 3219 219 3275 malos
231 3237 237 3287 ;
250 3218 337 3291 ipsius
351 3236 487 3277 veronen
498 3219 538 3276 sic
550 3239 557 3276 :
574 3222 719 3280 nonenim

129 3294 367 3362 cognoscebatur,
398 3308 450 3349 nec
474 3291 618 3350 sciebatur
643 3295 718 3366 quod

129 3364 289 3420 voluntarie
304 3380 413 3437 pauper
440 3371 525 3433 essct,
549 3366 598 3421 sed
619 3367 719 3423 crede-

127 3434 214 3491 batur
225 3435 473 3508 quodnccessaria
489 3443 644 3509 paupertas
654 3455 719 3495 eum

127 3510 257 3577 teneret;
276 3516 303 3564 et
323 3510 385 3564 lraec
408 3511 593 3581 opprobrium
608 3517 636 3565 et
651 3526 719 3566 con-

128 3581 268 3649 temptum
294 3579 379 3650 parit.
413 3583 483 3638 Cum
515 3587 588 3637 esset
611 3583 720 3652 absque

129 3647 215 3728 domn
244 3654 271 3704 ct
290 3651 519 3722 possessionibus
544 3657 572 3708 et
602 3653 719 3719 divitiis,

128 3720 285 3775 scientibus
303 3721 357 3776 boc
380 3722 530 3793 universis,
555 3723 647 3794 magis
668 3726 719 3780 ba·

131 3790 252 3848 bebatur
267 3793 443 3863 contemptui
457 3811 474 3850 a
488 3794 604 3862 multis;
622 3795 719 3867 buius-

127 3862 237 3920 cemodi
256 3862 332 3917 enim
348 3879 486 3935 pauperes
505 3865 586 3936 quasi
602 3866 639 3920 ab
661 3882 719 3922 om·

130 3933 215 3992 nibus
223 3933 435 3991 conculcantur.
450 3936 479 3992 Si
487 3935 630 4007 sapientes
642 3942 718 4009 sunt,

132 4022 191 4065 non
211 4006 252 4064 eis
274 4005 412 4077 creditur;
433 4007 457 4064 si
472 4007 593 4078 nobiles,
614 4008 721 4067 nibilo-

128 4079 225 4137 minus
239 4078 405 4137 deridentur
427 4084 456 4137 et
474 4085 719 4153 contemnuntur3

767 429 837 499 imo,
851 427 928 500 quod
941 426 1006 499 plus
1033 429 1087 507 est,
1107 423 1254 508 sapientia
1274 427 1374 506 etno·

767 499 875 569 bilitas,
890 505 919 555 et
933 499 1027 554 omnis
1036 501 1127 553 virtus
1144 513 1175 552 tn
1185 501 1376 568 reputatione

769 571 930 640 bominum,
946 570 976 626 in
1004 568 1047 627 eis
1071 568 1214 626 exstincta
1239 569 1371 626 videtur.

769 643 946 717 Dejiciuntur
961 640 1039 698 enim
1060 641 1141 712 quasi
1158 641 1196 697 ab
1209 640 1370 710 omnibus;

770 717 842 773 adeo
857 719 889 772 ut
915 730 967 770 nec
989 712 1122 770 amicitiae
1144 711 1287 784 antiquae,
1317 727 1374 770 nec

770 785 918 859 sanguinis
937 785 1060 852 vincula,
1082 783 1306 856 utplurimum,
1327 783 1372 840 eis

770 859 891 932 prosint,
907 873 970 914 cum
985 872 1085 913 omnes
1095 856 1154 912 lere
1170 856 1245 912 tales
1258 855 1371 913 amicos

770 932 814 988 vel
832 928 1061 1002 consanguineos
1079 928 1189 985 babere
1216 930 1368 986 recusent.

770 1002 856 1060 Vides
867 1003 940 1058 bene
951 999 1093 1072 quomodo
1106 1016 1158 1056 nec
1170 998 1286 1081 Douripi
1300 1013 1368 1082 pan3

770 1072 874 1146 perlati
890 1071 1072 1144 aequiparari,
1094 1088 1148 1128 nec
1167 1087 1234 1127 eum
1257 1077 1368 1127 rmrtarr

791 1154 852 1202 oles
868 1145 897 1201 in
912 1150 970 1199 tam
983 1143 1132 1215 profundae
1142 1141 1323 1215 paupertatis
1338 1144 1367 1199 et

770 1162 940 1274 Romilitatis
955 1214 1127 1288 abjectione.
1154 1217 1188 1270 Et
1209 1218 1366 1297 propterea

771 1305 912 1361 pauperes
945 1287 1044 1343 mundi
1073 1285 1277 1343 contemnenda
1309 1300 1366 1341 non

773 1368 850 1432 sunt,
866 1359 914 1431 qui
924 1359 1018 1431 ipsum
1033 1360 1186 1415 Dominum
1201 1372 1364 1429 repraesen-

771 1437 845 1489 tant.
865 1433 1007 1500 Quantum
1021 1430 1108 1486 etiam
1127 1435 1226 1486 nostra
1241 1443 1363 1501 pauper·

773 1509 816 1561 tas
832 1520 850 1560 a
869 1501 982 1559 Domini
1003 1506 1169 1575 paupertate
1184 1501 1283 1567 distet,
1298 1516 1363 1556 con·

772 1576 900 1633 siderare
913 1580 993 1646 potes
1005 1590 1038 1631 ex
1049 1574 1191 1646 pluribus,
1202 1587 1270 1646 quae
1282 1569 1367 1629 simul

772 1646 865 1718 tangit
879 1649 1098 1716 chrysostomus,
1125 1644 1271 1701 dicens:‹
1294 1643 1365 1700 Cum

772 1719 931 1776 nasciturus
952 1725 1024 1786 erat,
1052 1734 1112 1774 non
1131 1714 1288 1797 exquisivit
1308 1714 1366 1771 cla·

773 1807 835 1848 ram
845 1791 974 1860 domum,
988 1805 1083 1861 neque
1098 1796 1220 1845 matrem
1231 1788 1366 1855 divitem3

773 1862 823 1920 sed
838 1877 1005 1935 pauperem,
1021 1866 1049 1918 et
1069 1875 1206 1933 sponsum
1223 1863 1366 1915 rectorem

772 1935 938 1992 habentem.
953 1936 988 1990 Et
1007 1933 1037 1989 in
1052 1931 1164 2003 tugurio
1182 1930 1322 1999 nascitur,
1338 1934 1366 1986 et

773 2007 802 2062 in
828 2005 967 2079 praesepio
992 2004 1119 2132 ponitur.
1148 2006 1182 2059 Et
1211 2000 1367 2084 discipules

773 2079 892 2150 eligens,
907 2094 963 2133 non
978 2094 992 2132 r
1014 2083 1119 2143 etores,
1135 2091 1195 2131 non
1209 2077 1366 2146 sapientes,

773 2167 831 2207 non
849 2149 962 2219 divites,
979 2165 1037 2205 non
1053 2146 1179 2216 nobiles3
1195 2146 1248 2202 sed
1262 2159 1366 2218 paupe·

774 2239 820 2278 res
852 2227 881 2278 et
908 2238 941 2277 er
968 2220 1152 2293 pauperibus,
1182 2223 1212 2274 et
1238 2215 1366 2288 undique

773 2293 914 2365 ignobiles
938 2291 1034 2363 elegit.
1062 2294 1096 2347 Et
1123 2305 1254 2347 mensam
1276 2302 1365 2360 appo·

773 2381 856 2432 nens,
868 2364 1040 2436 quandoque
1056 2363 1172 2435 quidem
1186 2361 1364 2418 hordeaceos

773 2452 861 2509 panes
871 2435 1001 2507 apponit,
1010 2435 1180 2507 quandoque
1191 2440 1289 2489 autem
1302 2431 1365 2514 ipso

775 2514 903 2580 tempore
917 2507 1071 2579 discipulos
1092 2505 1186 2562 alere
1204 2518 1303 2561 emere
1323 2517 1367 2584 Jp·

774 2581 831 2637 bet.
850 2582 883 2635 ut
900 2578 1000 2636 sedilia
1016 2577 1134 2647 laciens,
1146 2577 1182 2633 de
1196 2576 1273 2633 loeno
1287 2573 1365 2631 laert.

774 2655 808 2708 Et
818 2650 987 2708 vestimenta
998 2650 1119 2706 induens
1129 2648 1205 2716 vilia,
1223 2655 1252 2704 et
1265 2663 1284 2703 a
1296 2644 1368 2702 mul·

774 2723 811 2780 tis
823 2723 872 2780 illo
884 2723 912 2780 in
924 2728 1051 2793 tempore
1064 2719 1228 2777 differentia
1242 2719 1366 2775 circum·

773 2795 936 2864 amictitur;
962 2795 1079 2850 domurn
1100 2798 1200 2850 autern
1227 2806 1287 2847 non
1313 2789 1366 2846 ha·

774 2867 844 2923 buit.
863 2866 891 2924 si
911 2871 1007 2923 autem
1027 2864 1150 2921 transire
1176 2863 1211 2919 de
1238 2863 1303 2918 loco
1331 2858 1369 2919 ad

774 2938 866 2994 locum
897 2939 1057 3010 oportebat,
1074 2935 1227 2992 ambulans
1253 2934 1311 2989 boc
1330 2931 1368 3015 la·

774 3009 888 3076 ciebat,·
913 3015 942 3066 et
968 3010 1006 3066 ita
1029 3004 1368 3077 arnbulans,quodlat1·

773 3083 906 3153 gabatur.
924 3084 958 3137 ut
973 3081 1076 3137 sedens
1099 3095 1157 3135 non
1171 3081 1277 3134 tbrono
1294 3090 1367 3158 opus

774 3155 799 3210 ei
815 3160 887 3223 erat,
917 3168 1010 3224 neque
1034 3149 1189 3224 pulvinari,
1209 3148 1261 3205 scd
1290 3163 1368 3220 pavr·

774 3229 880 3281 mento.
896 3225 941 3282 Sic
953 3239 1021 3295 ergo
1033 3222 1162 3280 Christus
1173 3235 1284 3293 pauper
1294 3222 1367 3288 erat,

775 3296 824 3368 qui
844 3304 940 3353 tamen
959 3295 1096 3352 Dominus
1113 3292 1242 3350 omnium
1261 3294 1291 3347 et
1309 3292 1367 3347 Rex

774 3367 973 3440 exspectabilis
994 3371 1078 3423 erat:
1098 3388 1113 3417 »
1130 3366 1191 3421 baec
1211 3365 1370 3433 chrysosto-

774 3457 845 3496 mus.
860 3440 1049 3496 Attendamus
1071 3440 1142 3503 baec,
1166 3440 1196 3493 et
1214 3436 1368 3492 erubesca-

775 3527 838 3568 mus
853 3529 905 3568 nos
919 3509 1102 3581 miseri,quia
1114 3507 1220 3565 talibus
1236 3520 1371 3589 noncop-

774 3583 856 3653 tenti,
867 3583 1018 3640 bominum
1027 3579 1237 3638 contemnimus
1249 3582 1368 3634 rmrlarr.

774 3657 808 3711 Et
831 3657 954 3711 maxime
980 3655 1033 3710 boc
1057 3659 1185 3724 tempore
1211 3649 1371 3730 malo,un

775 3725 870 3782 omnis
893 3727 941 3797 qui
959 3741 1061 3796 panem
1086 3726 1183 3792 babet,
1210 3725 1372 3779 contentam

775 3796 902 3853 deberet.
923 3797 1002 3853 Unde
1017 3800 1219 3866 Hieronymus:
1247 3815 1262 3846 ι
1286 3794 1372 3875 Juxta

775 3867 906 3924 miserias
926 3869 1010 3941 bujus
1032 3866 1182 3939 temporis,
1204 3872 1234 3922 ct
1262 3865 1371 3946 ubrqup

775 3939 885 4012 gladios
900 3944 1061 4010 saevientes,
1072 3939 1142 3996 satis
1157 3938 1238 3994 dives
1250 3941 1297 4018 est
1312 3950 1372 4008 qur,

778 4011 1048 4084 panenonindiget;
1058 4011 1239 4084 satispotens
1249 4025 1299 4080 qur
1314 4021 1374 4064 ser·

775 4083 905 4141 virenon
919 4083 1029 4155 cogitur
1046 4102 1054 4142 ε
1069 4105 1084 4137 a
1100 4086 1164 4143 baee
1172 4085 1371 4152 Hieronymus.
