2880 4942
375 369 414 421 bl
441 367 697 422 ostentatione
724 372 864 426 tollitis
892 373 1070 430 nlrrlsrn.
1291 387 1336 442 168

109 494 156 536 nas
168 474 321 550 respondet
333 475 492 548 poenalitati
503 475 617 548 operis:
631 493 697 535 nam
751 477 836 534 tende
845 482 873 535 et
883 479 1043 550 Apostolos,
1053 485 1168 542 attende
1181 488 1278 548 animo
1289 496 1331 551 tot

108 566 197 634 opera
216 566 279 620 quae
294 548 383 621 magis
401 553 466 606 sunt
482 549 616 620 poenatia.
635 565 697 606 ma·
751 552 906 622 Martyrum
923 551 1020 608 millia.
1037 553 1077 609 lbi
1093 554 1202 615 videbis
1217 577 1273 618 non
1285 581 1330 622 so·

108 637 152 696 gis
166 627 232 679 sunt
242 619 388 676 meritoria
398 618 573 677 remissionis
585 637 694 693 poenae:
749 620 808 678 lum
820 624 906 692 viros,
919 622 1064 681 sedetiam
1078 625 1209 698 seminas,
1225 641 1332 704 postre-

107 700 152 752 est
175 693 248 750 onim
272 693 372 764 regula
394 691 423 748 in
444 691 598 764 theologia,
619 693 696 765 quod
749 709 797 750 mo
811 709 916 767 pueros
933 701 962 751 et
980 696 1089 767 puellas
1101 714 1153 755 nec
1168 700 1332 775 impruden.

107 760 540 839 poenapoeuaeestresolutoria3
555 780 641 836 quam
654 781 696 821 re
748 764 790 821 tia
811 764 914 848 decipi,
938 781 990 822 nec
1019 766 1168 839 iniquitate
1195 777 1332 848 perverti,

147 839 203 894 lam
223 852 337 892 servare
354 835 461 892 debent
476 835 646 894 Conlessarii
665 836 695 893 iu
748 852 801 894 nec
819 836 1012 964 periculorum
1033 839 1135 898 timore
1160 843 1264 918 frangi,
1279 865 1331 906 nec

106 852 287 982 ffipositione
304 906 489 979 poenitentiae.
749 909 839 965 secui
865 925 963 966 amore
991 912 1145 984 corrumpi.
1160 917 1201 972 lta
1224 922 1252 973 te
1273 934 1329 978 non

143 1005 160 1055 9
173 983 314 1038 Sremmuu
328 995 485 1034 arsamosata
494 996 615 1037 aaronis
625 981 695 1038 sm-
748 978 1017 1053 invenientemquid
1026 987 1163 1042 excuses?
1172 988 1331 1050 Nonsotum

106 1069 225 1121 monna,
236 1053 387 1106 Manmami
403 1067 567 1107 cusancia.
579 1083 613 1093 —
626 1054 697 1108 San·
749 1060 958 1124 praeceptorum
984 1052 1155 1113 inevitabilis
1177 1060 1330 1133 rectitudo,

109 1129 220 1181 ctorum
238 1121 324 1191 igitur
342 1136 468 1193 pugnam
484 1127 513 1178 et
531 1121 696 1204 patientiam
750 1123 896 1179 sedetiam
909 1125 1101 1196 exemplorum
1112 1127 1330 1192 innumerabilis

109 1200 177 1252 ante
192 1193 289 1251 oculos
305 1208 455 1265 ponamus,
470 1197 502 1249 ut
516 1194 630 1265 singula
646 1211 697 1251 no·
751 1193 902 1251 multitudo
929 1200 957 1251 te
981 1196 1168 1256 circumdabit
1195 1220 1202 1257 ι
1230 1223 1245 1253 s
1269 1205 1332 1263 hmo

107 1265 154 1323 bis
166 1268 285 1322 advorsa
297 1271 325 1321 et
338 1264 482 1321 contraria
495 1263 631 1322 iaciamus
665 1283 696 1323 ro
750 1265 936 1335 Augustinus.
953 1267 1007 1324 Sed
1031 1284 1073 1324 vae
1100 1270 1182 1327 nobis
1208 1273 1331 1347 miseris,

108 1336 319 1406 Deolibentius,
329 1340 378 1393 aut
391 1335 624 1408 patiamur.Unde
672 1354 696 1393 e·
750 1336 798 1408 qui
814 1354 866 1394 nec
877 1337 1019 1394 tlectimur
1031 1342 1191 1424 praeceptis,
1205 1361 1257 1401 nec
1273 1363 1332 1405 mo·

103 1413 202 1479 gorius
218 1430 253 1465 :a
263 1408 385 1465 Labores
396 1407 615 1480 praecedentium
628 1411 696 1465 San·
749 1424 853 1465 nemur
864 1410 1019 1480 exemptis!
1039 1413 1072 1467 Ut
1085 1428 1160 1469 enim
1175 1415 1216 1471 ait
1231 1418 1330 1488 Grego-

105 1480 422 1549 ctorumrocolamus‚et
431 1481 692 1552 noneruntgravia,
747 1482 832 1536 rius:
848 1501 862 1533 c
878 1484 933 1537 Nos
945 1481 1140 1554 plerumquea
1155 1486 1229 1543 bono
1243 1506 1330 1561 opere

104 1567 170 1681 διιεῖ
200 1556 385 1611 toleramus:
414 1574 428 1602 o
452 1552 513 1608 haec
533 1553 691 1620 ememus.
747 1552 994 1618 verbarerocant,
1011 1557 1215 1615 sanctosviros
1233 1576 1329 1618 asan·

131 1624 186 1680 nde
200 1630 227 1680 et
243 1627 449 1695 chrysostomus
468 1640 475 1682 :
492 1642 506 1676 a
525 1624 693 1681 Sanctorum
746 1627 793 1680 cta
806 1623 965 1680 intentione
978 1625 1110 1697 frangere
1123 1644 1174 1685 nec
1187 1635 1330 1692 tormenta

104 1694 262 1755 luctamina
282 1695 312 1752 in
337 1694 422 1751 corde
447 1700 544 1751 nostro
567 1695 642 1751 sicut
660 1695 691 1752 in
746 1700 914 1767 potuerunt;
931 1712 984 1751 nos
1010 1698 1047 1755 ad
1070 1707 1211 1774 praecepta
1232 1705 1329 1762 Domi·

103 1769 201 1824 tabula
221 1768 413 1826 describamus
430 1771 459 1823 et
471 1766 586 1824 assidue
598 1767 690 1824 medi·
745 1768 811 1823 nica
825 1767 923 1839 largiri
941 1773 1048 1839 nostra,
1063 1772 1163 1828 saltem
1173 1777 1328 1845 superflua,

103 1843 210 1909 lemur,
239 1846 337 1898 contra
359 1854 475 1895 omnem
497 1838 688 1912 spiritualium
746 1839 899 1908 nolumus,
929 1839 1036 1909 Sancti,
1061 1858 1117 1899 non
1147 1844 1239 1902 solum
1272 1849 1329 1904 Deo

102 1910 283 1969 inimicorum
309 1914 502 1978 armaturam
531 1915 559 1968 et
587 1926 689 1968 eorum
747 1926 829 1967 suam
851 1910 1039 1968 substantiam
1067 1916 1257 1985 contulerunt,
1279 1917 1330 1975 sed

101 1983 269 2057 patientiam
285 1982 367 2040 nobis
384 1997 576 2054 proponamus
588 1983 624 2038 ad
641 1999 690 2039 ex·
747 1998 800 2055 pro
818 1981 865 2038 illo
882 1981 968 2037 etiarn
984 1982 1128 2054 proprium
1152 2001 1266 2043 caruem
1280 1989 1329 2046 de·

100 2068 150 2115 em
171 2055 228 2113 lum
246 2055 357 2112 invicta
376 2052 499 2122 uirtutis,
521 2059 550 2109 ut
570 2053 632 2110 istic
652 2070 693 2110 ce·
747 2054 873 2109 derunt:
891 2074 906 2104 o
923 2054 983 2108 baec
1006 2054 1162 2124 Gregorius.
1178 2060 1212 2113 Et
1227 2075 1330 2130 magna

101 2136 132 2186 tn
164 2134 246 2185 antcs
262 2124 593 2194 torb'tudincmillorum,
612 2123 693 2182 simi·
747 2124 861 2196 quidem
891 2123 1039 2183 alacritate
1067 2126 1120 2182 boc
1144 2128 1225 2185 multi
1254 2132 1327 2189 loce·

100 2197 169 2257 liter
193 2199 250 2257 illic
272 2213 371 2255 corum
394 2213 528 2254 coronam
552 2196 693 2269 possimus
745 2202 823 2264 runt,
843 2201 872 2253 et
895 2196 972 2252 illam
999 2198 1100 2254 boram
1120 2203 1265 2273 tamquam
1292 2203 1327 2259 ad

103 2270 233 2354 adipisci.
254 2273 394 2340 Quantam
414 2267 455 2324 illi
474 2267 640 2341 patientiam
662 2269 691 2324 iu
746 2270 859 2339 nuptias
873 2268 983 2326 invitati
999 2275 1240 2342 exspectaverunt.
1250 2275 1328 2332 Unde

142 2343 237 2400 riculis
269 2340 463 2415 corporalibus
494 2340 690 2410 ostenderunt,
743 2342 832 2410 Isaac,
852 2342 941 2398 abbas
965 2342 1063 2414 Syrim,
1080 2341 1148 2399 dicit
1171 2345 1207 2401 de
1231 2346 1327 2404 multis

100 2357 212 2472 ffintam
228 2432 282 2472 nos
296 2414 325 2470 in
338 2412 518 2487 passionibus
533 2411 686 2469 irrationa-
742 2412 912 2541 llart{ribirs
929 2430 936 2469 ε
954 2434 968 2467 u
984 2417 1015 2470 ln
1041 2416 1094 2471 buc
1108 2415 1166 2486 die,
1182 2434 1239 2489 qua
1256 2435 1327 2490 prae·

100 2485 207 2544 bilibus
227 2485 430 2544 continentiam
446 2484 685 2552 demonstremus,
742 2485 815 2540 stola
836 2490 920 2541 antur
934 2502 1070 2542 coronam
1087 2487 1232 2559 percipere
1255 2506 1328 2546 mar·

99 2556 132 2616 id
159 2563 202 2615 est
227 2564 326 2615 contra
348 2557 438 2625 iram,
457 2556 501 2612 vel
526 2555 687 2625 avaritiam,
741 2555 817 2626 tyrii,
828 2555 850 2610 si
862 2557 1059 2627 presciebant,
1074 2558 1127 2613 hoc
1140 2565 1183 2613 est
1197 2576 1229 2614 cx
1245 2576 1326 2616 roro·

99 2629 146 2687 vel
169 2629 262 2687 inanis
292 2630 390 2701 gloriae
413 2626 686 2699 concupiscentiam,
742 2626 857 2694 latione,
874 2627 917 2682 vel
934 2628 970 2683 ab
985 2627 1081 2754 aliguo
1106 2628 1198 2684 amico
1216 2645 1278 2697 suo,
1296 2632 1326 2687 in

99 2699 442 2774 etbujuscemodidivino
456 2698 557 2756 timore
571 2697 689 2754 munitis
741 2696 791 2754 illa
819 2702 902 2753 nocte
931 2698 1018 2770 aliqui
1065 2715 1123 2755 non
1148 2702 1323 2771 gustabant;

100 2774 235 2832 sensibus
259 2776 462 2846 repugnantes,
477 2774 507 2828 et
524 2769 688 2828 consimilia
741 2769 791 2826 sed
811 2785 830 2826 a
853 2785 917 2827 sero
934 2786 1023 2842 usque
1050 2771 1087 2828 ad
1107 2786 1191 2828 mane
1208 2774 1325 2832 stabant

99 2842 242 2929 figmenta
253 2843 544 2901 diabolidestruentes
555 2841 583 2898 in
592 2841 684 2899 nobis.
740 2840 890 2913 vigilantes
915 2840 944 2898 in
966 2841 1107 2912 oratione,
1125 2843 1324 2914 glorificantes

100 2916 130 2977 Sr
151 2917 228 2974 euim
246 2915 431 2989 cupiditatum
444 2920 473 2972 et
488 2913 620 2971 vitiorum
636 2916 688 2971 bu·
739 2914 829 2970 Deum
843 2913 872 2970 in
890 2914 1018 2997 psalmis,
1034 2921 1063 2972 et
1079 2915 1201 2988 hymnis,
1215 2923 1245 2974 et
1261 2934 1327 2976 can·

96 2989 226 3064 jusmodi
237 2988 320 3072 ignes
335 2986 495 3057 vicerimus,
505 2989 577 3044 sicut
586 2986 625 3042 illi
641 2992 685 3061 ty·
738 2985 802 3042 licis
828 2986 1039 3058 spiritualibus;
1068 2988 1153 3045 etin
1174 2987 1274 3047 laetitia
1293 2995 1326 3048 et

99 3060 231 3119 renuidis
248 3076 344 3132 ignem
367 3057 505 3128 vicerunt,
528 3057 686 3132 poterimus
739 3057 924 3116 exsultatione
939 3061 1095 3131 sperabant
1108 3060 1209 3118 boram
1230 3062 1324 3131 illam,

96 3133 181 3208 Juxta
198 3131 274 3204 ipsos
298 3130 360 3204 pari
376 3130 468 3204 gloria
482 3130 626 3187 constituti
645 3130 685 3186 si·
739 3129 811 3187 sicut
825 3130 877 3200 illi,
891 3131 939 3202 qui
956 3131 1073 3188 suntad
1089 3132 1202 3204 nuptias
1215 3148 1327 3204 prmpa·

99 3203 185 3262 miles
202 3204 310 3261 haberi.
327 3225 341 3257 o
357 3205 391 3259 Et
409 3203 512 3260 iterum
528 3220 535 3259 :
552 3222 566 3255 a
583 3204 685 3274 Specu-
737 3202 804 3272 rati,
818 3203 1178 3284 praestolantesoccurrere
1191 3203 1286 3274 gladio
1297 3203 1327 3261 in

99 3275 163 3334 lum
189 3280 232 3333 est
251 3275 397 3348 spirituale
411 3279 440 3330 et
454 3276 593 3330 bonorum
609 3273 684 3330 viro·
736 3274 845 3345 jejumo
868 3289 928 3329 suo.
953 3277 1011 3330 Nos
1030 3288 1144 3343 quoquc
1164 3274 1211 3344 qui
1229 3275 1266 3330 ad
1281 3274 1327 3330 in·

99 3362 166 3406 rum
192 3346 340 3416 memoria,
356 3352 385 3402 et
409 3347 501 3402 beatae
526 3344 591 3399 vitae
612 3342 687 3415 ipso·
739 3343 850 3399 risibile
869 3344 1036 3416 martyrium
1055 3343 1145 3398 vocati
1165 3360 1272 3411 sumus,
1292 3346 1328 3403 ad

99 3434 167 3478 rum
182 3419 311 3488 historia,
329 3416 576 3488 etScripturarum
591 3414 685 3486 lectio,
739 3414 917 3540 recipiendas
939 3413 1173 3472 sanctificationis
1196 3432 1327 3488 coronas,

100 3496 131 3550 et
147 3506 210 3562 quae
224 3507 241 3547 a
255 3493 313 3547 Deo
325 3489 400 3545 datae
424 3490 493 3543 sunt
508 3486 596 3557 leges.
613 3486 682 3543 Etsi
739 3484 796 3557 vigi
809 3501 902 3567 esuum
919 3503 971 3543 nee
986 3485 1015 3541 in
1032 3484 1130 3570 aliqua
1143 3492 1224 3558 parte
1238 3503 1326 3560 nega·

99 3562 226 3620 volneris
249 3562 337 3620 semel
367 3558 459 3616 solum
486 3556 626 3630 inspicere
647 3558 684 3615 ad
738 3556 826 3614 tionis
841 3573 953 3629 signum
966 3559 1071 3614 nostris
1082 3557 1205 3617 inimicis
1215 3559 1328 3620 exbibe-

99 3635 269 3698 Sanctorum
288 3633 403 3690 illorum
422 3628 571 3702 imagines,
584 3634 613 3686 et
626 3636 687 3687 tur·
739 3645 822 3687 amus
837 3647 846 3687 τ
864 3652 875 3681 ι
893 3631 954 3688 lraec
967 3632 1053 3689 lsooe.
1069 3630 1155 3689 Vides
1166 3649 1234 3706 ergo
1289 3633 1326 3706 ia,

97 3705 262 3783 pitndinem
288 3702 399 3762 ridebis
430 3701 534 3761 mentis
557 3707 630 3772 tuae;
655 3707 685 3761 et
738 3702 894 3760 secundnm
910 3703 1058 3761 doctorum
1071 3705 1230 3778 consilium,
1265 3709 1329 3767 ebe·

99 3777 202 3836 videns
216 3777 293 3835 nullo
310 3773 452 3847 indigebis
469 3773 526 3831 alio
541 3772 570 3830 in
581 3773 686 3833 libcra-
739 3791 802 3833 mus
818 3775 929 3834 labores
941 3781 1086 3850 etagoues
1099 3779 1267 3839 Sanctorum
1280 3797 1328 3839 no·

100 3850 210 3909 tionem
229 3849 321 3906 sordis
340 3849 434 3921 hujus.
452 3848 562 3904 Etenim
579 3845 608 3903 in
629 3849 685 3905 boc
736 3847 781 3907 bis
796 3853 862 3906 ante
876 3849 973 3907 oculos
988 3866 1095 3924 ponere
1111 3851 1141 3909 in
1155 3854 1325 3927 exemplum.

101 3920 173 3981 utile
187 3927 231 3978 est
248 3920 330 3979 nobis
348 3919 505 3993 speculum,
518 3923 548 3976 et
572 3918 684 3977 facilem
776 3944 808 3979 ιο
822 3921 1024 3982 Couneunarnn
1037 3942 1148 3983 rosaria
1159 3944 1260 3994 sonna,
1276 3942 1326 3989 uua

99 3992 172 4052 tacit
200 3999 279 4050 trans
318 3991 460 4050 sitionem.
482 3993 581 4061 Neque
608 3992 685 4049 enim
736 3994 1128 4055 Saucrosmrramnecusaur.
1144 4001 1237 4056 -Vae
1250 4013 1326 4068 ergo

99 4070 244 4125 monstrat
290 4064 478 4121 elormitatem
506 4063 614 4129 solum;
634 4064 685 4121 sed
735 4064 803 4136 illis,
818 4066 865 4139 qui
885 4074 966 4141 gesta
982 4071 1152 4128 Sanctorum
1173 4076 1326 4141 tamquam

98 4141 184 4196 mans
205 4134 268 4193 onit
292 4151 356 4193 eam
377 4136 415 4193 ad
440 4133 684 4208 pulchritudinem
736 4140 898 4213 apocrypha
923 4143 1117 4209 exsufflantes,
1144 4158 1201 4198 non
1227 4141 1327 4199 solum

98 4207 175 4269 inetl
210 4207 289 4279 ilem,
314 4207 338 4265 si
363 4206 559 4265 voluerimus:
582 4226 597 4261 o
622 4207 684 4264 haec
735 4208 831 4284 legere
850 4211 959 4282 nolunt,
974 4213 1025 4270 sed
1059 4217 1175 4270 uantum
1205 4213 1235 4271 in
1256 4211 1328 4289 ipsis

100 4282 321 4352 chrysostomus.
345 4279 531 4362 Undeetiam
549 4278 684 4350 Augusti·
736 4286 790 4351 est,
811 4299 864 4340 nec
877 4229 1104 4355 interaliosiegi
1130 4286 1299 4358 permittunt
1316 4286 1324 4345 t

100 4366 158 4412 aaa
175 4370 184 4408 ε
207 4349 379 4411 «christum
390 4365 486 4409 ammo
499 4348 625 4422 atentia
636 4354 682 4408 at·
735 4353 771 4411 llt
783 4352 860 4424 ideo,
874 4361 1021 4428 tamquam
1032 4353 1200 4426 illegitimia
1214 4358 1330 4420 sanctia
