2880 4942
313 323 355 379 u't
381 320 632 379 UAEUORRUDIGh
657 323 698 379 ΕΤ
725 321 1006 380 ticulsrniuusl
1034 325 1133 382 rictu.
1306 330 1337 387 tt

101 431 231 500 amalis,
248 444 304 488 non
325 428 389 488 ideo
408 429 516 487 debent
529 429 695 488 dssisterea

103 506 185 564 bono
198 503 339 563 inchoato.

143 601 161 653 9
185 578 298 643 Dcnmc,
324 591 415 633 consu
441 591 536 633 minus
549 591 695 632 nramrnms

106 665 212 709 muros
233 663 356 704 rumam
380 664 514 704 susurru.
538 677 572 688 -
586 650 695 704 Etcum

104 722 190 804 ejecto
208 725 278 776 asset
291 719 385 786 turbo,
407 720 514 775 scilicet
535 717 695 777 lamentan-

103 797 185 858 tium,
203 800 232 847 et
248 790 497 859 tumultuantium,
517 795 545 846 et
563 791 695 846 deriden-

102 865 187 931 tium,
207 864 257 935 qui
285 868 402 933 propter
426 861 652 919 incredulitatem
666 866 697 917 et

102 935 277 994 derisionem
301 949 361 990 non
387 939 468 989 erant
494 934 572 1005 digni
598 934 694 990 ridere

99 1007 283 1076 macutum,
298 1008 415 1061 assumit
424 1009 532 1077 patrem
548 1010 696 1061 etmctrem

99 1080 213 1152 puella,
228 1094 301 1150 quos
323 1080 351 1132 in
371 1076 427 1132 lide
444 1077 605 1133 confortare
618 1083 696 1131 tanto

102 1149 245 1207 miraculo
265 1148 446 1217 disponebat3
462 1153 488 1204 et
502 1164 557 1204 uon
571 1150 696 1218 permisit

104 1221 216 1277 intrare
239 1235 328 1276 secum
352 1236 515 1291 queruquum
530 1221 627 1288 alium,
643 1223 699 1275 nisi

103 1292 217 1350 Petrum
237 1293 408 1348 stlembum
428 1298 454 1349 et
472 1295 613 1363 loannem,
627 1306 699 1362 qnos

103 1364 268 1435 specialiter
284 1365 384 1419 instrui
404 1364 527 1420 volebat.
543 1365 599 1419 Hos
622 1363 697 1418 enim

105 1437 233 1507 quinque
246 1435 335 1491 voluit
345 1436 449 1492 babere
463 1442 548 1492 testes
557 1434 696 1498 miraculi,

104 1508 194 1564 utin
222 1523 271 1564 ore
300 1508 421 1563 duorum
455 1512 616 1577 parentum,
652 1506 695 1562 rel

102 1578 193 1634 mium
206 1579 415 1649 Apostolorum,
434 1585 522 1635 staret
537 1594 622 1633 omne
637 1594 697 1634 ver·

104 1649 185 1707 bum.
202 1653 232 1706 ln
246 1652 299 1706 boc
313 1652 401 1708 etiam
415 1650 488 1706 lacto
504 1650 628 1705 ostendit
643 1666 697 1705 no·

105 1720 153 1778 bis
168 1723 312 1789 Dominus,
328 1722 395 1792 quia
409 1722 580 1792 blasphemis
594 1727 622 1777 et
636 1721 697 1777 irri-

104 1794 220 1850 soribus
234 1809 290 1849 nou
302 1801 370 1849 sunt
383 1792 536 1849 revelanda
552 1795 696 1866 mysteria,

103 1864 156 1922 aed
171 1865 300 1921 fidelibus
318 1865 367 1935 qui
380 1866 522 1921 honorant
534 1880 578 1922 ea.
594 1866 638 1933 Et,
655 1881 697 1920 se·

106 1937 231 1993 cundum
255 1938 486 2006 chrysostomum,
503 1937 532 1991 in
552 1936 605 1991 boc
621 1936 697 2006 quiid

107 2007 196 2064 turba
210 2008 330 2079 ejicitur,
355 2015 384 2064 et
407 2006 537 2077 discipuli
553 2008 644 2063 solum
668 2007 697 2063 in

108 2078 225 2136 domum
242 2081 359 2146 intrant,
382 2085 410 2135 et
429 2095 520 2151 neque
541 2079 570 2134 bi
585 2094 696 2149 omnes,

107 2150 204 2207 erudit
216 2166 266 2206 nos
282 2151 412 2222 gliiriam.
425 2167 490 2222 quae
503 2158 546 2206 est
561 2165 578 2206 a
589 2151 695 2220 multiS,

110 2223 227 2279 euitare.
243 2223 322 2278 Unde
337 2227 366 2278 et
382 2224 546 2294 Theophilus
565 2241 574 2279 ε
593 2224 697 2279 «blor-

108 2298 189 2350 tuam
216 2294 355 2351 suscitans
378 2296 464 2366 ejecit
486 2310 597 2376 omnes,
617 2294 697 2366 quasi

111 2380 164 2420 nos
183 2366 287 2421 docens
304 2367 410 2437 absque
424 2365 504 2422 inani
521 2366 613 2437 gloria
625 2381 696 2437 esse,

109 2442 140 2493 et
160 2435 229 2492 nibil
244 2438 279 2493 ad
296 2438 571 2494 demonstrationem
584 2438 695 2507 lacere;

107 2507 257 2564 nonenim
276 2509 390 2565 humilis
405 2510 532 2566 Christus
547 2509 584 2564 ad
603 2516 696 2564 osten·

106 2580 246 2635 tationem
268 2581 379 2636 volebat
406 2581 513 2651 aliquid
538 2581 658 2650 operari.
682 2600 696 2631 u

108 2651 264 2708 Praedictos
282 2658 378 2708 autem
392 2659 451 2708 tres
466 2652 617 2721 discipulos
632 2658 698 2707 tan·

112 2729 174 2778 tum
190 2724 319 2793 permisit
332 2725 469 2780 Dominus
491 2725 626 2779 interesse
640 2739 698 2780 suae

109 2793 364 2865 transfigurationi,
381 2797 449 2852 item
467 2793 568 2868 agonis
580 2795 623 2852 sui
638 2811 700 2852 ora-

111 2865 197 2933 tioni,
210 2866 278 2921 item
293 2868 359 2923 huic
379 2867 556 2923 suscitationi
571 2885 580 2922 ε
595 2867 698 2938 primo,

111 2943 229 3008 propter
243 2954 342 2994 eurum
362 2939 548 3011 dignitatem,
562 2938 697 3009 secundo,

108 3014 228 3089 propter
240 3008 406 3081 signandam
425 3010 570 3067 trinitatis
589 3010 696 3080 fidem,

108 3083 205 3148 tertio,
223 3088 339 3152 propter
351 3083 464 3138 testium
478 3097 628 3138 numerum
643 3081 701 3138 sul·

109 3148 272 3221 ficientem;
297 3160 409 3224 quarto,
433 3158 548 3224 propter
571 3155 698 3210 omnium

109 3227 237 3278 statuum
263 3224 392 3281 Ecclesiae
415 3224 651 3297 significationem
672 3230 700 3280 ct

110 3295 410 3354 commendationem:
429 3312 480 3369 per
491 3299 606 3353 Petrum
622 3297 698 3352 enim

110 3365 161 3436 qni
174 3381 290 3423 uxorem
302 3370 411 3439 babuit,
426 3368 624 3440 significantur
637 3383 700 3422 con-

108 3435 219 3516 jugatu
245 3454 295 3509 per
316 3440 456 3497 loannem
479 3437 620 3510 quivirgo
636 3438 699 3506 luit,

113 3520 261 3586 virginem
279 3526 328 3581 per
341 3511 479 3570 Jacobnm
508 3508 557 3580 qui
576 3510 701 3564 nescitur

115 3591 199 3657 virgo
212 3576 304 3651 luisse,
319 3585 362 3639 rel
376 3597 492 3639 uxorem
504 3581 647 3648 babuisse,
662 3580 702 3634 ri-

114 3645 210 3704 dualis
223 3657 321 3710 status.
347 3657 460 3711 Patrem
482 3657 578 3710 autem
597 3657 625 3708 et
639 3667 700 3707 ma·

111 3724 188 3775 trem
202 3724 301 3792 puellae
317 3724 445 3795 permisit
457 3726 574 3792 intrare,
587 3729 703 3795 propter

112 3805 213 3848 eorum
231 3796 469 3853 testificationem.
482 3799 518 3853 Et
538 3801 629 3852 imaus
643 3812 702 3851 mu·

111 3876 180 3918 mim
205 3869 316 3938 puella,
332 3872 374 3924 m't
393 3870 440 3924 illi
456 3885 463 3924 :
482 3869 593 3925 Talithu
620 3869 703 3934 mmi,

115 3937 193 4060 guod
219 3944 259 3995 est
280 3943 491 4014 interpretatum
506 3960 515 3996 ε
530 3940 636 4009 Puella,
653 3938 706 3994 tibi

138 4019 190 4080 tto,
218 4024 310 4081 stupe.
340 4014 394 4069 Per
425 4016 531 4068 tactum
558 4017 587 4066 et
606 4024 705 4066 vocem

115 4089 181 4135 eam
197 4084 326 4154 curabat,
345 4090 375 4139 ut
390 4083 552 4140 ostenderet
563 4081 638 4155 quod
652 4081 705 4135 bu-

116 4152 242 4227 manitas
252 4160 328 4211 esset
338 4155 558 4212 instrumentum
573 4152 707 4210 divinita·

117 4221 156 4279 tls
182 4224 320 4282 miracula
344 4226 483 4285 facientis.
499 4225 589 4296 Unde,
605 4239 705 4281 secun·

118 4287 188 4352 dum
203 4296 433 4372 chrysostomum,
447 4313 547 4356 manus
558 4299 624 4355 Jesu
635 4296 707 4352 rivi-

753 431 866 489 llcatira
892 431 1013 490 existens
1049 439 1193 493 mortuum
1236 453 1339 508 corpus

750 503 888 570 vivificam
902 520 953 561 rox
964 512 1058 562 autem
1069 507 1212 577 jacentem
1223 510 1338 569 excitat.

750 579 786 633 Bt
801 576 944 642 confestim
968 581 1093 634 aumas
1115 580 1220 649 puello,
1235 585 1261 636 et
1278 597 1339 638 um·

752 648 886 704 balabat:
908 648 975 719 qnia
997 648 1075 706 nulla
1089 665 1170 705 mora
1192 652 1267 707 inter
1280 668 1341 710 ver-

752 719 819 775 bum
834 719 895 790 ejus
907 726 937 776 et
951 718 1055 778 lactum
1069 727 1141 780 erat.
1158 723 1209 780 Ubi
1222 725 1340 793 Chryso·

752 796 856 847 stomus
878 809 887 846 ε
910 812 923 841 α
947 792 979 847 ln
992 792 1183 849 ambulatione
1200 796 1262 864 ejus
1283 812 1341 853 non

752 862 843 918 solum
854 862 999 933 suscitata,
1013 865 1063 921 sed
1077 869 1106 921 et
1121 866 1243 946 perlecta
1259 883 1342 924 sana·

752 941 781 991 ta
809 933 977 992 ostenditur.
1007 953 1021 989 u
1050 939 1086 991 Et
1109 940 1196 1006 jussit
1219 940 1342 996 illidam·

752 1006 929 1076 manducare,
948 1006 984 1062 ad
998 1007 1249 1065 demonstrandum
1266 1010 1342 1080 quod

752 1093 816 1133 earu
827 1093 892 1134 vere
903 1078 1090 1148 suscitavit,et
1104 1086 1134 1134 ut
1147 1096 1201 1134 nou
1214 1079 1343 1138 vicinatur

754 1151 921 1219 phantasma
932 1165 1003 1217 esse,
1023 1150 1099 1220 quod
1117 1151 1288 1209 factumest.

793 1238 824 1276 ro
838 1221 907 1286 Quin
916 1237 943 1274 is
953 1237 1036 1276 sasso
1047 1237 1267 1279 ursrrcorusncs
1277 1241 1343 1281 uon·

754 1308 818 1356 TUA,
827 1308 968 1360 rimemus,
975 1309 1062 1348 TURBA
1070 1310 1256 1361 ruut'LTL'srsS,
1267 1312 1344 1351 ursel·

756 1379 873 1424 runicus
901 1380 984 1419 nurus
1012 1381 1136 1419 airiacum
1164 1366 1281 1421 rnsrust
1309 1396 1344 1409 -

756 1436 880 1515 ulyssice,
897 1435 992 1506 puella
1007 1434 1036 1493 in
1052 1436 1137 1492 domo
1155 1444 1279 1506 mortua,
1302 1444 1345 1496 est

756 1522 853 1563 anima
871 1516 983 1564 mortua
1010 1524 1060 1578 per
1075 1517 1221 1580 peccatum
1246 1512 1275 1565 iu
1295 1526 1345 1565 co·

756 1579 904 1648 gitatione.
920 1580 993 1636 Dicit
1004 1586 1101 1637 antem
1113 1580 1258 1647 Dominus,
1268 1582 1344 1652 quod

756 1651 849 1720 puella
876 1651 991 1723 dormit,
1015 1653 1082 1725 quia
1105 1653 1153 1722 qui
1182 1662 1299 1722 peccant
1315 1652 1345 1709 in

754 1721 897 1793 prasenti,
911 1725 1003 1781 adbuc
1023 1740 1074 1795 per
1090 1723 1283 1794 poenitentiam
1301 1740 1345 1780 re·

754 1796 885 1850 suscitari
901 1802 1025 1866 possunt.
1046 1795 1186 1852 Tibiciues
1205 1802 1270 1850 sunt
1285 1796 1345 1853 dae·

756 1879 853 1920 mones
865 1874 1061 1947 suggerentes,
1075 1866 1117 1920 vel
1134 1867 1262 1921 homines
1276 1868 1346 1922 adu·

753 1935 869 2006 laturos,
885 1937 1037 2008 qurlovent
1047 1944 1198 2005 mortuam,
1212 1944 1239 1991 et
1250 1943 1348 1993 tonent

756 2006 801 2065 hic
815 2023 918 2076 corpus
930 2010 959 2064 in
976 2010 1070 2064 carnis
1086 2008 1209 2063 laescivia
1233 2013 1261 2061 et
1274 2008 1347 2064 sola·

754 2079 812 2147 tiis,
829 2095 892 2150 quas
909 2079 1028 2135 faciliter
1042 2079 1232 2134 terminantur
1247 2078 1283 2134 ad
1304 2079 1348 2134 ln·

755 2157 832 2208 ctum
847 2149 949 2207 inlerni
971 2157 1000 2208 et
1020 2149 1210 2208 desolationis.
1228 2151 1282 2208 Sed
1298 2167 1349 2208 nos

756 2225 791 2280 ad
802 2224 923 2295 patriani
936 2224 1098 2293 tendentes,
1110 2222 1271 2279 mortiferos
1281 2225 1350 2281 sire·

756 2310 861 2352 narum
887 2302 988 2353 cantus
1012 2297 1104 2353 surda
1131 2311 1200 2352 anre
1227 2303 1348 2367 praeter·

756 2384 866 2424 eamus.
885 2369 963 2426 Unde
990 2370 1102 2442 Ulysses
1127 2366 1195 2423 lecit
1210 2384 1239 2423 se
1267 2365 1350 2436 ligari

758 2440 786 2495 iu
804 2439 878 2495 malo
894 2442 983 2508 navis,
1000 2445 1028 2496 et
1048 2456 1131 2497 aures
1150 2455 1216 2494 suas
1230 2440 1348 2494 obtura·

756 2511 806 2579 vit,
824 2528 858 2566 ne
882 2511 1017 2581 deceptus
1039 2513 1197 2565 sirenarum
1219 2509 1350 2565 cantibus

757 2583 786 2637 in
803 2598 880 2637 mare
891 2585 1018 2637 saltaret.
1033 2582 1134 2636 Turbae
1149 2582 1351 2635 tumultuantes

757 2659 825 2709 suut
842 2652 1017 2722 affectiones,
1034 2653 1078 2707 vel
1100 2651 1183 2706 amici
1206 2650 1334 2705 carnales
1341 2667 1349 2720 ;

757 2723 897 2781 derisores
918 2728 985 2780 sunt
1004 2724 1155 2791 seculares,
1184 2722 1227 2777 vel
1260 2722 1352 2778 detra·

758 2801 861 2854 utores.
876 2796 971 2854 Turba
995 2811 1062 2869 ergo
1088 2794 1159 2851 loris
1182 2794 1305 2877 ejicitur,
1321 2799 1353 2852 ut

758 2868 851 2938 puella
877 2869 1048 2938 suscitetur,
1071 2866 1138 2940 quia
1159 2883 1255 2923 amma
1277 2869 1352 2926 intus

755 2943 856 3012 jacens
870 2945 982 2997 mortua
995 2956 1052 2997 non
1068 2941 1203 3011 resurgit,
1216 2938 1267 2995 nisi
1276 2938 1352 3008 prius

758 3011 926 3070 affectiones
939 3013 1068 3069 carnales
1081 3018 1109 3068 ct
1122 3028 1197 3067 curm
1209 3013 1352 3068 seculares

760 3084 795 3140 de
811 3085 897 3142 corde
912 3086 1110 3156 expellantur:
1128 3085 1189 3140 baec
1203 3085 1279 3139 enim
1298 3084 1351 3140 im·

761 3156 887 3226 pediunt‚
903 3172 939 3213 ne
959 3157 1022 3228 quis
1041 3157 1077 3213 ad
1094 3156 1352 3213 considerationem

760 3243 818 3282 snae
833 3226 932 3283 salutis
946 3242 977 3283 se
991 3228 1115 3298 colligat.
1132 3227 1274 3282 Tibicines
1286 3223 1351 3297 ejici

762 3298 876 3366 debent,
893 3298 941 3369 qui
954 3304 1012 3354 tarn
1033 3313 1100 3353 uam
1117 3298 1243 3366 magistri
1259 3298 1288 3350 in
1304 3311 1351 3350 er·

760 3383 856 3423 rorem
876 3367 1002 3423 animaru
1015 3315 1188 3424 demulcent.
1208 3366 1352 3421 Derisores

761 3453 874 3563 quoflue
896 3439 1029 3508 ejiciendi
1050 3443 1127 3503 sunt,
1143 3438 1210 3506 quia
1223 3441 1352 3490 coutem-

761 3524 818 3564 nen
839 3508 848 3564 i
861 3513 890 3565 et
905 3507 1021 3564 minime
1032 3507 1161 3564 curandi.
1174 3508 1208 3561 Et
1222 3511 1288 3562 tunc
1301 3522 1352 3578 pu·

759 3579 814 3635 ella
827 3579 987 3650 suscitatur,
999 3580 1113 3651 quando
1130 3579 1246 3634 domum
1257 3580 1351 3635 cordis

760 3650 1352 3725 Christusingrediturducenssecumloan·

760 3723 863 3780 nsmid
879 3729 933 3797 est,
943 3723 1285 3793 pretium,Petrumidest
1295 3740 1352 3793 cop·

761 3798 907 3867 ultionem,
927 3801 955 3852 at
965 3797 1101 3855 iacobum
1119 3796 1207 3863 idest,
1220 3797 1352 3868 supplan·

763 3870 895 3924 tutionem
909 3868 1055 3926 vitiorum.
1072 3870 1124 3936 Qui
1139 3869 1352 3936 veroaspiritu-

761 3937 800 3995 ali
811 3945 914 4009 morte,
923 3939 1032 3997 scilicet
1044 3956 1061 3996 a
1073 3939 1158 4009 vitiis,
1164 3954 1261 3995 resusc
1269 3939 1353 3991 itatus

763 4009 861 4080 luerit,
876 4012 1057 4068 nonsoluma
1068 4012 1200 4067 sordibus
1213 4008 1352 4062 scelernm

763 4095 925 4155 exsurgere,
942 4084 993 4138 sed
1016 4083 1102 4138 etiam
1114 4083 1144 4137 in
1157 4079 1238 4135 bonis
1251 4077 1353 4131 ambu-

763 4151 822 4208 lare
841 4157 871 4209 et
885 4153 1022 4225 prolicere
1037 4153 1135 4218 debet;
1161 4155 1190 4205 et
1213 4162 1277 4203 mox
1297 4161 1352 4203 coe·

763 4222 827 4279 lesti
839 4240 923 4298 pane,
942 4224 1051 4282 seilicet
1065 4222 1151 4277 verbo
1169 4219 1231 4288 Dei,
1255 4222 1283 4273 et
1307 4233 1353 4275 sa·

765 4300 913 4352 eramento
926 4295 1023 4353 altaris
1043 4292 1140 4349 satiari
1167 4304 1281 4346 necesse
1301 4289 1353 4346 lia·
