2880 4942
96 328 142 384 166

459 328 568 381 rulth}
595 324 716 381 inuris
742 322 846 379 CAPUT
873 321 968 377 inll

107 433 250 493 Christum
264 440 404 508 quarunt,
417 441 445 491 et
458 451 516 492 non
530 432 688 503 fastidiunt,
715 433 719 501 i
743 427 906 498 reiectione,
926 426 974 500 qni
997 426 1157 500 Philippus,
1178 426 1336 485 secundnm

109 521 127 564 a
141 507 252 566 Christo
270 507 479 579 suscipiuntur3
493 523 526 562 ao
538 504 691 578 corporali·
716 508 719 539 ³

107 582 153 635 ter
167 586 192 635 et
201 578 425 651 spiritualiter,si
437 578 575 649 indigent,
586 593 689 633 curan·

105 655 161 707 tur.
179 651 233 707 Sed
248 668 330 707 nemo
346 650 439 706 cibum
458 649 561 706 Christi
576 647 690 721 accipit,

108 721 164 778 nisi
181 727 265 778 antea
279 726 395 778 sanatus
410 722 511 789 suerit;
538 720 605 793 quia
628 726 691 792 post

108 792 304 850 remissionem
337 799 517 865 peccatomm
556 793 692 850 tribuitur
718 782 722 887 i

107 863 245 920 alimonia
259 864 392 922 ccelesiis.

144 938 232 993 scm
262 940 438 994 Ernnenmmi
460 954 494 992 nn
524 952 693 993 nrnrrrmcn·
718 890 722 1035 Ι

109 1022 189 1065 mons
206 1026 295 1065 risun
308 1028 349 1065 ms
363 1028 390 1065 m·
405 1026 478 1065 inno
492 1026 647 1065 nscunrcn.
657 1039 692 1049 -
720 1046 722 1079 2

112 1080 182 1135 Erat
196 1088 288 1137 autum
312 1085 470 1153 prosimum
488 1084 604 1143 Pascha,
633 1080 692 1135 dies

108 1152 196 1218 {estus
205 1154 370 1210 iudeorum.
383 1153 459 1209 lstud
468 1158 528 1209 crat
536 1151 692 1209 secundnm

109 1222 214 1280 festum
234 1226 376 1297 paschale,
402 1231 428 1281 et
447 1224 477 1280 in
497 1242 531 1281 eo
556 1241 614 1280 non
641 1223 692 1279 init

109 1295 246 1353 Dominus
264 1297 292 1352 in
319 1296 486 1355 Jerusalem.
512 1296 588 1353 Sicut
615 1293 691 1351 enim

108 1370 249 1424 semanno
270 1371 371 1439 Legem
390 1368 558 1423 ostendebat
580 1384 610 1423 se
630 1382 691 1423 esse

108 1454 206 1495 rerum
221 1439 365 1495 bominem
376 1440 411 1494 de
424 1439 490 1493 titiis
501 1439 584 1495 lsrael
593 1454 691 1493 secun-

108 1509 176 1566 dum
192 1526 320 1577 carnem3
342 1510 381 1565 sic
395 1509 560 1579 aliquando,
574 1515 690 1580 praeter·
718 1532 721 1557 ι

111 1579 250 1636 mittendo
265 1580 491 1637 observationem
505 1583 576 1652 eJus,
592 1585 688 1636 osten·
717 1562 720 1631 i

103 1650 189 1707 debat
208 1668 237 1707 se
257 1668 317 1707 csse
344 1654 443 1721 iteum,
464 1668 550 1723 supra
573 1654 686 1723 Legem.
717 1664 720 1745 j

108 1721 161 1779 Ubi
176 1728 253 1792 nota,
267 1722 343 1794 quod
356 1723 431 1779 istud
444 1724 626 1793 Eranpeiinm
644 1721 688 1780 bis
716 1752 719 1803 ἦ

104 1793 135 1851 in
148 1810 222 1851 anno
237 1795 265 1850 in
282 1794 403 1852 Ecclesia
413 1795 558 1864 recitatur,
570 1794 687 1865 scilicet,
716 1816 720 1865 i

107 1866 138 1923 in
153 1872 255 1939 quarta
279 1867 421 1924 dominica
446 1867 687 1937 Quadranesimae,
716 1872 719 1913 t

106 1944 134 1996 et
143 1940 196 1997 boc
210 1945 325 2013 propter
335 1939 505 2013 principium
517 1939 583 1996 dicti
600 1942 689 1996 Evan-
716 1930 719 1971 ³

109 2012 186 2083 getii,
212 2012 260 2069 ubi
282 2012 385 2084 tegitur
408 2017 503 2069 :Erat
529 2016 688 2085 proximum
717 2010 720 2061 i

104 2086 220 2147 Pascha,
238 2087 297 2140 dics
310 2088 398 2152 festus
410 2087 587 2149 iunctorum
613 2089 641 2140 et
659 2083 688 2139 in

87 2216 90 2223 ,
107 2153 205 2211 ultima
225 2155 368 2211 dominica
385 2162 453 2212 ante
473 2157 642 2223 Adventum,
660 2159 690 2211 et

103 2225 158 2281 boe
171 2233 287 2297 propter
301 2228 387 2281 tinem
409 2228 536 2297 ejusdem
561 2229 688 2297 Evange-

110 2294 151 2363 lii,
164 2296 210 2351 ubi
221 2296 324 2351 dicitur
338 2313 345 2349 τ
360 2299 411 2351 iiic
422 2303 462 2351 ost
476 2299 622 2367 Propheta,
640 2299 690 2367 qui

113 2372 243 2421 sentinus
259 2372 299 2421 est
310 2369 339 2421 ia
353 2368 494 2423 mundum.

145 2440 369 2506 hi'mssrrnnra.
393 2469 426 2479 —
461 2442 577 2511 Vespere
598 2444 689 2496 nutem

112 2512 198 2578 tacto,
213 2516 382 2567 accesserunt
403 2512 441 2567 nd
468 2528 530 2567 euin
556 2514 690 2584 discipuli

108 2584 226 2640 diceutes
239 2604 247 2640 :
259 2585 319 2655 jcuu
331 2586 408 2649 hora,
420 2584 556 2642 redeundi
570 2586 606 2642 ad
621 2600 688 2656 pro·

104 2654 167 2728 pria
181 2662 209 2713 et
226 2656 405 2725 comedendi,
418 2661 566 2728 praeteriit;
583 2665 610 2715 et
625 2657 689 2714 ideo

103 2728 219 2783 reiectio
237 2728 397 2784 necessaria
407 2729 468 2784 tuit.
485 2731 517 2785 iu
529 2746 584 2799 qno
596 2735 689 2786 osten·
721 2726 724 2785 Ξ

104 2796 181 2853 ditur
195 2798 368 2854 desiderium
381 2800 545 2868 silvatoris,
561 2801 636 2871 quod
652 2800 688 2856 de
720 2798 724 2849 i

109 2868 199 2924 sainte
217 2868 377 2924 animarum
400 2870 531 2938 babebat,
555 2871 622 2941 qiiia
640 2887 687 2926 us-
720 2866 723 2913 i

110 2940 213 3009 quoad
232 2954 378 3009 vesperem
400 2955 560 2996 sermonem
576 2947 687 3012 protra-
720 2966 722 2977 ·

107 3010 209 3077 hebat;
241 3015 270 3065 et
298 3010 443 3066 turbarum
471 3010 596 3081 devotio,
626 3029 688 3083 quae
720 3040 722 3083 3

107 3079 255 3137 dulcedine
280 3080 420 3137 sermonis
446 3081 584 3139 Dominici
609 3088 688 3141 tene·
720 3116 723 3135 .

103 3152 690 3225 bantur,neepropternoctemimminen·
720 3146 723 3223 f

108 3228 166 3283 tem
179 3228 214 3284 ab
229 3243 262 3283 eo
277 3227 461 3296 recedebant,
485 3228 615 3299 quamvis
636 3227 689 3285 aii·
720 3236 723 3291 j

106 3305 202 3356 menta
222 3315 276 3355 non
296 3299 442 3355 haberent.
464 3303 585 3358 Tantum
613 3300 689 3357 enim
720 3310 723 3315 '

107 3370 306 3428 desiderabant
325 3371 424 3428 audire
440 3371 592 3441 Christum,
613 3373 689 3446 quod

745 505 973 572 chrysostomum,
996 498 1087 571 magis
1111 498 1194 557 rudis
1221 499 1289 570 init,
1312 506 1338 558 et

745 572 837 646 magis
845 569 1340 644 indigensinstructione.Etcogne

745 645 797 716 vit,
806 646 945 702 referente
953 643 1076 711 Andrea,
1084 643 1164 715 quod
1175 660 1255 700 unus
1261 658 1339 715 puer,

747 716 900 785 intereos,
916 715 1041 786 quinque
1056 730 1145 785 pianes
1163 715 1341 773 hordeaceos

748 795 776 846 et
790 789 863 846 dnos
877 787 969 860 pisces
988 791 1097 843 tantum
1111 786 1252 855 haberet,
1261 802 1341 859 quos,

748 878 782 917 eo
807 862 937 932 jubente,
958 860 986 914 in
1006 856 1134 914 medinm
1160 858 1339 929 attuierunt;

747 928 1340 1005 propterenimspiritualemreiectionem,

750 1020 837 1075 qnam
854 1002 985 1059 continue
1004 1018 1022 1058 a
1044 1000 1168 1059 Domino
1182 1002 1340 1073 habehant,

749 1093 810 1132 non
826 1077 949 1133 multum
968 1074 1004 1130 de
1022 1072 1166 1145 corporati
1185 1072 1340 1131 reiectione

749 1147 806 1205 sibi
821 1148 959 1203 curabant
973 1144 1123 1218 providere
1143 1162 1150 1200 :
1172 1145 1205 1201 in
1220 1162 1281 1218 quo
1297 1160 1338 1201 ar·

750 1225 877 1292 guuntur
900 1233 1080 1274 successores
1103 1232 1220 1285 eorum,
1242 1215 1340 1289 quide

748 1291 857 1348 deliciis
877 1289 932 1347 sibi
955 1289 1104 1362 providere
1128 1304 1185 1345 non
1217 1292 1336 1345 cessent

749 1364 800 1420 Ubi
812 1363 887 1419 idem
895 1364 1100 1431 chrysostomus
1111 1377 1119 1415 :
1132 1380 1147 1411 n
1158 1359 1338 1417 Addiscimns

747 1441 842 1492 antem
869 1434 897 1490 in
923 1433 988 1499 hoe,
1012 1431 1221 1503 discipulorum
1251 1431 1336 1504 phile·

747 1506 888 1579 sophiam,
903 1504 1026 1576 qualiter
1043 1509 1285 1575 contempserunt
1296 1518 1335 1561 es·

747 1595 819 1635 cam.
832 1576 985 1635 Duodecim
994 1574 1070 1632 enim
1081 1574 1252 1643 existentes,
1264 1574 1337 1647 quin·

766 1668 801 1707 ue
816 1649 1014 1706 tantummodo
1030 1663 1120 1721 panes
1136 1647 1295 1711 habebant,
1312 1650 1337 1729 ot

746 1668 818 1779 duos
832 1721 938 1793 pisces3
953 1717 1190 1791 contemptibilia,
1209 1718 1288 1775 enim
1300 1731 1337 1775 eu

746 1789 1337 1863 erantcorporalia,etaspiritnaiibuspos·

746 1866 922 1922 sidebantur.
947 1884 961 1918 u
989 1863 1148 1935 Oportebat
1167 1868 1269 1920 autem
1289 1874 1337 1919 nos

746 1937 864 2005 erudiri,
884 1934 1086 2007 discipulorum
1106 1935 1253 2006 exempto,
1271 1949 1336 2006 quo·

747 2010 836 2071 niam,
851 2014 877 2064 et
893 2006 916 2064 si
930 2023 1021 2079 pauca
1036 2005 1238 2075 babuerimus,
1259 2020 1335 2079 oper·

748 2088 787 2138 tet
803 2082 929 2137 tribuere
943 2078 1000 2135 indi
1023 2077 1148 2135 ontibus.
1167 2076 1251 2135 tussi
1265 2091 1337 2135 nain·

747 2169 802 2226 que
816 2151 948 2223 discipuli
973 2167 990 2207 a
1014 2167 1077 2207 erre
1092 2150 1224 2221 quinque
1244 2162 1335 2219 pana,

748 2242 803 2281 non
820 2225 926 2291 dicunt,
937 2223 1013 2280 unde
1026 2220 1226 2293 mitigabimns
1238 2222 1336 2278 tamem

747 2296 894 2353 nostram?
908 2295 957 2351 sed
974 2293 1122 2351 confestim
1140 2292 1291 2351 obediunt.
1307 2292 1337 2351 ln

747 2364 1335 2429 dimitJcsussFueitehominesdiscrimem.

747 2440 775 2496 id
790 2444 832 2497 est
843 2439 974 2496 ordinate
991 2438 1028 2495 ad
1038 2437 1250 2494 comedendum
1258 2435 1337 2493 sede·

748 2528 787 2573 ro.
804 2529 886 2594 stipor
898 2516 1011 2579 imaum,
1023 2508 1051 2565 id
1066 2514 1108 2566 est
1120 2525 1211 2581 super
1222 2509 1336 2565 berham

748 2584 809 2656 agri
821 2583 950 2651 viridem,
964 2580 992 2638 in
1007 2598 1063 2654 quo
1075 2580 1249 2649 ostenditur,
1265 2576 1336 2652 quod

747 2655 824 2713 loeus
849 2660 909 2713 erat
932 2660 1013 2726 aptus
1031 2654 1069 2710 ad
1092 2652 1265 2709 sedendum.
1288 2646 1336 2709 Ubi

748 2728 875 2785 innuitur
910 2724 1040 2798 probatio
1078 2723 1145 2780 fidei
1176 2726 1335 2790 turbarum,

768 2801 813 2855 uia
836 2798 920 2855 aliter
939 2814 994 2854 non
1014 2795 1154 2853 sedissent
1180 2795 1220 2852 ad
1245 2808 1335 2876 come·

747 2816 881 2936 desidum,
892 2868 946 2925 nisi
958 2867 1132 2926 credidisent
1143 2867 1273 2924 futurum
1283 2879 1334 2923 ml·

747 2943 884 2999 raeuium.

785 3021 801 3071 5
817 3017 901 3070 lurra
917 3030 1007 3069 uanus
1021 3013 1130 3070 Cunrsri
1145 3024 1335 3068 nnnrrruesn·

748 3104 800 3143 run
817 3104 903 3142 rnnss
922 3102 1116 3141 mersores-
1134 3082 1336 3140 secubuerint

748 3175 810 3227 erpo
824 3161 881 3213 uiri
896 3156 1025 3229 perfecti,
1037 3157 1119 3227 quusi
1133 3171 1249 3211 numere
1259 3154 1335 3281 parim

748 3247 800 3302 que
811 3232 901 3285 mittin
915 3230 1022 3301 absque
1033 3226 1159 3301 parvulis
1168 3233 1199 3284 et
1215 3242 1261 3282 mu
1275 3238 1335 3282 ren·

747 3304 815 3371 bus;
831 3301 987 3358 secundum
997 3300 1112 3357 modum
1124 3298 1202 3356 enim
1216 3293 1334 3355 Hebrai-

747 3390 810 3431 cum
823 3373 875 3430 soti
891 3371 944 3429 riri
958 3389 976 3429 a
990 3371 1089 3444 viginti
1102 3370 1196 3439 annis,
1210 3376 1241 3428 et
1250 3378 1335 3441 supra

111 3446 265 3500 omiserant
291 3450 441 3516 apportare
464 3462 559 3502 secum
574 3445 690 3503 alimen·
720 3458 723 3509 !
747 3452 945 3514 numerantur,
960 3444 1011 3502 sed
1028 3442 1140 3516 pacnuti
1156 3448 1182 3499 et
1200 3442 1334 3500 mutieres

108 3516 186 3581 tum3
199 3520 314 3586 propter
332 3517 407 3588 quod
422 3517 613 3575 necessarium
628 3523 690 3575 erat
720 3518 723 3523 '

117 3586 178 3640 ficri
199 3585 375 3643 miraculum.
392 3587 443 3644 Ubi
463 3592 689 3659 chrysostomus:
721 3614 724 3653 ι

105 3676 120 3704 α
147 3657 305 3735 Turbarum
335 3658 420 3715 tidem
447 3661 582 3727 ostendit,
614 3660 691 3733 quod
721 3664 724 3697 ³

113 3727 275 3792 hommum,
301 3728 386 3783 etiam
412 3730 515 3787 samem
540 3733 690 3802 patientes,
721 3780 724 3791 .

112 3798 311 3868 exspectabant
331 3815 420 3871 usque
442 3803 478 3857 ad
502 3818 660 3873 vesperam.
675 3823 690 3853 n

109 3870 174 3928 Gum
207 3884 270 3938 erpo
299 3870 465 3928 suhimosset
487 3875 565 3928 Jesus
589 3874 691 3942 ocutos,

110 3939 312 3998 misericordiae
329 3957 398 4007 suae,
414 3948 440 3999 et
462 3944 586 4011 uidisset,
605 3943 690 4001 mise·

110 4013 230 4071 rationis
248 4010 448 4085 intuituque
470 4016 692 4072 multitudome-
721 3986 724 4093 i

115 4236 172 4284 tem
199 4232 235 4286 ad
259 4230 411 4299 Christum,
430 4228 535 4303 incepit
564 4232 694 4289 conterre
721 4224 725 4301 i

114 4315 179 4356 cum
196 4301 326 4375 Phiiippo
346 4304 383 4362 de
405 4307 492 4360 tantm
505 4302 693 4362 multitudinis
722 4316 725 4377 ξ

113 4090 190 4143 aimo
206 4090 281 4141 emit
292 4086 329 4142 ud
348 4102 419 4155 eum,
441 4085 528 4142 totius
543 4086 641 4143 mundi
656 4088 693 4145 si·

113 4157 268 4229 gnificabat
295 4156 503 4215 multitudinem
523 4174 694 4217 concurren-

748 3523 888 3575 taoentur.
913 3519 971 3573 lioe
998 3514 1182 3572 autemdicit
1209 3516 1333 3586 Evange-

749 3590 825 3657 lista,
840 3595 871 3645 ut
885 3593 1021 3661 appareat
1040 3588 1130 3658 majus
1153 3585 1332 3643 miraculum.

749 3663 866 3731 decepit
880 3676 944 3728 mun
970 3664 1049 3715 Jesus
1072 3674 1171 3731 pones,
1201 3658 1334 3785 etpiseu

750 3732 778 3787 in
788 3731 920 3789 manibus
930 3730 1062 3803 gloriosis
1074 3734 1103 3788 et
1111 3729 1248 3787 venerabi
1260 3730 1333 3799 rhus,

749 3819 813 3875 quae
831 3803 886 3859 rim
908 3800 1112 3876 multiplicandi
1131 3802 1290 3869 habebant,
1303 3802 1334 3857 nt

750 3875 1006 3932 sacratissimarum
1018 3888 1155 3932 manuum
1170 3879 1248 3930 tactu
1260 3870 1332 3931 mni·

749 3946 959 4019 tipiicarentur;
975 3962 1009 4003 ao
1027 3961 1132 4017 magua
1148 3961 1269 4002 munera
1282 3944 1332 4001 ds·

751 4023 841 4087 turus,
869 4017 949 4091 prius
976 4017 1006 4074 in
1029 4017 1133 4074 eoeium
1161 4015 1285 4089 aspexit,
1301 4016 1333 4072 nt

750 4107 827 4146 omne
841 4091 938 4145 dutum
951 4091 1086 4161 optimum
1104 4093 1132 4144 et
1145 4089 1250 4145 meum
1267 4102 1331 4161 pert·

748 4164 851 4231 sectum
875 4163 1019 4218 desursum
1032 4176 1096 4218 esse
1109 4158 1332 4243 insinuaueris

750 4234 864 4289 Patrem
879 4248 961 4288 snum
977 4234 1144 4301 honoraret,
1157 4238 1187 4289 et
1201 4248 1260 4290 non
1276 4244 1331 4287 ur·

749 4309 810 4361 tute
821 4303 999 4373 elementari,
1019 4305 1069 4362 sed
1082 4303 1203 4374 celesti,
1221 4306 1277 4361 boo
1288 4302 1330 4361 is·
