2880 4942
235 320 274 374 ΒΕ
302 320 494 376 ntnnnrtcu
522 323 559 375 UT
586 322 849 379 EXHORTATIONE
876 323 917 378 ,tlt
944 322 1193 382 nunitirtrttit.
1289 329 1337 383 tel

106 436 204 502 tatem,
219 430 268 487 sed
284 435 397 502 propter
409 430 556 489 caritatem
575 437 603 489 et
618 448 689 505 pan·

108 521 205 575 perum
218 504 427 570 necessitatum
441 519 563 572 argirous
576 520 624 575 per
638 507 690 564 boc

108 578 273 646 Pharisaeos,
294 576 360 648 qnia
384 574 526 632 iaciebant
548 577 687 649 convivia,

106 665 163 704 uon
184 649 249 704 moti
272 646 384 717 pietate,
405 648 455 703 sed
475 648 563 721 magis
581 651 688 721 cupidi-

106 727 171 785 tate,
189 721 367 776 intendentes
395 736 445 790 per
468 722 520 777 hoc
552 725 688 793 consequi

104 792 686 864 utilitatem,nonhonoremtemporalem.

104 865 182 922 Unde
199 862 344 934 Dominus,
356 869 385 920 ut
395 880 444 935 pro
460 864 613 923 recletione
628 882 688 922 cor·

104 937 192 1007 poruli
205 937 376 1006 rependeret
385 938 688 1006 spiritualemscilicet

103 1009 305 1064 documentum
326 1008 450 1079 pietatis,
464 1009 572 1065 dicebat
591 1013 616 1065 ei
639 1013 688 1081 qui

102 1095 131 1136 se
144 1083 322 1143 invitaverat,
339 1087 367 1134 et
381 1095 431 1149 per
445 1082 499 1136 boc
517 1083 603 1137 etiam
617 1084 688 1139 alios

103 1153 266 1216 assidentes,
279 1151 329 1222 qui
340 1158 421 1207 eraut
433 1154 461 1208 in
473 1154 525 1209 hoe
535 1155 688 1225 culpabiles

104 1225 263 1295 arguebat:
283 1226 348 1281 Cum
368 1226 441 1292 lueis
462 1226 622 1295 prandium,
639 1231 687 1282 out

103 1313 215 1360 coenom,
226 1297 284 1352 noli
299 1312 394 1351 vocure
408 1299 509 1353 amicos
525 1298 630 1364 lucain
645 1304 688 1355 est

103 1375 221 1439 propter
244 1367 397 1424 amicitiam
420 1371 587 1439 secularem,
601 1388 687 1442 neque

101 1443 206 1509 fratres
217 1445 285 1504 tuos,
302 1441 383 1497 idest
396 1448 510 1511 propter
522 1445 688 1513 consangui-

101 1516 231 1579 nitatem,
242 1519 475 1583 uequecoquotos,
485 1515 511 1568 id
521 1524 563 1570 est
572 1523 687 1586 propter

101 1584 282 1653 al'iinitatem,
296 1601 382 1656 neque
395 1587 509 1654 vicinae,
524 1587 550 1643 iil
567 1593 609 1642 est
625 1602 687 1657 pro-

102 1662 164 1729 pter
179 1656 410 1722 tamiliarttuem,
426 1674 512 1728 neque
530 1659 641 1728 diuites,
657 1659 686 1715 id

101 1738 144 1788 est
157 1737 272 1801 propter
284 1730 408 1802 aliquam
423 1730 573 1787 utilitatem
587 1747 685 1788 conse-

101 1803 258 1874 quendam;
278 1802 339 1859 baec
359 1803 458 1860 ultima
475 1804 685 1874 determinatio,

100 1876 208 1931 scilicet
220 1875 330 1942 diuites,
343 1876 473 1931 omuibus
488 1876 631 1946 predictis
643 1877 685 1932 vi·

101 1947 686 2019 deturdeberesubintelligi;etitaseusus

101 2024 154 2087 est,
166 2019 242 2090 quod
255 2018 367 2090 iratres,
379 2024 408 2076 et
417 2028 561 2092 cruentos,
574 2026 602 2076 et
612 2022 685 2076 ami-

101 2107 159 2162 cos,
172 2099 201 2148 et
212 2091 319 2147 ricinos
330 2107 478 2165 pauperes,
491 2093 563 2148 sieut
576 2098 604 2149 et
615 2092 686 2149 alim

102 2179 205 2235 egenos
219 2180 320 2220 vocare
338 2174 446 2234 potero,
466 2172 495 2220 ut
515 2163 554 2220 eis
568 2164 642 2221 sicut
658 2171 687 2221 et

100 2237 163 2292 aliis
177 2237 348 2307 pauperibus
362 2236 538 2295 distribuam.
554 2253 604 2303 pro
617 2238 684 2294 Dee.

101 2308 135 2364 Et
150 2309 280 2364 subditur
299 2326 392 2371 causa.
413 2325 477 2365 cum
493 2308 607 2366 ailditor
623 2327 628 2367 :
647 2311 687 2367 Ne

99 2382 172 2448 sorte
194 2387 219 2436 te
237 2387 262 2437 et
277 2384 332 2453 ipsi
350 2384 513 2449 reinvitare
531 2384 591 2438 baee
609 2379 685 2438 cuim

100 2461 143 2508 est
162 2455 336 2510 cousuetudo
355 2455 512 2510 carnalium
525 2455 684 2523 hominum,

99 2526 207 2581 scilicet
225 2526 378 2583 reinvitare
400 2528 550 2582 invitantes
569 2524 685 2582 semcti-

99 2612 181 2669 psos;
195 2604 221 2655 et
232 2601 281 2669 tlot
291 2601 344 2655 tibi
353 2600 508 2666 retributio,
521 2599 556 2655 ab
571 2599 685 2654 bomine

99 2686 156 2726 non
171 2687 188 2728 a
204 2673 259 2726 ileo
274 2670 302 2726 in
317 2670 448 2742 praesenti
462 2686 518 2726 non
532 2673 560 2726 in
573 2672 683 2739 futuro;

99 2741 152 2798 ista
179 2759 301 2813 namque
327 2745 488 2799 reinvitatio
518 2743 686 2816 intelligitur

100 2815 301 2885 cujuscumque
317 2816 383 2871 boni
399 2815 561 2885 temporalis
576 2832 684 2872 recom-

100 2890 238 2958 pensatio.
253 2887 336 2945 Unde
348 2891 415 2945 dicit
425 2889 596 2952 Ambrosius,
608 2889 684 2959 quod

99 2958 268 3032 hospitalem
288 2961 510 3017 remuneraturis
524 2979 596 3028 esse,
613 2961 683 3017 aile-

99 3039 161 3088 ctus
187 3033 313 3088 averritiae
338 3039 389 3091 est.
405 3034 556 3089 Sciendum
575 3039 681 3100 tamen,

99 3105 176 3177 quod
195 3107 217 3160 si
237 3112 374 3161 vocentur
394 3105 520 3176 praedicti
534 3107 569 3161 ad
586 3106 683 3161 eonvi-

99 3179 145 3232 ria
158 3182 274 3249 propter
287 3177 435 3233 caritatem
450 3187 547 3234 mutuo
559 3179 684 3233 nntrien-

99 3250 176 3319 dam,
198 3251 373 3305 meritorium
400 3256 460 3318 est,
480 3252 501 3305 si
525 3255 620 3305 autem
647 3250 684 3305 ad

99 3321 244 3378 lasciviam
262 3322 304 3377 vel
319 3321 355 3377 ad
372 3320 468 3393 gulam
485 3321 683 3389 exercendam,

97 3395 143 3451 vel
168 3394 203 3449 ad
229 3395 344 3449 inanem
374 3392 505 3464 gloriam,
536 3399 683 3463 peccatum

100 3470 152 3535 est,
165 3473 194 3522 et
206 3466 330 3521 inritans
345 3464 497 3521 sustinebit
512 3480 643 3536 poenam;
660 3466 683 3520 si

98 3543 195 3595 autem
210 3539 246 3594 ed
258 3539 481 3601 reinvitandum,
495 3538 601 3604 recepit
612 3550 684 3594 mer·

100 3613 198 3666 ecdem
221 3626 322 3681 suam3
341 3609 363 3666 si
385 3616 480 3666 autem
503 3610 539 3666 ad
564 3609 684 3665 beneve-

99 3682 217 3739 lentiam
234 3700 282 3739 seu
297 3683 507 3749 liberalitatem,
519 3680 683 3739 indifferens

100 3761 187 3826 est,et
202 3761 293 3826 potest
310 3757 380 3811 bene
395 3755 456 3810 ileri
468 3761 495 3809 et
505 3754 587 3815 maie,
600 3761 684 3824 prout

99 3828 136 3883 ad
165 3829 249 3883 linem
272 3827 436 3884 ulteriorem
461 3825 618 3894 ordinatur,
635 3829 683 3896 qni

99 3898 167 3954 linis
184 3904 275 3970 potest
289 3916 349 3953 osse
360 3899 501 3956 bomisvel
519 3901 617 3955 malus.
632 3900 684 3954 Un-

99 3971 135 4026 de
152 3973 212 4027 luec
234 3970 361 4026 invitatio
378 3974 560 4040 pernumium,
581 3972 631 4025 iusi
649 3974 682 4027 de

101 4042 274 4112 patrimonio
286 4043 401 4110 Cbristi,
418 4043 588 4113 quodtotum
599 4042 683 4098 debet

100 4116 130 4170 in
146 4132 213 4171 usus
229 4130 383 4184 retinerem
403 4117 522 4185 expendi
537 4132 543 4182 ;
561 4116 633 4169 sieut
648 4116 682 4171 ile

99 4191 268 4243 testamento
285 4188 353 4242 iiribi
366 4187 515 4243 commisse
527 4185 563 4243 ad
577 4186 681 4242 iacien-

100 4259 168 4315 dum
195 4261 413 4329 eleemosynam,
433 4275 490 4315 non
514 4274 626 4330 possum
653 4260 682 4314 in

99 4332 171 4388 alios
188 4347 257 4389 usus
277 4331 435 4402 expendere
450 4331 614 4401 quidquam.
629 4330 684 4387 Sed

746 448 807 489 eum
825 434 899 502 sacis
919 436 1085 505 conuiuium,
1099 438 1193 493 molus
1214 433 1330 510 pietate,

746 522 812 562 uoco
826 522 969 577 pauperes,
984 522 1080 575 censu,
1093 509 1140 580 qui
1154 525 1209 564 non
1226 509 1332 566 babent

747 579 781 635 dc
800 594 850 635 suo
870 579 906 635 ad
921 579 1092 648 vivendum
1109 584 1134 635 et
1148 581 1263 648 debiles,
1279 598 1334 639 co·

746 657 824 719 natu,
841 649 889 723 qui
908 651 1065 722 potentium
1092 667 1149 708 neu
1171 653 1277 710 babent
1294 653 1330 709 ad

744 724 950 793 laborandnm3
968 728 994 780 et
1015 723 1137 792 claudos,
1156 740 1265 796 gressu,
1283 723 1330 797 qui

743 795 785 853 ire
811 803 955 868 nequeunt
981 795 1017 852 ad
1042 796 1278 864 mendicandum
1304 802 1330 853 et

743 885 834 938 caeos,
849 869 921 939 risu,
933 867 982 939 qui
992 883 1049 924 non
1061 867 1157 925 vident
1168 870 1204 925 ad
1213 868 1329 940 aliquod

742 941 897 998 artificium
909 941 1096 1010 operandum.
1106 944 1142 997 Et
1155 942 1250 997 beatus
1262 943 1331 1012 eric,

742 1015 851 1070 scilieet
867 1013 896 1069 iu
915 1014 1048 1085 praesenti
1065 1013 1242 1069 beatitudine
1258 1013 1329 1086 spei,

742 1090 771 1143 et
786 1087 815 1142 in
829 1085 924 1141 futuro
942 1084 1116 1141 beatitudine
1132 1086 1183 1152 rei,
1202 1088 1270 1155 quio
1285 1088 1329 1141 iu·

741 1159 820 1214 vitati
835 1174 887 1214 uon
904 1156 1003 1211 babent
1012 1157 1162 1212 retribuere
1170 1157 1238 1220 tibi3
1249 1157 1329 1214 ideo·

741 1229 894 1304 queipsum
901 1230 988 1284 Deum
1000 1243 1154 1300 numquam
1168 1227 1333 1285 obliviscen-

741 1308 798 1360 tem
808 1301 925 1359 babebis
937 1298 1103 1356 debitorem:
1114 1303 1207 1355 Pietas
1218 1301 1332 1356 enimod

741 1377 833 1433 omnia
848 1376 926 1430 utilis
941 1378 991 1441 est,
1005 1375 1214 1444 promissionem
1227 1373 1329 1428 babens

741 1451 805 1504 otte
828 1463 889 1517 qua
910 1460 983 1500 rruuc
1004 1451 1043 1501 est
1058 1450 1084 1501 et
1095 1447 1208 1513 futura.
1223 1443 1277 1501 Ubi
1291 1443 1332 1500 ait

743 1521 964 1588 Gbrpsostomus:
981 1518 1071 1573 «Non
1085 1533 1153 1589 ergo
1170 1519 1329 1586 turbemur,

742 1607 806 1648 cum
824 1606 881 1647 neu
899 1589 1051 1661 recipimus
1072 1587 1202 1645 beneficii
1218 1604 1330 1645 recom-

741 1664 955 1734 pensationem3
973 1661 1022 1717 sed
1041 1659 1135 1734 potius
1151 1676 1216 1719 cum
1231 1660 1331 1731 recipi·

741 1752 815 1792 mus.
837 1734 987 1803 Quoniam,
1008 1733 1031 1788 si
1051 1736 1252 1807 receperimus,
1272 1749 1329 1790 non

741 1805 1039 1879 ampliusrecipiemns
1055 1807 1196 1875 illic;sed,
1211 1807 1233 1861 si
1243 1803 1328 1861 mini-

742 1896 787 1936 me
795 1877 927 1936 retribuit
939 1881 1105 1947 bomo,tunc
1114 1877 1196 1936 uobis
1206 1879 1278 1934 Deus
1287 1892 1331 1934 re

741 1954 778 2008 tri
794 1952 871 2008 beet.
885 1970 898 2003 u
908 1950 986 2006 Unde
995 1951 1123 2021 sequitur
1133 1970 1142 2006 ε
1152 1950 1329 2008 Retribuetur

741 2026 813 2080 cuim
824 2024 886 2091 tibi,
900 2020 1008 2078 scilieet
1023 2040 1039 2077 a
1052 2021 1184 2090 Domino,
1194 2023 1225 2077 in
1237 2037 1329 2077 rerur-

741 2099 858 2152 rectione
864 2094 1014 2164 justorum,
1026 2096 1103 2164 quia,
1114 2095 1268 2152 seeundum
1278 2095 1329 2149 Be·

741 2168 816 2237 doru,
829 2172 879 2223 etsi
892 2182 991 2224 omues
1003 2172 1163 2238 resurgant,
1178 2163 1329 2248 singulari-

741 2245 785 2298 ter
795 2247 899 2301 tameu.
912 2240 1026 2311 etquasi
1039 2238 1152 2309 proprie
1163 2253 1328 2295 nonimme·

741 2314 796 2370 rito
810 2315 982 2371 resurreetio
993 2313 1135 2383 justorum
1148 2309 1262 2379 dicitur,
1278 2308 1326 2382 qui

741 2386 770 2441 in
795 2401 828 2442 ea
848 2381 1017 2443 immutandi
1036 2390 1112 2454 sunt,
1133 2388 1211 2441 etse
1230 2384 1328 2440 beatos

742 2473 803 2513 esse
826 2456 935 2513 loturos
957 2472 1014 2512 non
1033 2456 1174 2513 dubitant.
1191 2456 1244 2513 Ubi
1260 2455 1327 2512 Gre-

741 2531 835 2599 porius
849 2531 1005 2598 nyssenus:
1019 2549 1034 2580 o
1046 2529 1108 2585 Non
1120 2543 1188 2599 ergo
1201 2528 1327 2598 negligas

739 2603 876 2673 jacentes,
892 2601 973 2669 quasi
993 2600 1070 2656 uuile
1089 2600 1146 2655 sint
1166 2599 1253 2670 (ligni.
1269 2598 1325 2655 Co·

740 2674 875 2745 gitaquid
889 2670 956 2741 sint,
967 2680 995 2727 et
1010 2673 1216 2743 pretiositatem
1227 2685 1327 2727 eorum

741 2745 878 2802 invenies.
893 2746 1045 2801 Salvatoris
1060 2743 1216 2801 induerunt
1229 2743 1327 2815 imagi-

740 2833 818 2883 nem,
838 2816 1001 2874 futurorum
1023 2817 1164 2873 bonorum
1194 2817 1323 2884 beredes,

740 2889 819 2962 regui
840 2889 984 2961 clavigeri,
1000 2899 1181 2946 accusatores
1197 2896 1227 2945 et
1243 2903 1326 2944 excu-

739 2967 847 3019 satores
871 2962 985 3030 idonei;
1012 2978 1068 3018 uon
1094 2968 1250 3033 loquentes,
1275 2959 1325 3016 sed

739 3034 858 3106 inspecti
872 3051 889 3090 a
902 3035 1010 3090 iudice.
1026 3056 1041 3085 »
1060 3035 1111 3092 Ubi
1128 3044 1156 3092 et
1170 3036 1326 3105 Obrpsoslo·

737 3124 798 3162 mus
814 3127 822 3162 r
840 3128 854 3158 o
871 3108 988 3162 nei-,uu
1005 3123 1074 3178 ergo
1093 3124 1142 3163 eos
1159 3122 1271 3163 sursum
1295 3107 1324 3160 in

737 3181 841 3234 solario
857 3177 1011 3248 suscipere.
1030 3179 1130 3234 Sinon
1150 3180 1252 3250 placet,
1269 3175 1324 3231 sal·

737 3258 795 3307 tem
809 3250 953 3317 deorsum,
971 3249 1019 3307 ubi
1038 3257 1105 3306 sunt
1119 3251 1281 3319 subjugalia
1296 3253 1325 3304 ct

738 3322 847 3379 famuli.
866 3320 1009 3377 Christum
1030 3320 1179 3392 suscipias,
1199 3320 1250 3376 ssat
1268 3320 1324 3375 sal·

739 3401 796 3452 tem
812 3407 920 3465 pauper
932 3391 1062 3448 aeilitous.
1080 3390 1131 3451 Ubi
1148 3399 1189 3450 est
1204 3392 1326 3447 eleemo-

738 3481 818 3535 syna,
848 3480 905 3520 non
929 3465 1016 3520 audet
1045 3463 1153 3521 intrare
1181 3462 1321 3520 diabolus.

739 3539 815 3594 Etsi
835 3551 932 3593 secum
953 3535 1116 3605 consedeas,
1137 3534 1217 3592 mitte
1237 3534 1264 3591 ei
1289 3535 1324 3590 de

739 3625 836 3667 mensa
858 3607 974 3665 lercula.
996 3628 1011 3658 »
1037 3609 1071 3664 iit
1090 3609 1192 3665 iterum
1208 3624 1216 3663 ι
1234 3627 1249 3658 o
1269 3605 1325 3663 Sed

737 3680 809 3739 dicis
827 3704 833 3738 :
850 3680 1015 3738 immundus
1033 3685 1077 3738 cst
1093 3697 1202 3754 pauper
1216 3684 1245 3737 et
1262 3695 1323 3736 sor-

737 3754 821 3811 didus
830 3775 837 3823 ;
863 3755 927 3810 lava
956 3769 1021 3810 enm
1049 3760 1078 3810 et
1103 3753 1147 3810 iae
1172 3762 1266 3810 tecum
1293 3751 1323 3807 iu

738 3842 836 3883 mensa
850 3825 958 3882 sedere.
976 3825 1005 3883 Si
1019 3831 1112 3884 vestes
1128 3825 1257 3883 sordidas
1272 3825 1324 3879 ba-

738 3900 795 3965 bet,
812 3898 948 3954 mundum
964 3898 1160 3956 indumentum
1180 3897 1322 3954 esliibeas.

738 3971 864 4028 Christus
879 3970 989 4026 accedit
1004 3987 1055 4042 por
1075 3987 1149 4032 euin,
1164 3977 1193 4025 et
1220 3974 1248 4022 te
1272 3966 1324 4022 iri·

738 4044 802 4098 vola
817 4041 954 4112 loquerisl
968 4063 982 4091 υ
999 4044 1059 4098 brec
1071 4045 1286 4109 Obrqsostomus.

778 4117 808 4169 id
819 4116 986 4176 blendumen.
996 4132 1029 4169 ne
1039 4130 1165 4169 convivio
1174 4127 1323 4167 semirusui

737 4203 770 4241 er
787 4203 821 4241 os
839 4204 907 4242 reue
924 4189 983 4244 Dm.
998 4218 1033 4227 —
1046 4184 1191 4241 bioraliter
1203 4200 1268 4240 cum
1283 4186 1324 4239 l'a·

738 4257 777 4314 cis
792 4258 962 4325 convivium,
978 4258 1007 4313 id
1023 4263 1064 4314 est
1081 4272 1146 4313 cum
1161 4254 1272 4313 accedis
1286 4254 1322 4312 ad

738 4328 906 4399 orationem,
925 4336 953 4385 ut
981 4327 1121 4388 retieieris
1141 4342 1213 4402 pane
1230 4327 1321 4400 lacry-
