2880 4942
94 379 140 432 aaa
248 358 251 363 '
447 364 557 420 cuiun
583 326 701 414 cruris
728 354 833 410 crrur
860 353 972 407 oravi

96 480 189 555 Igitur
203 480 252 553 qui
264 478 315 537 lllii
331 483 360 536 et
372 476 439 534 filiae
451 489 485 531 ac
502 469 622 529 heredes
634 466 685 525 Dei
735 464 882 551 pinguior,
907 462 956 536 qui
973 466 1016 520 est
1043 458 1183 542 melior:
1204 453 1286 539 qnia,
1304 461 1334 514 ut

97 558 164 611 sunt
177 551 372 626 pergratiam,
389 549 502 614 iratres,
518 547 547 599 et
561 555 685 608 sorores,
736 539 806 593 dicit
821 539 1006 608 heronymus
1019 551 1027 593 ε
1045 555 1060 585 ι
1078 533 1141 589 lion
1154 543 1188 587 ru
1203 529 1333 599 sexibus,

99 632 217 692 matres,
234 641 267 681 ac
292 621 449 679 coheredes
476 614 581 674 Christi
607 618 685 681 suut,
735 608 832 666 sedin
855 609 938 667 lactis
966 603 1113 664 disceruit.
1138 604 1217 685 rEt
1246 607 1334 658 utart

96 698 147 771 qui
161 701 203 753 est
217 695 267 753 Dei
283 693 370 752 Filios
383 708 435 766 per
447 697 590 746 naturam.
615 684 687 742 ilinc
737 683 884 753 Gregorius
911 699 918 738 :
944 700 959 733 o
979 678 1061 751 hpud
1086 678 1243 758 Dominum
1262 689 1332 757 ‘uon

98 775 127 828 et
139 771 200 838 iam
219 784 267 824 eos
281 774 311 824 et
334 765 445 834 iratres,
465 768 493 819 et
515 774 637 827 sorores,
653 770 687 811 ac
709 800 713 813 .
737 757 843 831 gradus
860 754 1029 828 elegantior,
1043 749 1092 806 sed
1113 753 1181 804 vitae
1202 745 1332 802 melioris

99 845 204 898 matres
218 842 310 909 vocat,
327 835 462 910 quoniam
478 834 558 905 quasi
573 834 685 900 tratres,
709 816 712 863 Ι
737 828 812 887 actio
841 825 1053 910 comprobatur.
1082 842 1092 871 ι
1122 821 1204 875 Hanc
1234 821 1332 875 autem

98 919 128 969 et
148 926 263 968 sorores
281 926 314 966 ac
334 913 441 966 matres
456 905 558 977 diligit.
585 905 620 960 Et
644 901 688 958 his
737 897 1086 967 sententiam‚secuodum
1095 893 1331 972 chrysostomum,

98 984 214 1056 quidem
233 983 328 1039 verbis
347 981 525 1051 apertissime
540 983 688 1034 monstra·
737 974 875 1032 Dominus
888 968 1008 1034 induxit,
1019 971 1051 1024 ut
1059 963 1153 1022 nullus
1165 963 1203 1019 de
1217 977 1334 1045 genens

100 1063 157 1127 tur,
187 1055 262 1127 quod
290 1054 396 1111 carnali
418 1052 507 1109 amori
536 1047 689 1123 spiritualis
737 1045 896 1112 nobilitate,
912 1049 961 1099 aut
977 1043 1146 1098 Sanctorum
1160 1049 1331 1115 propagine,

98 1144 182 1186 amor
194 1127 278 1184 debet
289 1121 480 1197 praeierri3et
491 1122 689 1195 propinquitas
710 1162 714 1203 Ι
737 1117 798 1175 siue
819 1119 923 1173 virtute
943 1112 1079 1171 confidat.
1100 1109 1284 1189 docensuos
1304 1122 1333 1162 ru

99 1199 226 1257 caritatis
247 1195 453 1271 propinquitati
482 1193 689 1267 consanguini-
737 1180 1333 1267 nullacognatione'conllde'ntessrrtutem

100 1273 178 1331 tatis.
200 1272 239 1328 lio
259 1272 337 1327 enim
352 1284 449 1326 amore
465 1274 494 1324 et
513 1273 645 1336 matrem,
662 1269 690 1320 et
740 1260 895 1335 negligere.
917 1260 946 1316 Si
961 1272 1038 1315 emm
1053 1251 1237 1335 Miifflffiss
1250 1247 1332 1321 prod·

100 1344 214 1413 iratres,
225 1356 379 1413 omnesque
390 1338 492 1414 propin
516 1344 690 1395 uosnostros
739 1340 812 1390 essct
831 1340 952 1416 matrem
973 1343 1044 1409 esse,
1061 1340 1116 1383 msi
1135 1321 1333 1403 virtusades-

100 1415 221 1486 diligere
241 1414 388 1481 dehemus,
409 1428 465 1484 quo
481 1355 608 1467 Christus
624 1425 690 1465 ma·
740 1411 798 1476 sel;
831 1400 1334 1481 ursartiquealiuspercoguatiunem

100 1493 174 1544 trem
188 1492 217 1541 et
231 1484 335 1540 iratres
345 1499 411 1540 suos
422 1481 534 1538 dilexit.
549 1481 691 1553 [litigabat
740 1421 920 1536 sorvahuoct
939 1476 1001 1531 llna
1019 1485 1097 1554 enim
1117 1467 1256 1551 nobilitas
1273 1465 1334 1522 sola

100 1556 178 1615 enim
190 1571 252 1625 eos,
264 1571 321 1611 non
337 1555 405 1626 quia
421 1552 511 1625 magis
532 1554 690 1611 secundum
741 1555 796 1619 cst,
809 1549 986 1606 voluntatem
1003 1547 1127 1626 Danuui
1141 1556 1173 1596 in
1188 1538 1269 1596 eoehs
1282 1542 1333 1602 est,

101 1642 219 1686 earnem
250 1624 401 1708 propinqui
424 1631 522 1694 erant;
546 1625 597 1683 sed
624 1624 691 1698 quia
740 1615 1145 1698 lacere;ethicnoh1htat1s
1168 1611 1274 1694 modus
1292 1612 1333 1665 est

100 1700 277 1757 voluntatem
297 1700 389 1755 Patris
409 1696 470 1769 ojus
493 1696 584 1770 magis
599 1698 690 1755 lacie—
740 1693 842 1751 melior
855 1699 884 1750 el
894 1687 1081 1764 principalior
1091 1684 1151 1767 !¹¹⁰›
1161 1699 1213 1755 qui
1223 1686 1333 1765 tantuin

102 1772 180 1830 hant.
197 1769 248 1828 llic
263 1785 332 1846 ergo
347 1771 439 1845 magis
452 1767 563 1828 Christo
574 1775 617 1830 est
628 1787 693 1845 pro·
740 1783 775 1824 ex
789 1764 977 1845 generatione
992 1759 1099 1821 cacmu
1115 1757 1263 1830 prosemt.

655 1973 785 2034 ORATIO

137 2140 258 2201 Domine
275 2142 344 2199 lesu
360 2138 481 2209 Christe,
501 2140 539 2199 da
567 2142 636 2201 mihi
653 2147 683 2200 ut
704 2142 824 2200 verbum
838 2143 919 2198 tuum
933 2138 1047 2198 audiam
1067 2135 1123 2193 ilde
1139 2130 1296 2203 credendo,
1311 2134 1338 2186 et

103 2213 262 2273 custodiam
282 2229 368 2284 opere
389 2212 590 2294 adimplendo;
612 2216 656 2272 iac
673 2229 717 2271 mo
742 2212 929 2286 spiritualiter
949 2229 1000 2286 per
1017 2208 1145 2268 auditum
1167 2210 1297 2278 portare,
1311 2206 1340 2258 et

104 2301 155 2360 per
169 2283 327 2342 custodiam
343 2283 451 2340 nutrire
465 2284 588 2356 idipsum
605 2286 655 2342 Dei
676 2287 804 2344 verbum.
821 2287 862 2341 Da
878 2283 957 2353 mihi,
976 2282 1095 2341 Domine
1109 2283 1295 2360 Deus-mene,
1309 2276 1340 2331 ut

104 2358 320 2428 occupationem
334 2353 511 2426 spiritualem
526 2357 604 2413 omui
617 2357 760 2414 affectioni
775 2356 894 2426 carnali,
910 2361 938 2413 et
950 2372 1020 2429 opus
1032 2353 1082 2412 Dei
1100 2354 1224 2424 negatus
1239 2349 1340 2405 huma·

105 2426 161 2498 nis,
184 2443 217 2485 ac
232 2425 432 2484 universaliter
447 2427 561 2486 utiliora
577 2429 671 2486 minos
693 2429 822 2498 utilibus,
838 2433 867 2486 te
887 2434 1010 2498 rectore,
1028 2432 1056 2483 te
1082 2425 1166 2492 duce,
1188 2420 1342 2502 praeferam

106 2515 219 2573 semper
228 2504 257 2557 el
271 2513 447 2626 praeponam.
464 2500 518 2557 Fac
533 2517 578 2559 me
593 2502 690 2571 corde,
706 2517 767 2570 ore,
780 2507 809 2557 et
824 2517 909 2573 opere
924 2506 1003 2557 tuam
1018 2498 1049 2580 in
1062 2494 1228 2580 preceptis,
1243 2506 1342 2575 copsi-

106 2571 163 2642 liis,
183 2576 211 2630 et
231 2586 330 2644 exemp
342 2587 367 2627 rs
394 2570 488 2629 facere
508 2573 694 2645 voluntatem,
715 2578 745 2631 ut
763 2588 876 2629 merear
890 2571 1012 2630 servitor
1031 2571 1081 2628 lrbl
1101 2573 1201 2652 gratim
1219 2565 1298 2635 fieri,
1315 2569 1345 2620 et

106 2645 222 2704 tandem
238 2645 312 2703 iuter
326 2641 376 2702 liei
391 2643 467 2702 lilios
481 2649 511 2703 et
524 2645 645 2705 heredes
657 2661 710 2720 par
722 2650 801 2702 tuam
814 2643 937 2717 gratiam
953 2647 1124 2718 computari.
1141 2641 1244 2697 Amen.

581 2965 721 3042 CAPUT
742 2967 879 3044 LXXVI

305 3181 344 3227 ΒΕ
358 3178 574 3228 theuprandus
591 3180 807 3230 PBARISAEORUH
822 3181 861 3231 ΕΤ
875 3181 1144 3233 usulsruumuuutt.

625 3337 707 3394 Lucu
721 3350 783 3410 cap.
795 3336 841 3395 xi.

154 3532 163 3566 1
181 3512 305 3568 honines
320 3526 390 3568 aruo
407 3511 570 3568 Pmmsnuu
588 3527 701 3567 nauno—
754 3507 932 3567 nemexiens
946 3508 1091 3581 dedomo,
1105 3507 1204 3582 inqua
1218 3508 1347 3581 hospita·

115 3598 174 3648 car,
188 3599 242 3638 uou
255 3599 331 3638 uocis
346 3599 473 3639 sasinus.
485 3611 519 3624 -·
529 3584 595 3641 Cum
606 3587 701 3639 autem
752 3585 800 3638 tus
810 3582 903 3639 iuerat
912 3586 939 3638 et
950 3581 1097 3652 docuerat,
1110 3583 1223 3639 locutus
1233 3585 1278 3639 est
1290 3583 1347 3638 hia·

118 3651 254 3708 llomiuus
276 3653 337 3724 iam
362 3655 511 3725 praemissa
536 3654 701 3726 loqueretur,
754 3653 801 3723 tri,
818 3654 967 3711 decentem
984 3654 1123 3712 honorem
1144 3652 1282 3710 exhibens
1300 3652 1346 3721 ei;

116 3725 226 3791 rogauit
256 3738 316 3780 cum
337 3725 458 3849 gelidum
486 3726 651 3794 Phariaene,
673 3730 704 3781 ut
754 3729 783 3782 et
802 3724 904 3782 deiude
928 3723 979 3782 ivit
998 3725 1034 3782 ad
1057 3725 1174 3783 domum
1196 3724 1348 3795 Phorisaei,

116 3794 266 3866 prraaderet
279 3810 335 3866 apa
374 3810 411 3851 se.
431 3795 594 3853 invitabant
606 3796 703 3853 Phari·
755 3797 846 3870 magis
869 3796 1021 3854 intendens
1044 3797 1175 3867 reficere,
1191 3812 1278 3871 quam
1295 3812 1349 3853 re-

117 3865 166 3921 smi
181 3866 332 3922 Dominum
348 3881 406 3922 non
423 3873 455 3922 ut
468 3866 637 3935 reticerent3
653 3867 703 3924 sed
757 3867 814 3924 lici.
838 3869 917 3925 Unde
939 3869 1059 3938 cyrillus
1075 3888 1085 3925 a
1101 3888 1116 3922 a
1132 3869 1187 3927 Sed
1206 3869 1347 3938 Christus,

118 3944 150 3993 ut
174 3937 459 4009 comprehenderent,
482 3945 660 4009 accusarent,
676 3943 705 3996 et
757 3939 806 4011 qui
823 3939 1033 3997 Pharisaeorum
1047 3939 1202 4014 nequitiam
1214 3946 1347 4009 nouerat,

119 4007 281 4081 perderent.
301 4009 380 4066 Unde
402 4009 439 4065 ad
457 4009 572 4066 alonium
599 4009 705 4067 Phari·
758 4011 948 4082 dispensative
973 4011 1185 4078 condescendit,
1213 4019 1350 4084 satagens

120 4097 242 4138 sanorum
260 4097 318 4138 non
343 4081 468 4138 intrabat
491 4081 546 4137 nisi
565 4090 703 4156 rogatus3
757 4098 940 4141 commouere
969 4099 1028 4153 eos,
1060 4085 1096 4140 ad
1129 4083 1349 4141 similitudinem

120 4153 219 4209 suiad
234 4151 394 4210 convivium
406 4152 705 4212 roblicaoorombeoo
757 4153 931 4225 optimorum
957 4154 1144 4224 medicorum,
1159 4156 1208 4228 qui
1231 4158 1351 4230 gravius

122 4224 191 4294 alsat,
203 4224 289 4284 ctiam
305 4240 362 4282 non
380 4223 525 4282 invitatus.
542 4226 706 4297 Supponen·
756 4224 972 4283 infirmantibus
990 4226 1114 4285 allecum
1139 4227 1270 4286 remedia
1290 4245 1351 4286 sote

122 4295 188 4352 aluum
204 4301 256 4366 cst,
271 4296 347 4369 quod
364 4298 501 4355 Dominus
514 4301 578 4371 post
592 4313 707 4357 sermo·
758 4295 914 4356 industriae.
948 4316 962 4351 o
993 4301 1029 4355 Et
1058 4301 1198 4368 ingressus
1231 4301 1350 4359 domum
