2880 4942
211 362 247 414 bh
275 358 487 415 intensione
514 354 629 408 ltosr.
657 355 697 407 lc
724 353 888 409 lllssloll:
915 353 1019 407 Llillll
1048 354 1219 407 lllSiilPUb.
1300 354 1346 408 bot

744 458 794 515 sed
809 458 876 514 tide.
902 460 958 514 iste
980 473 1104 540 namque
1121 458 1276 529 spiritualis
1292 464 1336 517 est

71 471 72 474 ’
139 467 155 520 8
183 465 292 519 llenrux
319 478 479 526 vocsrroms
509 475 688 516 rxnvnnonox

102 553 162 591 irsc
178 536 310 593 Cnnrsrus
324 552 382 589 nsr.
399 564 434 574 -
449 535 481 588 Et
496 531 564 602 quia
582 530 689 586 dictum

744 545 887 597 accessus,
913 544 968 599 quo
999 545 1117 600 quisque
1146 532 1204 586 Deo
1232 547 1335 604 appro-

102 611 147 663 est
169 607 204 662 de
231 606 376 663 vocatione
404 603 565 671 humilium,
587 617 688 683 conse·
743 601 863 672 pinquat
876 599 970 656 verius
986 601 1087 680 adme
1115 602 1256 657 orandum
1283 619 1336 685 per

142 683 223 733 enter
237 678 352 749 ponitur
366 676 450 748 hujus
462 674 619 730 vocationis
633 688 690 729 me·
744 673 841 741 iidem,
860 671 896 727 ad
910 687 954 727 me
967 671 1158 727 comitandum
1174 688 1226 743 per
1242 676 1336 731 imita·

123 748 190 805 ium.
207 748 334 805 Christus
346 747 421 804 enim
434 746 574 802 mediator
584 743 634 800 bei
646 747 691 800 est

103 824 132 876 et
149 820 309 888 homiuum,
334 818 446 875 debitus
464 823 560 874 autem
575 831 690 887 proces·

101 907 150 947 sus
169 898 222 960 est,
249 898 279 947 ut
293 893 329 948 ah
344 897 469 947 extremo
484 888 514 944 in
534 893 690 944 extremum

99 963 272 1035 procedatur
288 979 339 1033 per
353 960 496 1022 medium:
513 959 576 1016 ideo
598 957 691 1015 omnis

101 1049 252 1106 processus
275 1032 374 1104 gratiae
403 1031 547 1087 derivatur
574 1029 609 1086 ad
639 1045 692 1085 nos

101 1120 155 1175 per
167 1104 322 1170 Christum,
338 1111 365 1157 et
380 1104 434 1158 hoc
452 1102 586 1174 estquod
600 1100 669 1157 dicit
684 1117 691 1156 :

105 1176 204 1232 Omnia
219 1177 288 1228 mihi
302 1174 407 1229 traditu
420 1179 510 1228 sunta
526 1174 609 1229 l’atre
622 1188 690 1234 meo,

108 1245 186 1316 quia,
214 1245 369 1301 secundum
399 1249 530 1300 naturam
558 1243 691 1310 divinam,

107 1315 235 1373 Christus
264 1318 351 1372 habet
366 1331 428 1371 esse
443 1331 461 1371 a
483 1317 576 1384 Patre,
596 1324 624 1372 et
641 1330 694 1386 per

105 1402 283 1458 consequens
298 1403 391 1459 posse,
411 1385 477 1443 licet
495 1388 599 1445 habeat
617 1385 693 1442 idern

103 1473 166 1515 esse
187 1474 317 1525 numero,
336 1463 363 1515 et
377 1473 460 1530 posse
484 1474 548 1515 cum
565 1458 646 1530 ipso;
663 1462 692 1513 et

103 1528 144 1585 sic
159 1530 255 1586 omnia
270 1529 376 1586 tradita
386 1536 452 1586 sunt
466 1529 519 1586 sibi
534 1531 645 1587 aPatre
655 1530 692 1585 ab

104 1601 693 1659 aeterno.Secundumautemnaturamhn-

105 1688 230 1740 menam,
248 1672 343 1729 omnia
361 1673 466 1729 tradita
487 1673 595 1730 suntin
612 1678 692 1744 pote-

105 1749 178 1800 state
192 1743 295 1800 Christi
309 1751 335 1800 et
349 1743 474 1814 Domini,
486 1761 503 1802 a
516 1747 573 1801 beo
588 1747 670 1800 Patre
684 1759 691 1796 :

105 1830 162 1871 nno
176 1815 272 1881 modo,
285 1821 423 1886 quantum
434 1817 471 1871 ad
484 1818 693 1880 auctoritatem,

106 1887 192 1942 etsie
211 1886 265 1943 sihi
285 1892 352 1942 sunt
380 1887 485 1943 tradita
511 1888 548 1943 ab
576 1883 694 1941 instanti

107 1956 311 2028 conceptionis,
331 1957 400 2029 quia
418 1974 451 2013 eo
465 1958 527 2028 ipso
552 1957 626 2028 quod
643 1972 694 2011 no-

104 2033 170 2082 tura
181 2029 305 2084 humana
319 2029 412 2084 Verbo
425 2036 469 2084 est
483 2027 572 2096 unita,
588 2026 696 2094 omnia,

107 2103 204 2155 creata
218 2097 272 2156 sibi
289 2106 356 2156 sunt
381 2099 507 2165 tradita3
527 2099 583 2155 alio
600 2100 696 2165 modo,

108 2174 245 2239 quantum
261 2171 297 2226 ad
315 2172 461 2238 ellectum,
481 2179 509 2226 et
523 2170 563 2226 sic
577 2170 607 2225 in
619 2168 696 2240 judi·

106 2241 150 2296 cio
163 2241 260 2297 omnia
272 2248 357 2298 eruut
369 2243 482 2298 subdita
494 2242 612 2312 pedihus
623 2241 695 2312 ejus,

107 2309 173 2382 quia
193 2317 259 2368 tunc
276 2314 337 2384 ejus
356 2313 486 2369 voluntas
503 2314 628 2385 perlocte
642 2313 696 2368 im-

104 2383 230 2454 plebitur
248 2383 277 2440 in
297 2383 437 2440 omnihus.
454 2387 487 2440 nt
505 2384 581 2456 quia,
595 2400 696 2441 secun·

105 2454 174 2510 dum
189 2454 314 2511 divinam
331 2462 472 2524 naturam,
489 2463 532 2512 est
542 2455 616 2512 idem
632 2471 695 2511 cum

107 2526 202 2593 Patre,
224 2524 289 2581 idco
313 2525 410 2582 subdit
432 2545 439 2582 :
461 2530 496 2583 Et
520 2544 596 2583 nemo
620 2530 697 2582 novit

108 2597 221 2663 Filium,
236 2599 293 2652 nisi
302 2600 396 2665 Poter;
410 2614 496 2669 neque
510 2601 618 2654 Putrem
633 2600 697 2669 quis

106 2671 184 2723 nouit
200 2711 208 2731 ,
223 2671 282 2723 nisi
291 2671 389 2738 Filius,
404 2687 454 2726 nec
469 2676 565 2725 tamon
579 2686 630 2742 per
642 2671 697 2724 hoc

105 2738 265 2795 excluditur
292 2739 413 2811 Spiritus
431 2743 560 2810 Sanctus,
580 2740 647 2812 quia
664 2740 697 2795 tlt

105 2809 234 2882 exceptio
247 2810 418 2881 essentialis,
445 2829 502 2868 non
517 2810 675 2885 personalis
687 2828 695 2879 ;

104 2881 157 2937 sed
171 2880 293 2952 Spiritus
309 2883 429 2939 Sanctus
448 2899 505 2940 non
521 2889 565 2940 est
579 2883 697 2940 alterius

107 2951 251 3020 essentiae,
266 2968 351 3023 quam
369 2958 461 3012 l’ater.
486 2957 519 3011 Et
534 2956 601 3027 quia
619 2956 698 3011 Chri-

108 3028 169 3079 stus
184 3028 228 3080 est
254 3024 395 3082 mediator
415 3026 464 3082 [tei
482 3031 509 3082 et
529 3026 695 3083 hominum:

109 3093 175 3150 ideo
191 3093 294 3152 notitia
313 3096 476 3154 divinorum
497 3098 533 3153 ad
551 3114 603 3154 nos
621 3096 697 3154 deri-

108 3169 191 3247 vatur
205 3167 414 3238 perChristum,
427 3169 627 3240 propterquod
635 3169 698 3225 suh·

107 3235 198 3293 ditur:
215 3241 251 3293 Et
272 3241 317 3294 cui
337 3241 453 3296 uoluerit
464 3243 553 3296 Filios
566 3242 697 3306 reueture,

108 3309 698 3381 noneosensuquodistiquibusrevelalio

108 3379 154 3447 lit,
172 3378 314 3437 mediante
329 3381 409 3447 Filio,
426 3384 551 3438 habeant
568 3380 699 3436 notitiam

110 3450 376 3520 comprehensionis
384 3456 457 3508 sient
465 3452 561 3518 Filius
572 3450 700 3522 quiahoc

108 3523 157 3577 est
170 3518 342 3590 impossibiie
357 3529 496 3580 creaturae
513 3541 519 3578 :
536 3522 606 3578 illud
623 3520 700 3578 enim

108 3590 188 3664 quod
200 3594 456 3666 comprehenditur,
465 3595 625 3652 totaliteret
633 3609 700 3666 per·

108 3665 192 3720 lecte
207 3664 397 3735 cognoscitur.

146 3736 370 3808 9aniumn1rnu
395 3755 428 3793 er
445 3755 545 3796 secure
565 3756 699 3796 xccnoex·

109 3810 388 3876 senescentem,
408 3827 487 3866 cuius
501 3828 588 3869 rocon
603 3828 698 3868 soxvn.

110 3908 146 3920 ·-·
163 3879 199 3934 nt
217 3878 295 3960 quin,
320 3886 351 3936 ut
370 3880 476 3938 dictum
500 3888 554 3952 est,
572 3883 702 3940 Christus

109 3953 156 4006 est
173 3950 317 4007 mediator
334 3950 384 4007 bei
404 3958 431 4009 et
451 3954 610 4022 hominum,
637 3955 701 4010 ideo

109 4027 321 4092 consequenter
339 4022 463 4080 ostendit
479 4026 555 4096 qnod
578 4025 701 4082 familia·

109 4092 183 4149 riter
194 4096 224 4148 et
237 4107 338 4149 secure
352 4093 389 4150 ad
402 4093 496 4166 ipsum
510 4102 554 4154 est
567 4097 703 4155 acceden-

109 4161 191 4221 dum.
207 4162 288 4220 Unde
303 4179 355 4221 nos
374 4164 411 4220 ad
431 4167 485 4223 hoc
500 4168 625 4225 invitans
638 4167 701 4224 ait:

112 4235 222 4301 Venite,
243 4235 388 4293 credendo
413 4243 442 4293 et
456 4238 629 4309 obediendo,
646 4254 703 4295 non

109 4303 246 4378 pedibus,
261 4305 312 4363 sed
331 4306 479 4379 moribus;
495 4327 552 4368 non
572 4325 703 4384 corpore,

185 4399 258 4454 Um
274 4400 342 4455 insu
357 4401 478 4468 Curiam,
493 4417 580 4460 ronna
595 4405 633 4459 ll.
722 4400 724 4404 ⁴

744 744 863 811 tionem,
878 743 973 799 adme
989 742 1139 799 fruendum
1156 759 1206 814 per
1226 744 1336 815 glorifi-

745 818 884 872 cationem
899 833 907 869 :
924 816 1019 871 Venite
1029 830 1107 884 ergo,
1122 830 1172 870 vos
1184 815 1283 885 clausi,
1296 816 1336 872 ud

746 904 788 942 me
800 887 904 942 ostium
918 885 1064 952 veritalis:
1079 885 1183 954 uenite,
1197 885 1337 957 vosaegri,

746 959 783 1016 ad
811 973 856 1014 me
890 956 1032 1014 medicum
1060 957 1160 1013 salutis
1185 975 1192 1024 ;
1233 958 1337 1029 venite,

747 1046 797 1086 vos
814 1028 955 1110 naufragi,
981 1029 1018 1085 ad
1032 1045 1077 1085 me
1095 1035 1209 1100 portum
1224 1030 1338 1100 quiritis.

748 1100 823 1158 Felix
843 1108 982 1164 terminus
1000 1100 1037 1156 ad
1056 1116 1155 1171 quem;
1174 1102 1224 1155 sed
1244 1101 1340 1158 inielix

747 1171 888 1228 terminus
902 1187 919 1228 a
934 1188 1000 1242 quo.
1017 1172 1083 1227 Ideo
1095 1170 1134 1227 ait
1150 1190 1156 1226 2
1179 1172 1275 1228 ornnes
1291 1175 1341 1244 qui

749 1244 892 1308 loborutis,
908 1242 967 1298 sive
987 1242 1141 1298 secundum
1161 1248 1294 1300 naturam
1309 1243 1339 1300 in

749 1331 805 1386 qua
820 1314 973 1382 nascimur,
985 1313 1044 1370 sive
1060 1313 1213 1370 secundum
1230 1316 1340 1387 culpam

749 1403 807 1458 qua
833 1385 1070 1458 transgredimur,
1099 1385 1157 1441 sive
1187 1387 1341 1444 secundum

749 1473 863 1530 poenam
878 1457 907 1512 in
929 1473 986 1527 qua
1005 1457 1157 1513 morimur:
1180 1457 1342 1528 specialiter

749 1535 844 1585 tamen
863 1529 986 1600 loquitur
1001 1527 1047 1584 hic
1070 1529 1105 1584 de
1120 1528 1220 1585 dolore
1238 1528 1342 1586 inlide-

749 1601 819 1657 lium
837 1599 865 1656 in
893 1601 1004 1657 cultura
1028 1598 1179 1657 idolorum.
1207 1601 1342 1657 Otamen

749 1678 886 1743 quantum
902 1672 1013 1729 laborat
1029 1671 1189 1727 luxuriosus
1215 1672 1244 1726 in
1261 1673 1341 1728 voln-

749 1743 883 1870 Rtatihus,
898 1759 1000 1799 avarus
1012 1742 1040 1797 in
1050 1742 1262 1814 cupiditatibus,
1282 1759 1342 1799 am-

770 1813 870 1869 iliosus
894 1813 924 1867 in
953 1813 1158 1883 dignitatibus!
1185 1817 1219 1870 Et
1235 1816 1343 1869 onerati

750 1889 826 1946 estis,
847 1884 949 1953 triplici
974 1900 1072 1951 onere,
1093 1884 1213 1939 scilicet:
1234 1883 1344 1941 Veteris

754 1954 846 2024 begis,
868 1953 1037 2010 Pherisaicae
1050 1952 1222 2018 traditionis,
1235 1960 1264 2009 et
1282 1954 1344 2010 dia-

753 2027 853 2082 bolicae
866 2024 1018 2081 servitutis.
1031 2025 1053 2081 Ο
1064 2024 1114 2080 Dei
1135 2024 1224 2079 nostri
1247 2024 1345 2096 digna-

752 2095 1342 2164 tioadmirnbilis,ocaritasinetlabilisl0

755 2171 841 2225 recha
855 2166 959 2236 dulcia,
976 2172 1063 2223 verba
1075 2167 1177 2224 deifica
1192 2167 1198 2224 l
1214 2171 1284 2224 Ecce
1297 2167 1353 2226 in·.

752 2240 823 2297 vitat
837 2238 978 2308 inimicos,
1000 2240 1132 2301 hortatur¹
1148 2257 1224 2309 reos,
1253 2239 1342 2296 allicit

753 2312 889 2382 ingratos.
910 2309 961 2368 Ubi
987 2313 1222 2379 Chipsostomus:
1247 2334 1262 2364 «ι
1279 2314 1342 2368 Non

752 2392 847 2440 antem
863 2382 932 2439 dixit
951 2401 957 2438 :
981 2382 1075 2439 venite
1093 2383 1139 2439 ille
1166 2390 1195 2440 et
1214 2384 1271 2451 ille,
1293 2382 1343 2440 sed

753 2471 852 2511 omnes
867 2454 914 2525 qui
929 2453 958 2509 in
973 2453 1221 2521 sollicitudinibus,
1243 2454 1289 2525 qui
1314 2453 1343 2509 in

754 2525 887 2591 tristitiis,
905 2524 953 2595 qui
969 2523 998 2579 in
1024 2525 1146 2597 peccatis
1171 2525 1259 2591 estis3
1286 2539 1344 2579 non

754 2603 785 2653 ut
800 2602 927 2668 expetam
943 2611 1039 2662 noxas,
1052 2596 1102 2651 sed
1116 2601 1144 2650 ut
1160 2595 1266 2650 solvam
1283 2609 1346 2660 pec-

755 2672 837 2734 cata;
858 2670 957 2736 uenite,
985 2683 1041 2722 non
1069 2664 1203 2737 quoniam
1232 2663 1346 2738 indigeo

755 2744 848 2795 vestra
862 2736 965 2808 gloria,
981 2739 1031 2794 sed
1051 2737 1118 2807 quia
1138 2739 1200 2794 volo
1219 2746 1343 2794 vestram

754 2812 885 2867 salutem.
902 2830 915 2862 n
934 2809 1011 2866 Unde
1031 2809 1126 2866 subdit
1142 2827 1148 2864 z
1164 2814 1198 2865 nt
1211 2826 1269 2879 epo,
1285 2825 1343 2866 non

754 2883 844 2938 solum
863 2882 1035 2950 exonerabo,
1048 2881 1098 2937 sed
1118 2880 1203 2938 etiam
1220 2886 1342 2953 reticium

753 2970 801 3009 uos
816 2952 920 3025 triplici
944 2954 1017 3023 cibo,
1036 2953 1166 3010 scilicet:
1193 2954 1342 3022 doctrine,

754 3025 937 3081 Eucharistiae
961 3031 989 3081 et
1014 3025 1123 3096 glorim.
1142 3025 1203 3090 Vel,
1223 3029 1344 3094 reficiam

753 3113 811 3159 vos,
832 3096 861 3152 id
884 3101 928 3152 est
946 3095 1060 3153 interna
1077 3096 1232 3153 reiectione
1252 3101 1280 3153 et
1296 3097 1343 3167 ju·

754 3168 898 3223 cuuditdte
914 3169 1048 3224 saturabo
1065 3174 1092 3223 et
1103 3170 1256 3223 recreabo:
1272 3172 1301 3222 et
1316 3165 1345 3221 in

755 3238 887 3310 prasenti
897 3254 947 3309 per
958 3239 1090 3308 gratiam,
1100 3245 1128 3294 et
1141 3238 1171 3292 in
1187 3238 1280 3293 sutoro
1292 3252 1344 3308 per

755 3308 886 3380 gloriam.
904 3307 954 3364 Ubi
965 3307 1005 3364 ait
1018 3310 1093 3364 idem
1107 3311 1313 3376 chrysostomus
1333 3329 1342 3360 :

757 3401 771 3432 n
788 3382 848 3435 Non
863 3378 933 3433 dicit
949 3381 1064 3435 salvabo
1080 3380 1183 3445 solum,
1202 3379 1251 3434 sed
1268 3378 1344 3448 quod

758 3451 846 3507 multo
862 3449 986 3520 amplius
1005 3456 1059 3518 est,
1086 3447 1213 3505 reiiciam
1229 3465 1290 3521 vos,
1316 3447 1346 3505 id

757 3520 847 3579 estin
866 3520 944 3576 omni
971 3520 1066 3593 quiete
1093 3519 1274 3577 constituam.
1304 3519 1346 3577 ud

758 3594 849 3665 ipsum
865 3592 969 3664 quippe
982 3597 1026 3648 est
1040 3592 1222 3652 veniendum.
1239 3593 1287 3666 qui
1302 3598 1346 3651 ost

758 3664 838 3737 qiiies
872 3664 1078 3731 laborantibus,
1111 3665 1276 3723 sublevator
1303 3670 1349 3724 est

758 3737 894 3807 oneratis,
911 3737 1027 3793 relectio
1043 3742 1085 3794 est
1099 3737 1238 3795 tam-licis
1251 3745 1279 3796 et
1293 3738 1347 3796 de·

759 3808 930 3877 fidentibus,
941 3813 971 3866 ct
984 3807 1032 3882 qui
1045 3811 1080 3866 dc
1093 3810 1246 3882 semetipso
1259 3809 1346 3866 dicit:

759 3884 820 3940 Non
831 3885 893 3937 oeni
907 3898 1004 3937 uocare
1014 3883 1116 3951 iustos,
1132 3884 1180 3938 sed
1191 3889 1347 3952 peccatores

758 3953 797 4008 od
825 3956 1003 4009 (renitentium.
1017 3974 1030 4006 o
1044 3954 1122 4010 Unde
1132 3959 1161 4009 et
1170 3952 1347 4008 bernardus:

760 4044 776 4075 s
818 4024 911 4081 undus
926 4025 1040 4092 clamat,
1060 4041 1114 4094 ego
1133 4024 1267 4080 delicium
1281 4038 1288 4086 3
1303 4036 1349 4077 ca-

758 4109 792 4151 ro
804 4094 920 4163 clamat,
941 4111 994 4163 ego
1011 4094 1203 4159 interficiam
1220 4092 1351 4148 Christus

759 4164 874 4234 clamat,
887 4182 940 4236 ego
951 4165 1091 4222 reficiam:
1104 4165 1234 4244 adonem
1246 4161 1324 4220 ibis?
1337 4182 1348 4211 s

758 4238 863 4309 lupum
878 4252 947 4308 ergo
963 4235 1034 4307 legis
1051 4252 1085 4290 ac
1100 4240 1207 4306 peccati
1227 4240 1254 4289 et
1272 4233 1351 4291 solli-

760 4306 895 4364 citudinis
910 4305 1122 4378 temporalium,
1137 4321 1201 4378 quae
1216 4306 1297 4364 vobis
1310 4306 1353 4363 la·

1278 4404 1292 4451 7
