<?xml version="1.0" encoding="UTF-8"?>
<!DOCTYPE html PUBLIC "-//W3C//DTD XHTML 1.0 Transitional//EN"
    "http://www.w3.org/TR/xhtml1/DTD/xhtml1-transitional.dtd">
<html xmlns="http://www.w3.org/1999/xhtml" xml:lang="en" lang="en">
 <head>
  <title>
</title>
<meta http-equiv="Content-Type" content="text/html;charset=utf-8" />
  <meta name='ocr-system' content='tesseract 3.04.00' />
  <meta name='ocr-capabilities' content='ocr_page ocr_carea ocr_par ocr_line ocrx_word'/>
</head>
<body>
  <div class='ocr_page' id='page_1' title='image "./vitajesuchristi00ludogoog_0313.png"; bbox 0 0 2880 4942; ppageno 0'>
   <div class='ocr_carea' id='block_1_1' title="bbox 152 342 751 4384">
    <p class='ocr_par' dir='ltr' id='par_1_1' title="bbox 152 342 750 2439">
     <span class='ocr_line' id='line_1_1' title="bbox 152 342 202 397; baseline -0.08 0"><span class='ocrx_word' id='word_1_1' title='bbox 152 342 202 397; x_wconf 80' lang='lat' dir='ltr'>tui</span> 
     </span>
     <span class='ocr_line' id='line_1_2' title="bbox 156 438 742 502; baseline -0.007 0"><span class='ocrx_word' id='word_1_2' title='bbox 156 461 222 502; x_wconf 89' lang='lat' dir='ltr'>nem</span> <span class='ocrx_word' id='word_1_3' title='bbox 237 444 273 501; x_wconf 88' lang='lat' dir='ltr'>de</span> <span class='ocrx_word' id='word_1_4' title='bbox 289 438 448 500; x_wconf 80' lang='lat' dir='ltr'>commissis</span> <span class='ocrx_word' id='word_1_5' title='bbox 465 441 522 496; x_wconf 88' lang='lat' dir='ltr'>fleo</span> <span class='ocrx_word' id='word_1_6' title='bbox 536 438 647 497; x_wconf 85' lang='lat' dir='ltr'>reddat.</span> <span class='ocrx_word' id='word_1_7' title='bbox 663 440 742 498; x_wconf 89' lang='lat' dir='ltr'>Unde</span> 
     </span>
     <span class='ocr_line' id='line_1_3' title="bbox 159 511 743 592; baseline -0.009 -19"><span class='ocrx_word' id='word_1_8' title='bbox 159 517 333 586; x_wconf 58' lang='lat' dir='ltr'>³ltiptistt&#39;iuis</span> <span class='ocrx_word' id='word_1_9' title='bbox 350 513 462 570; x_wconf 89' lang='lat' dir='ltr'>dicebat</span> <span class='ocrx_word' id='word_1_10' title='bbox 483 529 489 568; x_wconf 94' lang='lat'>:</span> <span class='ocrx_word' id='word_1_11' title='bbox 512 534 526 561; x_wconf 89' lang='lat'>«</span> <span class='ocrx_word' id='word_1_12' title='bbox 543 512 576 567; x_wconf 86' lang='lat' dir='ltr'>Et</span> <span class='ocrx_word' id='word_1_13' title='bbox 593 511 743 592; x_wconf 87' lang='lat' dir='ltr'>pertinetis</span> 
     </span>
     <span class='ocr_line' id='line_1_4' title="bbox 158 585 743 648; baseline -0.009 -3"><span class='ocrx_word' id='word_1_14' title='bbox 158 589 194 645; x_wconf 87' lang='lat' dir='ltr'>ad</span> <span class='ocrx_word' id='word_1_15' title='bbox 220 602 318 643; x_wconf 82' lang='lat' dir='ltr'>curam</span> <span class='ocrx_word' id='word_1_16' title='bbox 342 595 479 648; x_wconf 89' lang='lat' dir='ltr'>nostram,</span> <span class='ocrx_word' id='word_1_17' title='bbox 502 588 531 638; x_wconf 92' lang='lat' dir='ltr'>ut</span> <span class='ocrx_word' id='word_1_18' title='bbox 547 587 688 639; x_wconf 87' lang='lat' dir='ltr'>rationem</span> <span class='ocrx_word' id='word_1_19' title='bbox 708 585 743 640; x_wconf 92' lang='lat' dir='ltr'>dc</span> 
     </span>
     <span class='ocr_line' id='line_1_5' title="bbox 158 655 743 722; baseline -0.005 -7"><span class='ocrx_word' id='word_1_20' title='bbox 158 659 237 716; x_wconf 79' lang='lat' dir='ltr'>vobis</span> <span class='ocrx_word' id='word_1_21' title='bbox 252 660 355 715; x_wconf 90' lang='lat' dir='ltr'>bonam</span> <span class='ocrx_word' id='word_1_22' title='bbox 377 655 547 722; x_wconf 82' lang='lat' dir='ltr'>reddariius3</span> <span class='ocrx_word' id='word_1_23' title='bbox 572 658 631 710; x_wconf 90' lang='lat' dir='ltr'>lota</span> <span class='ocrx_word' id='word_1_24' title='bbox 648 662 743 712; x_wconf 90' lang='lat' dir='ltr'>autern</span> 
     </span>
     <span class='ocr_line' id='line_1_6' title="bbox 157 725 742 797; baseline -0.007 -10"><span class='ocrx_word' id='word_1_25' title='bbox 157 730 230 787; x_wconf 85' lang='lat' dir='ltr'>ratio</span> <span class='ocrx_word' id='word_1_26' title='bbox 247 734 355 791; x_wconf 87' lang='lat' dir='ltr'>nostru,</span> <span class='ocrx_word' id='word_1_27' title='bbox 374 742 438 796; x_wconf 82' lang='lat' dir='ltr'>quae</span> <span class='ocrx_word' id='word_1_28' title='bbox 454 731 497 781; x_wconf 89' lang='lat' dir='ltr'>est</span> <span class='ocrx_word' id='word_1_29' title='bbox 509 725 596 781; x_wconf 90' lang='lat' dir='ltr'>scitis.</span> <span class='ocrx_word' id='word_1_30' title='bbox 612 726 742 797; x_wconf 86' lang='lat' dir='ltr'>Domine,</span> 
     </span>
     <span class='ocr_line' id='line_1_7' title="bbox 158 796 743 871; baseline -0.007 -13"><span class='ocrx_word' id='word_1_31' title='bbox 158 802 213 858; x_wconf 90' lang='lat' dir='ltr'>scis</span> <span class='ocrx_word' id='word_1_32' title='bbox 237 799 304 871; x_wconf 88' lang='lat' dir='ltr'>quia</span> <span class='ocrx_word' id='word_1_33' title='bbox 316 796 412 865; x_wconf 77' lang='lat' dir='ltr'>dilexi,</span> <span class='ocrx_word' id='word_1_34' title='bbox 431 799 486 852; x_wconf 90' lang='lat' dir='ltr'>seis</span> <span class='ocrx_word' id='word_1_35' title='bbox 501 797 568 869; x_wconf 89' lang='lat' dir='ltr'>quia</span> <span class='ocrx_word' id='word_1_36' title='bbox 586 814 642 853; x_wconf 93' lang='lat' dir='ltr'>non</span> <span class='ocrx_word' id='word_1_37' title='bbox 657 801 743 867; x_wconf 84' lang='lat' dir='ltr'>tacui,</span> 
     </span>
     <span class='ocr_line' id='line_1_8' title="bbox 158 867 744 943; baseline -0.007 -13"><span class='ocrx_word' id='word_1_38' title='bbox 158 873 213 929; x_wconf 88' lang='lat' dir='ltr'>scis</span> <span class='ocrx_word' id='word_1_39' title='bbox 224 869 291 943; x_wconf 82' lang='lat' dir='ltr'>quia</span> <span class='ocrx_word' id='word_1_40' title='bbox 304 886 336 926; x_wconf 89' lang='lat' dir='ltr'>ex</span> <span class='ocrx_word' id='word_1_41' title='bbox 350 871 445 925; x_wconf 92' lang='lat' dir='ltr'>auimo</span> <span class='ocrx_word' id='word_1_42' title='bbox 459 867 526 933; x_wconf 84' lang='lat' dir='ltr'>diiii,</span> <span class='ocrx_word' id='word_1_43' title='bbox 535 869 590 925; x_wconf 92' lang='lat' dir='ltr'>scis</span> <span class='ocrx_word' id='word_1_44' title='bbox 602 868 669 940; x_wconf 84' lang='lat' dir='ltr'>quia</span> <span class='ocrx_word' id='word_1_45' title='bbox 679 870 744 926; x_wconf 81' lang='lat' dir='ltr'>flevi</span> 
     </span>
     <span class='ocr_line' id='line_1_9' title="bbox 155 940 745 1013; baseline -0.005 -13"><span class='ocrx_word' id='word_1_46' title='bbox 155 960 219 1000; x_wconf 87' lang='lat' dir='ltr'>cuin</span> <span class='ocrx_word' id='word_1_47' title='bbox 229 941 354 999; x_wconf 84' lang='lat' dir='ltr'>dicerem</span> <span class='ocrx_word' id='word_1_48' title='bbox 363 946 389 997; x_wconf 90' lang='lat' dir='ltr'>et</span> <span class='ocrx_word' id='word_1_49' title='bbox 399 956 455 996; x_wconf 92' lang='lat' dir='ltr'>non</span> <span class='ocrx_word' id='word_1_50' title='bbox 469 940 595 1009; x_wconf 82' lang='lat' dir='ltr'>audiret3</span> <span class='ocrx_word' id='word_1_51' title='bbox 606 940 668 1011; x_wconf 88' lang='lat' dir='ltr'>ipsa</span> <span class='ocrx_word' id='word_1_52' title='bbox 676 947 745 1013; x_wconf 94' lang='lat' dir='ltr'>puto</span> 
     </span>
     <span class='ocr_line' id='line_1_10' title="bbox 155 1013 746 1087; baseline 0 -16"><span class='ocrx_word' id='word_1_53' title='bbox 155 1016 232 1087; x_wconf 87' lang='lat' dir='ltr'>quod</span> <span class='ocrx_word' id='word_1_54' title='bbox 258 1013 370 1083; x_wconf 82' lang='lat' dir='ltr'>integra</span> <span class='ocrx_word' id='word_1_55' title='bbox 388 1013 462 1068; x_wconf 89' lang='lat' dir='ltr'>ratio</span> <span class='ocrx_word' id='word_1_56' title='bbox 484 1028 547 1069; x_wconf 92' lang='lat' dir='ltr'>mea</span> <span class='ocrx_word' id='word_1_57' title='bbox 563 1018 606 1069; x_wconf 88' lang='lat' dir='ltr'>est</span> <span class='ocrx_word' id='word_1_58' title='bbox 626 1030 632 1067; x_wconf 92' lang='lat'>:</span> <span class='ocrx_word' id='word_1_59' title='bbox 651 1035 665 1063; x_wconf 90' lang='lat'>»</span> <span class='ocrx_word' id='word_1_60' title='bbox 684 1016 746 1070; x_wconf 85' lang='lat' dir='ltr'>liaec</span> 
     </span>
     <span class='ocr_line' id='line_1_11' title="bbox 155 1083 744 1156; baseline -0.003 -13"><span class='ocrx_word' id='word_1_61' title='bbox 155 1088 341 1156; x_wconf 69' lang='lat' dir='ltr'>Augustinus.</span> <span class='ocrx_word' id='word_1_62' title='bbox 367 1083 561 1140; x_wconf 81' lang='lat' dir='ltr'>Mercenarius</span> <span class='ocrx_word' id='word_1_63' title='bbox 588 1101 666 1153; x_wconf 86' lang='lat' dir='ltr'>iero,</span> <span class='ocrx_word' id='word_1_64' title='bbox 682 1101 744 1149; x_wconf 90' lang='lat' dir='ltr'>sua,</span> 
     </span>
     <span class='ocr_line' id='line_1_12' title="bbox 159 1155 748 1229; baseline -0.003 -14"><span class='ocrx_word' id='word_1_65' title='bbox 159 1175 215 1216; x_wconf 91' lang='lat' dir='ltr'>uon</span> <span class='ocrx_word' id='word_1_66' title='bbox 232 1173 295 1229; x_wconf 76' lang='lat' dir='ltr'>quae</span> <span class='ocrx_word' id='word_1_67' title='bbox 307 1159 374 1214; x_wconf 87' lang='lat' dir='ltr'>lesu</span> <span class='ocrx_word' id='word_1_68' title='bbox 385 1155 489 1212; x_wconf 79' lang='lat' dir='ltr'>Christi</span> <span class='ocrx_word' id='word_1_69' title='bbox 506 1172 649 1228; x_wconf 73' lang='lat' dir='ltr'>quaerens,</span> <span class='ocrx_word' id='word_1_70' title='bbox 661 1172 748 1229; x_wconf 87' lang='lat' dir='ltr'>supra</span> 
     </span>
     <span class='ocr_line' id='line_1_13' title="bbox 158 1227 747 1314; baseline -0.005 -27"><span class='ocrx_word' id='word_1_71' title='bbox 158 1245 274 1314; x_wconf 79' lang='lat' dir='ltr'>gregem</span> <span class='ocrx_word' id='word_1_72' title='bbox 300 1245 357 1286; x_wconf 91' lang='lat' dir='ltr'>uon</span> <span class='ocrx_word' id='word_1_73' title='bbox 385 1227 499 1299; x_wconf 81' lang='lat' dir='ltr'>vigilat3</span> <span class='ocrx_word' id='word_1_74' title='bbox 521 1245 572 1284; x_wconf 89' lang='lat' dir='ltr'>nec</span> <span class='ocrx_word' id='word_1_75' title='bbox 599 1229 634 1284; x_wconf 90' lang='lat' dir='ltr'>de</span> <span class='ocrx_word' id='word_1_76' title='bbox 660 1244 747 1300; x_wconf 82' lang='lat' dir='ltr'><strong>grege</strong></span> 
     </span>
     <span class='ocr_line' id='line_1_14' title="bbox 156 1298 747 1373; baseline -0.007 -13"><span class='ocrx_word' id='word_1_77' title='bbox 156 1301 295 1360; x_wconf 89' lang='lat' dir='ltr'>sollicitus</span> <span class='ocrx_word' id='word_1_78' title='bbox 322 1298 428 1371; x_wconf 87' lang='lat' dir='ltr'>cogitat</span> <span class='ocrx_word' id='word_1_79' title='bbox 448 1316 533 1373; x_wconf 90' lang='lat' dir='ltr'>quain</span> <span class='ocrx_word' id='word_1_80' title='bbox 551 1299 689 1356; x_wconf 90' lang='lat' dir='ltr'>rationein</span> <span class='ocrx_word' id='word_1_81' title='bbox 712 1300 747 1356; x_wconf 91' lang='lat' dir='ltr'>de</span> 
     </span>
     <span class='ocr_line' id='line_1_15' title="bbox 157 1370 748 1443; baseline -0.007 -12"><span class='ocrx_word' id='word_1_82' title='bbox 157 1390 190 1431; x_wconf 92' lang='lat' dir='ltr'>co</span> <span class='ocrx_word' id='word_1_83' title='bbox 205 1374 324 1431; x_wconf 88' lang='lat' dir='ltr'>reddere</span> <span class='ocrx_word' id='word_1_84' title='bbox 340 1371 445 1439; x_wconf 79' lang='lat' dir='ltr'>valeat,</span> <span class='ocrx_word' id='word_1_85' title='bbox 468 1370 535 1443; x_wconf 86' lang='lat' dir='ltr'>quia</span> <span class='ocrx_word' id='word_1_86' title='bbox 551 1388 608 1427; x_wconf 91' lang='lat' dir='ltr'>non</span> <span class='ocrx_word' id='word_1_87' title='bbox 632 1376 748 1443; x_wconf 89' lang='lat' dir='ltr'>propter</span> 
     </span>
     <span class='ocr_line' id='line_1_16' title="bbox 158 1443 747 1569; baseline -0.007 -67"><span class='ocrx_word' id='word_1_88' title='bbox 158 1447 257 1505; x_wconf 85' lang='lat' dir='ltr'>lletim.</span> <span class='ocrx_word' id='word_1_89' title='bbox 274 1443 324 1501; x_wconf 90' lang='lat' dir='ltr'>sed</span> <span class='ocrx_word' id='word_1_90' title='bbox 339 1451 456 1569; x_wconf 63' lang='lat' dir='ltr'>propter</span> <span class='ocrx_word' id='word_1_91' title='bbox 466 1443 627 1498; x_wconf 80' lang='lat' dir='ltr'>mercedem</span> <span class='ocrx_word' id='word_1_92' title='bbox 639 1449 747 1514; x_wconf 91' lang='lat' dir='ltr'>tempo·</span> 
     </span>
     <span class='ocr_line' id='line_1_17' title="bbox 158 1511 748 1586; baseline -0.007 -14"><span class='ocrx_word' id='word_1_93' title='bbox 158 1519 259 1582; x_wconf 88' lang='lat' dir='ltr'>ralem,</span> <span class='ocrx_word' id='word_1_94' title='bbox 284 1530 368 1586; x_wconf 82' lang='lat' dir='ltr'>quain</span> <span class='ocrx_word' id='word_1_95' title='bbox 409 1511 436 1569; x_wconf 91' lang='lat' dir='ltr'>ic</span> <span class='ocrx_word' id='word_1_96' title='bbox 459 1512 571 1586; x_wconf 80' lang='lat' dir='ltr'>recipit,</span> <span class='ocrx_word' id='word_1_97' title='bbox 597 1515 654 1569; x_wconf 87' lang='lat' dir='ltr'>Deo</span> <span class='ocrx_word' id='word_1_98' title='bbox 676 1513 748 1570; x_wconf 91' lang='lat' dir='ltr'>mili-</span> 
     </span>
     <span class='ocr_line' id='line_1_18' title="bbox 157 1585 749 1653; baseline -0.003 -10"><span class='ocrx_word' id='word_1_99' title='bbox 157 1592 207 1643; x_wconf 86' lang='lat' dir='ltr'>tat.</span> <span class='ocrx_word' id='word_1_100' title='bbox 228 1586 305 1642; x_wconf 85' lang='lat' dir='ltr'>Unde</span> <span class='ocrx_word' id='word_1_101' title='bbox 323 1585 363 1640; x_wconf 91' lang='lat' dir='ltr'>ait</span> <span class='ocrx_word' id='word_1_102' title='bbox 379 1585 550 1653; x_wconf 70' lang='lat' dir='ltr'>Gregorius:</span> <span class='ocrx_word' id='word_1_103' title='bbox 574 1607 588 1634; x_wconf 92' lang='lat'>«</span> <span class='ocrx_word' id='word_1_104' title='bbox 609 1586 749 1641; x_wconf 89' lang='lat' dir='ltr'>llerceua·</span> 
     </span>
     <span class='ocr_line' id='line_1_19' title="bbox 159 1654 750 1728; baseline -0.002 -15"><span class='ocrx_word' id='word_1_105' title='bbox 159 1660 218 1714; x_wconf 90' lang='lat' dir='ltr'>rius</span> <span class='ocrx_word' id='word_1_106' title='bbox 246 1655 351 1728; x_wconf 84' lang='lat' dir='ltr'>quippe</span> <span class='ocrx_word' id='word_1_107' title='bbox 367 1659 421 1724; x_wconf 80' lang='lat' dir='ltr'>est,</span> <span class='ocrx_word' id='word_1_108' title='bbox 442 1654 489 1726; x_wconf 85' lang='lat' dir='ltr'>qui</span> <span class='ocrx_word' id='word_1_109' title='bbox 508 1655 600 1711; x_wconf 93' lang='lat' dir='ltr'>locuni</span> <span class='ocrx_word' id='word_1_110' title='bbox 625 1657 750 1726; x_wconf 89' lang='lat' dir='ltr'>pastoris</span> 
     </span>
     <span class='ocr_line' id='line_1_20' title="bbox 159 1726 747 1798; baseline -0.003 -13"><span class='ocrx_word' id='word_1_111' title='bbox 159 1733 246 1787; x_wconf 88' lang='lat' dir='ltr'>tenet.</span> <span class='ocrx_word' id='word_1_112' title='bbox 264 1726 313 1783; x_wconf 91' lang='lat' dir='ltr'>sed</span> <span class='ocrx_word' id='word_1_113' title='bbox 325 1727 405 1782; x_wconf 91' lang='lat' dir='ltr'>lucra</span> <span class='ocrx_word' id='word_1_114' title='bbox 422 1727 583 1783; x_wconf 79' lang='lat' dir='ltr'>animarum</span> <span class='ocrx_word' id='word_1_115' title='bbox 597 1742 654 1782; x_wconf 91' lang='lat' dir='ltr'>non</span> <span class='ocrx_word' id='word_1_116' title='bbox 668 1744 747 1798; x_wconf 75' lang='lat' dir='ltr'>qnae·</span> 
     </span>
     <span class='ocr_line' id='line_1_21' title="bbox 157 1796 747 1868; baseline -0.002 -12"><span class='ocrx_word' id='word_1_117' title='bbox 157 1799 205 1856; x_wconf 89' lang='lat' dir='ltr'>rit.</span> <span class='ocrx_word' id='word_1_118' title='bbox 219 1797 352 1856; x_wconf 75' lang='lat' dir='ltr'>Terrenis</span> <span class='ocrx_word' id='word_1_119' title='bbox 367 1797 525 1854; x_wconf 91' lang='lat' dir='ltr'>commodis</span> <span class='ocrx_word' id='word_1_120' title='bbox 539 1796 640 1868; x_wconf 81' lang='lat' dir='ltr'>inhiat,</span> <span class='ocrx_word' id='word_1_121' title='bbox 656 1800 747 1856; x_wconf 91' lang='lat' dir='ltr'>bono-</span> 
     </span>
     <span class='ocr_line' id='line_1_22' title="bbox 156 1868 748 1953; baseline -0.003 -23"><span class='ocrx_word' id='word_1_122' title='bbox 156 1888 186 1930; x_wconf 88' lang='lat' dir='ltr'>re</span> <span class='ocrx_word' id='word_1_123' title='bbox 205 1868 380 1943; x_wconf 72' lang='lat' dir='ltr'>praelationis</span> <span class='ocrx_word' id='word_1_124' title='bbox 407 1870 522 1941; x_wconf 85' lang='lat' dir='ltr'>gaudet,</span> <span class='ocrx_word' id='word_1_125' title='bbox 544 1870 748 1953; x_wconf 83' lang='lat' dir='ltr'>temporalibus</span> 
     </span>
     <span class='ocr_line' id='line_1_23' title="bbox 156 1941 746 2016; baseline -0.005 -15"><span class='ocrx_word' id='word_1_126' title='bbox 156 1943 243 2002; x_wconf 91' lang='lat' dir='ltr'>lucris</span> <span class='ocrx_word' id='word_1_127' title='bbox 258 1941 394 2016; x_wconf 77' lang='lat' dir='ltr'>pascitur,</span> <span class='ocrx_word' id='word_1_128' title='bbox 411 1947 541 2015; x_wconf 88' lang='lat' dir='ltr'>impensa</span> <span class='ocrx_word' id='word_1_129' title='bbox 555 1941 607 1999; x_wconf 87' lang='lat' dir='ltr'>sibi</span> <span class='ocrx_word' id='word_1_130' title='bbox 634 1944 670 1999; x_wconf 87' lang='lat' dir='ltr'>ab</span> <span class='ocrx_word' id='word_1_131' title='bbox 695 1944 746 1999; x_wconf 90' lang='lat' dir='ltr'>lio·</span> 
     </span>
     <span class='ocr_line' id='line_1_24' title="bbox 158 2013 748 2072; baseline -0.002 0"><span class='ocrx_word' id='word_1_132' title='bbox 158 2015 283 2072; x_wconf 88' lang='lat' dir='ltr'>minibus</span> <span class='ocrx_word' id='word_1_133' title='bbox 299 2013 459 2070; x_wconf 88' lang='lat' dir='ltr'>reverentia</span> <span class='ocrx_word' id='word_1_134' title='bbox 473 2014 594 2070; x_wconf 75' lang='lat' dir='ltr'>letatur.</span> <span class='ocrx_word' id='word_1_135' title='bbox 607 2017 671 2070; x_wconf 84' lang='lat' dir='ltr'>lstae</span> <span class='ocrx_word' id='word_1_136' title='bbox 682 2020 748 2071; x_wconf 91' lang='lat' dir='ltr'>sunt</span> 
     </span>
     <span class='ocr_line' id='line_1_25' title="bbox 155 2086 747 2158; baseline -0.003 -14"><span class='ocrx_word' id='word_1_137' title='bbox 155 2086 261 2144; x_wconf 89' lang='lat' dir='ltr'>etenim</span> <span class='ocrx_word' id='word_1_138' title='bbox 277 2086 423 2143; x_wconf 83' lang='lat' dir='ltr'>mercedes</span> <span class='ocrx_word' id='word_1_139' title='bbox 444 2086 626 2154; x_wconf 84' lang='lat' dir='ltr'>mercenarii,</span> <span class='ocrx_word' id='word_1_140' title='bbox 650 2091 680 2143; x_wconf 90' lang='lat' dir='ltr'>ut</span> <span class='ocrx_word' id='word_1_141' title='bbox 695 2102 747 2158; x_wconf 94' lang='lat' dir='ltr'>pro</span> 
     </span>
     <span class='ocr_line' id='line_1_26' title="bbox 158 2156 749 2230; baseline -0.005 -14"><span class='ocrx_word' id='word_1_142' title='bbox 158 2175 192 2216; x_wconf 90' lang='lat' dir='ltr'>eo</span> <span class='ocrx_word' id='word_1_143' title='bbox 208 2175 268 2229; x_wconf 89' lang='lat' dir='ltr'>ipso</span> <span class='ocrx_word' id='word_1_144' title='bbox 283 2158 360 2230; x_wconf 85' lang='lat' dir='ltr'>quod</span> <span class='ocrx_word' id='word_1_145' title='bbox 373 2156 401 2212; x_wconf 93' lang='lat' dir='ltr'>iii</span> <span class='ocrx_word' id='word_1_146' title='bbox 416 2157 553 2228; x_wconf 86' lang='lat' dir='ltr'>regimine</span> <span class='ocrx_word' id='word_1_147' title='bbox 565 2158 686 2225; x_wconf 79' lang='lat' dir='ltr'>laborat,</span> <span class='ocrx_word' id='word_1_148' title='bbox 704 2157 749 2213; x_wconf 92' lang='lat' dir='ltr'>bic</span> 
     </span>
     <span class='ocr_line' id='line_1_27' title="bbox 158 2228 749 2301; baseline -0.002 -15"><span class='ocrx_word' id='word_1_149' title='bbox 158 2232 233 2301; x_wconf 88' lang='lat' dir='ltr'>quod</span> <span class='ocrx_word' id='word_1_150' title='bbox 251 2238 353 2300; x_wconf 76' lang='lat' dir='ltr'>quaerit</span> <span class='ocrx_word' id='word_1_151' title='bbox 376 2228 516 2296; x_wconf 81' lang='lat' dir='ltr'>invenial3</span> <span class='ocrx_word' id='word_1_152' title='bbox 533 2236 562 2284; x_wconf 90' lang='lat' dir='ltr'>et</span> <span class='ocrx_word' id='word_1_153' title='bbox 582 2230 618 2285; x_wconf 92' lang='lat' dir='ltr'>ab</span> <span class='ocrx_word' id='word_1_154' title='bbox 638 2228 749 2285; x_wconf 89' lang='lat' dir='ltr'>heredi-</span> 
     </span>
     <span class='ocr_line' id='line_1_28' title="bbox 155 2299 748 2426; baseline -0.002 -69"><span class='ocrx_word' id='word_1_155' title='bbox 155 2306 214 2357; x_wconf 90' lang='lat' dir='ltr'>tate</span> <span class='ocrx_word' id='word_1_156' title='bbox 230 2301 326 2426; x_wconf 54' lang='lat' dir='ltr'>grepis</span> <span class='ocrx_word' id='word_1_157' title='bbox 350 2299 378 2354; x_wconf 92' lang='lat' dir='ltr'>in</span> <span class='ocrx_word' id='word_1_158' title='bbox 397 2304 544 2371; x_wconf 84' lang='lat' dir='ltr'>postorum</span> <span class='ocrx_word' id='word_1_159' title='bbox 560 2299 671 2356; x_wconf 87' lang='lat' dir='ltr'>alienus</span> <span class='ocrx_word' id='word_1_160' title='bbox 690 2299 748 2356; x_wconf 87' lang='lat' dir='ltr'>eiii-</span> 
     </span>
     <span class='ocr_line' id='line_1_29' title="bbox 161 2371 524 2439; baseline -0.006 -10"><span class='ocrx_word' id='word_1_161' title='bbox 161 2377 237 2429; x_wconf 88' lang='lat' dir='ltr'>stat:</span> <span class='ocrx_word' id='word_1_162' title='bbox 257 2392 270 2421; x_wconf 82' lang='lat' dir='ltr'>u</span> <span class='ocrx_word' id='word_1_163' title='bbox 296 2388 348 2427; x_wconf 74' lang='lat' dir='ltr'>iaec</span> <span class='ocrx_word' id='word_1_164' title='bbox 365 2371 524 2439; x_wconf 74' lang='lat' dir='ltr'>Gregorius.</span> 
     </span>
    </p>

    <p class='ocr_par' dir='ltr' id='par_1_2' title="bbox 156 2444 751 4384">
     <span class='ocr_line' id='line_1_30' title="bbox 193 2444 748 2501; baseline 0.002 -2"><span class='ocrx_word' id='word_1_165' title='bbox 193 2450 209 2499; x_wconf 86' lang='grc'>6</span> <span class='ocrx_word' id='word_1_166' title='bbox 223 2444 306 2500; x_wconf 74' lang='lat' dir='ltr'>Sioua</span> <span class='ocrx_word' id='word_1_167' title='bbox 321 2461 382 2498; x_wconf 79' lang='lat' dir='ltr'>cnm</span> <span class='ocrx_word' id='word_1_168' title='bbox 393 2459 455 2498; x_wconf 80' lang='lat' dir='ltr'>soni</span> <span class='ocrx_word' id='word_1_169' title='bbox 466 2461 622 2500; x_wconf 60' lang='lat' dir='ltr'>oiisroiiisiu</span> <span class='ocrx_word' id='word_1_170' title='bbox 632 2445 748 2501; x_wconf 82' lang='lat' dir='ltr'>Cunisro</span> 
     </span>
     <span class='ocr_line' id='line_1_31' title="bbox 172 2516 748 2588; baseline 0.003 -18"><span class='ocrx_word' id='word_1_171' title='bbox 172 2533 337 2572; x_wconf 72' lang='lat' dir='ltr'>t&#39;llltll&#39;lCATa.</span> <span class='ocrx_word' id='word_1_172' title='bbox 355 2547 390 2556; x_wconf 94' lang='lat'>-</span> <span class='ocrx_word' id='word_1_173' title='bbox 405 2516 522 2584; x_wconf 85' lang='lat' dir='ltr'>flendo,</span> <span class='ocrx_word' id='word_1_174' title='bbox 534 2516 610 2588; x_wconf 92' lang='lat' dir='ltr'>quod</span> <span class='ocrx_word' id='word_1_175' title='bbox 629 2517 748 2585; x_wconf 80' lang='lat' dir='ltr'>dixerat,</span> 
     </span>
     <span class='ocr_line' id='line_1_32' title="bbox 157 2587 749 2660; baseline -0.003 -14"><span class='ocrx_word' id='word_1_176' title='bbox 157 2589 286 2646; x_wconf 83' lang='lat' dir='ltr'>Christus</span> <span class='ocrx_word' id='word_1_177' title='bbox 295 2589 396 2660; x_wconf 88' lang='lat' dir='ltr'>probat</span> <span class='ocrx_word' id='word_1_178' title='bbox 407 2602 458 2659; x_wconf 91' lang='lat' dir='ltr'>per</span> <span class='ocrx_word' id='word_1_179' title='bbox 468 2587 560 2659; x_wconf 89' lang='lat' dir='ltr'>signa,</span> <span class='ocrx_word' id='word_1_180' title='bbox 571 2587 677 2645; x_wconf 87' lang='lat' dir='ltr'>diceus:</span> <span class='ocrx_word' id='word_1_181' title='bbox 692 2592 749 2657; x_wconf 73' lang='lat' dir='ltr'>boo</span> 
     </span>
     <span class='ocr_line' id='line_1_33' title="bbox 156 2658 748 2732; baseline 0 -16"><span class='ocrx_word' id='word_1_182' title='bbox 156 2676 217 2716; x_wconf 86' lang='lat' dir='ltr'>sitm</span> <span class='ocrx_word' id='word_1_183' title='bbox 230 2668 326 2731; x_wconf 83' lang='lat' dir='ltr'>pastor</span> <span class='ocrx_word' id='word_1_184' title='bbox 340 2661 439 2728; x_wconf 79' lang='lat' dir='ltr'>bonus3</span> <span class='ocrx_word' id='word_1_185' title='bbox 456 2665 485 2716; x_wconf 91' lang='lat' dir='ltr'>et</span> <span class='ocrx_word' id='word_1_186' title='bbox 494 2658 624 2716; x_wconf 85' lang='lat' dir='ltr'>subditur</span> <span class='ocrx_word' id='word_1_187' title='bbox 636 2659 748 2732; x_wconf 87' lang='lat' dir='ltr'>signum</span> 
     </span>
     <span class='ocr_line' id='line_1_34' title="bbox 156 2732 747 2802; baseline -0.003 -14"><span class='ocrx_word' id='word_1_188' title='bbox 156 2732 251 2802; x_wconf 87' lang='lat' dir='ltr'>hujus,</span> <span class='ocrx_word' id='word_1_189' title='bbox 266 2738 292 2786; x_wconf 88' lang='lat' dir='ltr'>ct</span> <span class='ocrx_word' id='word_1_190' title='bbox 307 2746 437 2800; x_wconf 72' lang='lat' dir='ltr'>cognosco</span> <span class='ocrx_word' id='word_1_191' title='bbox 448 2748 509 2786; x_wconf 84' lang='lat' dir='ltr'>oues</span> <span class='ocrx_word' id='word_1_192' title='bbox 524 2748 608 2801; x_wconf 86' lang='lat' dir='ltr'>mens,</span> <span class='ocrx_word' id='word_1_193' title='bbox 626 2747 684 2788; x_wconf 91' lang='lat' dir='ltr'>non</span> <span class='ocrx_word' id='word_1_194' title='bbox 700 2747 747 2786; x_wconf 90' lang='lat' dir='ltr'>so-</span> 
     </span>
     <span class='ocr_line' id='line_1_35' title="bbox 158 2800 749 2874; baseline 0.002 -17"><span class='ocrx_word' id='word_1_195' title='bbox 158 2802 217 2859; x_wconf 92' lang='lat' dir='ltr'>liiiii</span> <span class='ocrx_word' id='word_1_196' title='bbox 232 2802 339 2857; x_wconf 86' lang='lat' dir='ltr'>scilicet</span> <span class='ocrx_word' id='word_1_197' title='bbox 354 2800 453 2856; x_wconf 86' lang='lat' dir='ltr'>nolitia</span> <span class='ocrx_word' id='word_1_198' title='bbox 470 2801 597 2870; x_wconf 82' lang='lat' dir='ltr'>visionis,</span> <span class='ocrx_word' id='word_1_199' title='bbox 608 2802 674 2874; x_wconf 86' lang='lat' dir='ltr'>quia</span> <span class='ocrx_word' id='word_1_200' title='bbox 689 2817 749 2858; x_wconf 91' lang='lat' dir='ltr'>om·</span> 
     </span>
     <span class='ocr_line' id='line_1_36' title="bbox 157 2872 745 2951; baseline 0.003 -24"><span class='ocrx_word' id='word_1_201' title='bbox 157 2873 204 2929; x_wconf 88' lang='lat' dir='ltr'>iiia</span> <span class='ocrx_word' id='word_1_202' title='bbox 220 2873 295 2928; x_wconf 91' lang='lat' dir='ltr'>nuda</span> <span class='ocrx_word' id='word_1_203' title='bbox 309 2878 337 2928; x_wconf 92' lang='lat' dir='ltr'>et</span> <span class='ocrx_word' id='word_1_204' title='bbox 355 2880 455 2951; x_wconf 91' lang='lat' dir='ltr'>aperta</span> <span class='ocrx_word' id='word_1_205' title='bbox 471 2876 539 2927; x_wconf 90' lang='lat' dir='ltr'>sunt</span> <span class='ocrx_word' id='word_1_206' title='bbox 565 2872 655 2929; x_wconf 90' lang='lat' dir='ltr'>oculis</span> <span class='ocrx_word' id='word_1_207' title='bbox 672 2874 745 2943; x_wconf 86' lang='lat' dir='ltr'>ejus,</span> 
     </span>
     <span class='ocr_line' id='line_1_37' title="bbox 157 2942 748 3013; baseline 0 -14"><span class='ocrx_word' id='word_1_208' title='bbox 157 2944 207 2999; x_wconf 90' lang='lat' dir='ltr'>sed</span> <span class='ocrx_word' id='word_1_209' title='bbox 223 2942 307 2997; x_wconf 85' lang='lat' dir='ltr'>etiam</span> <span class='ocrx_word' id='word_1_210' title='bbox 323 2942 425 2997; x_wconf 87' lang='lat' dir='ltr'>notitia</span> <span class='ocrx_word' id='word_1_211' title='bbox 437 2942 650 3013; x_wconf 77' lang='lat' dir='ltr'>approbationis</span> <span class='ocrx_word' id='word_1_212' title='bbox 663 2950 691 2999; x_wconf 89' lang='lat' dir='ltr'>et</span> <span class='ocrx_word' id='word_1_213' title='bbox 706 2942 748 2999; x_wconf 89' lang='lat' dir='ltr'>di·</span> 
     </span>
     <span class='ocr_line' id='line_1_38' title="bbox 157 3012 747 3086; baseline 0.003 -17"><span class='ocrx_word' id='word_1_214' title='bbox 157 3012 300 3082; x_wconf 86' lang='lat' dir='ltr'>lectionis,</span> <span class='ocrx_word' id='word_1_215' title='bbox 315 3028 373 3084; x_wconf 89' lang='lat' dir='ltr'>qua</span> <span class='ocrx_word' id='word_1_216' title='bbox 384 3017 529 3083; x_wconf 82' lang='lat' dir='ltr'>cognoscit</span> <span class='ocrx_word' id='word_1_217' title='bbox 541 3014 633 3070; x_wconf 92' lang='lat' dir='ltr'>solum</span> <span class='ocrx_word' id='word_1_218' title='bbox 644 3013 747 3086; x_wconf 87' lang='lat' dir='ltr'>dignos</span> 
     </span>
     <span class='ocr_line' id='line_1_39' title="bbox 158 3083 747 3156; baseline 0.003 -17"><span class='ocrx_word' id='word_1_219' title='bbox 158 3084 215 3142; x_wconf 82' lang='lat' dir='ltr'>rita</span> <span class='ocrx_word' id='word_1_220' title='bbox 229 3091 338 3141; x_wconf 73' lang='lat' dir='ltr'>aeterna</span> <span class='ocrx_word' id='word_1_221' title='bbox 360 3083 499 3156; x_wconf 90' lang='lat' dir='ltr'>promissa</span> <span class='ocrx_word' id='word_1_222' title='bbox 519 3087 576 3155; x_wconf 82' lang='lat' dir='ltr'>eis3</span> <span class='ocrx_word' id='word_1_223' title='bbox 598 3085 747 3156; x_wconf 85' lang='lat' dir='ltr'>cognoscit</span> 
     </span>
     <span class='ocr_line' id='line_1_40' title="bbox 158 3155 748 3230; baseline 0 -16"><span class='ocrx_word' id='word_1_224' title='bbox 158 3156 245 3215; x_wconf 90' lang='lat' dir='ltr'>etiam</span> <span class='ocrx_word' id='word_1_225' title='bbox 263 3155 391 3214; x_wconf 86' lang='lat' dir='ltr'>Christus</span> <span class='ocrx_word' id='word_1_226' title='bbox 414 3172 480 3213; x_wconf 77' lang='lat' dir='ltr'>oves</span> <span class='ocrx_word' id='word_1_227' title='bbox 497 3173 562 3213; x_wconf 92' lang='lat' dir='ltr'>suas</span> <span class='ocrx_word' id='word_1_228' title='bbox 586 3172 636 3229; x_wconf 91' lang='lat' dir='ltr'>pei·</span> <span class='ocrx_word' id='word_1_229' title='bbox 648 3156 748 3230; x_wconf 89' lang='lat' dir='ltr'>imagi-</span> 
     </span>
     <span class='ocr_line' id='line_1_41' title="bbox 157 3227 747 3302; baseline -0.002 -15"><span class='ocrx_word' id='word_1_230' title='bbox 157 3245 223 3287; x_wconf 91' lang='lat' dir='ltr'>uem</span> <span class='ocrx_word' id='word_1_231' title='bbox 236 3233 264 3286; x_wconf 91' lang='lat' dir='ltr'>et</span> <span class='ocrx_word' id='word_1_232' title='bbox 275 3227 491 3286; x_wconf 89' lang='lat' dir='ltr'>similitudinem</span> <span class='ocrx_word' id='word_1_233' title='bbox 505 3245 597 3299; x_wconf 89' lang='lat' dir='ltr'>suam,</span> <span class='ocrx_word' id='word_1_234' title='bbox 608 3246 692 3302; x_wconf 85' lang='lat' dir='ltr'>quain</span> <span class='ocrx_word' id='word_1_235' title='bbox 706 3230 747 3286; x_wconf 88' lang='lat' dir='ltr'>eis</span> 
     </span>
     <span class='ocr_line' id='line_1_42' title="bbox 158 3301 748 3375; baseline 0 -16"><span class='ocrx_word' id='word_1_236' title='bbox 158 3301 311 3375; x_wconf 78' lang='lat' dir='ltr'>impressit,</span> <span class='ocrx_word' id='word_1_237' title='bbox 332 3317 384 3374; x_wconf 88' lang='lat' dir='ltr'>per</span> <span class='ocrx_word' id='word_1_238' title='bbox 410 3317 489 3357; x_wconf 88' lang='lat' dir='ltr'>arma</span> <span class='ocrx_word' id='word_1_239' title='bbox 522 3308 549 3358; x_wconf 92' lang='lat' dir='ltr'>et</span> <span class='ocrx_word' id='word_1_240' title='bbox 577 3305 748 3359; x_wconf 83' lang='lat' dir='ltr'>vestimenta</span> 
     </span>
     <span class='ocr_line' id='line_1_43' title="bbox 158 3374 748 3446; baseline 0 -15"><span class='ocrx_word' id='word_1_241' title='bbox 158 3374 305 3444; x_wconf 83' lang='lat' dir='ltr'>virtutum,</span> <span class='ocrx_word' id='word_1_242' title='bbox 318 3375 420 3446; x_wconf 90' lang='lat' dir='ltr'>quibus</span> <span class='ocrx_word' id='word_1_243' title='bbox 439 3374 537 3430; x_wconf 84' lang='lat' dir='ltr'>fideles</span> <span class='ocrx_word' id='word_1_244' title='bbox 558 3374 680 3443; x_wconf 79' lang='lat' dir='ltr'>ornavit,</span> <span class='ocrx_word' id='word_1_245' title='bbox 696 3390 748 3446; x_wconf 90' lang='lat' dir='ltr'>per</span> 
     </span>
     <span class='ocr_line' id='line_1_44' title="bbox 159 3445 748 3518; baseline -0.002 -15"><span class='ocrx_word' id='word_1_246' title='bbox 159 3450 240 3518; x_wconf 90' lang='lat' dir='ltr'>signa</span> <span class='ocrx_word' id='word_1_247' title='bbox 250 3449 388 3503; x_wconf 93' lang='lat' dir='ltr'>bonorum</span> <span class='ocrx_word' id='word_1_248' title='bbox 398 3461 517 3518; x_wconf 91' lang='lat' dir='ltr'>operum</span> <span class='ocrx_word' id='word_1_249' title='bbox 530 3445 631 3518; x_wconf 87' lang='lat' dir='ltr'>quibus</span> <span class='ocrx_word' id='word_1_250' title='bbox 642 3462 690 3502; x_wconf 91' lang='lat' dir='ltr'>eos</span> <span class='ocrx_word' id='word_1_251' title='bbox 700 3447 748 3502; x_wconf 90' lang='lat' dir='ltr'>de·</span> 
     </span>
     <span class='ocr_line' id='line_1_45' title="bbox 159 3518 745 3591; baseline -0.003 -16"><span class='ocrx_word' id='word_1_252' title='bbox 159 3518 277 3589; x_wconf 87' lang='lat' dir='ltr'>coraiil,</span> <span class='ocrx_word' id='word_1_253' title='bbox 294 3534 345 3591; x_wconf 91' lang='lat' dir='ltr'>per</span> <span class='ocrx_word' id='word_1_254' title='bbox 359 3518 517 3575; x_wconf 91' lang='lat' dir='ltr'>doctrinam</span> <span class='ocrx_word' id='word_1_255' title='bbox 532 3534 623 3587; x_wconf 89' lang='lat' dir='ltr'>suam,</span> <span class='ocrx_word' id='word_1_256' title='bbox 640 3523 668 3573; x_wconf 88' lang='lat' dir='ltr'>et</span> <span class='ocrx_word' id='word_1_257' title='bbox 683 3533 745 3590; x_wconf 89' lang='lat' dir='ltr'>spe·</span> 
     </span>
     <span class='ocr_line' id='line_1_46' title="bbox 159 3589 747 3662; baseline -0.003 -15"><span class='ocrx_word' id='word_1_258' title='bbox 159 3591 269 3648; x_wconf 85' lang='lat' dir='ltr'>cialiter</span> <span class='ocrx_word' id='word_1_259' title='bbox 280 3606 330 3662; x_wconf 91' lang='lat' dir='ltr'>per</span> <span class='ocrx_word' id='word_1_260' title='bbox 341 3589 488 3647; x_wconf 89' lang='lat' dir='ltr'>caritatem</span> <span class='ocrx_word' id='word_1_261' title='bbox 499 3591 535 3647; x_wconf 92' lang='lat' dir='ltr'>ad</span> <span class='ocrx_word' id='word_1_262' title='bbox 549 3589 679 3654; x_wconf 85' lang='lat' dir='ltr'>invicem,</span> <span class='ocrx_word' id='word_1_263' title='bbox 691 3605 747 3662; x_wconf 87' lang='lat' dir='ltr'>qua</span> 
     </span>
     <span class='ocr_line' id='line_1_47' title="bbox 159 3660 748 3734; baseline 0 -15"><span class='ocrx_word' id='word_1_264' title='bbox 159 3679 208 3719; x_wconf 88' lang='lat' dir='ltr'>eos</span> <span class='ocrx_word' id='word_1_265' title='bbox 222 3662 410 3719; x_wconf 84' lang='lat' dir='ltr'>informavit:</span> <span class='ocrx_word' id='word_1_266' title='bbox 424 3679 487 3734; x_wconf 85' lang='lat' dir='ltr'>qua·</span> <span class='ocrx_word' id='word_1_267' title='bbox 501 3661 596 3718; x_wconf 90' lang='lat' dir='ltr'>omnia</span> <span class='ocrx_word' id='word_1_268' title='bbox 606 3660 636 3718; x_wconf 91' lang='lat' dir='ltr'>in</span> <span class='ocrx_word' id='word_1_269' title='bbox 648 3664 748 3719; x_wconf 88' lang='lat' dir='ltr'>ovibus</span> 
     </span>
     <span class='ocr_line' id='line_1_48' title="bbox 160 3732 747 3806; baseline 0.002 -17"><span class='ocrx_word' id='word_1_270' title='bbox 160 3734 219 3790; x_wconf 85' lang='lat' dir='ltr'>suis</span> <span class='ocrx_word' id='word_1_271' title='bbox 240 3732 358 3789; x_wconf 83' lang='lat' dir='ltr'>invenit.</span> <span class='ocrx_word' id='word_1_272' title='bbox 379 3736 415 3788; x_wconf 85' lang='lat' dir='ltr'>Et</span> <span class='ocrx_word' id='word_1_273' title='bbox 435 3739 655 3803; x_wconf 75' lang='lat' dir='ltr'>cognoscentiae</span> <span class='ocrx_word' id='word_1_274' title='bbox 673 3751 747 3806; x_wconf 75' lang='lat' dir='ltr'>meae,</span> 
     </span>
     <span class='ocr_line' id='line_1_49' title="bbox 158 3804 749 3878; baseline 0.002 -16"><span class='ocrx_word' id='word_1_275' title='bbox 158 3804 292 3878; x_wconf 91' lang='lat' dir='ltr'>quoniam</span> <span class='ocrx_word' id='word_1_276' title='bbox 323 3820 388 3860; x_wconf 87' lang='lat' dir='ltr'>vere</span> <span class='ocrx_word' id='word_1_277' title='bbox 407 3804 506 3861; x_wconf 85' lang='lat' dir='ltr'>fideles</span> <span class='ocrx_word' id='word_1_278' title='bbox 523 3805 665 3862; x_wconf 82' lang='lat' dir='ltr'>Christum</span> <span class='ocrx_word' id='word_1_279' title='bbox 677 3823 749 3878; x_wconf 84' lang='lat' dir='ltr'>cog-</span> 
     </span>
     <span class='ocr_line' id='line_1_50' title="bbox 161 3874 751 3951; baseline 0.002 -17"><span class='ocrx_word' id='word_1_280' title='bbox 161 3882 291 3946; x_wconf 90' lang='lat' dir='ltr'>noscunt,</span> <span class='ocrx_word' id='word_1_281' title='bbox 304 3874 405 3931; x_wconf 91' lang='lat' dir='ltr'>notitia</span> <span class='ocrx_word' id='word_1_282' title='bbox 429 3876 670 3946; x_wconf 84' lang='lat' dir='ltr'>perdilectionem</span> <span class='ocrx_word' id='word_1_283' title='bbox 686 3895 751 3951; x_wconf 92' lang='lat' dir='ltr'>ope-</span> 
     </span>
     <span class='ocr_line' id='line_1_51' title="bbox 158 3947 747 4021; baseline 0 -15"><span class='ocrx_word' id='word_1_284' title='bbox 158 3955 251 4017; x_wconf 88' lang='lat' dir='ltr'>rante,</span> <span class='ocrx_word' id='word_1_285' title='bbox 268 3947 415 4005; x_wconf 87' lang='lat' dir='ltr'>etidcirco</span> <span class='ocrx_word' id='word_1_286' title='bbox 431 3947 520 4019; x_wconf 87' lang='lat' dir='ltr'>decipi</span> <span class='ocrx_word' id='word_1_287' title='bbox 542 3965 598 4004; x_wconf 91' lang='lat' dir='ltr'>non</span> <span class='ocrx_word' id='word_1_288' title='bbox 615 3956 747 4021; x_wconf 88' lang='lat' dir='ltr'>possuiit;</span> 
     </span>
     <span class='ocr_line' id='line_1_52' title="bbox 158 4019 748 4093; baseline -0.003 -14"><span class='ocrx_word' id='word_1_289' title='bbox 158 4021 299 4080; x_wconf 83' lang='lat' dir='ltr'>beneficia</span> <span class='ocrx_word' id='word_1_290' title='bbox 314 4034 426 4091; x_wconf 84' lang='lat' dir='ltr'>quoquc</span> <span class='ocrx_word' id='word_1_291' title='bbox 442 4020 504 4089; x_wconf 82' lang='lat' dir='ltr'>ejus</span> <span class='ocrx_word' id='word_1_292' title='bbox 521 4019 666 4077; x_wconf 79' lang='lat' dir='ltr'>monife-te</span> <span class='ocrx_word' id='word_1_293' title='bbox 681 4038 748 4093; x_wconf 90' lang='lat' dir='ltr'>cog-</span> 
     </span>
     <span class='ocr_line' id='line_1_53' title="bbox 159 4090 748 4165; baseline -0.002 -14"><span class='ocrx_word' id='word_1_294' title='bbox 159 4100 290 4151; x_wconf 91' lang='lat' dir='ltr'>noscunt.</span> <span class='ocrx_word' id='word_1_295' title='bbox 304 4123 331 4132; x_wconf 91' lang='lat'>—</span> <span class='ocrx_word' id='word_1_296' title='bbox 344 4090 413 4147; x_wconf 90' lang='lat' dir='ltr'>Boui</span> <span class='ocrx_word' id='word_1_297' title='bbox 425 4108 493 4162; x_wconf 88' lang='lat' dir='ltr'>ergo</span> <span class='ocrx_word' id='word_1_298' title='bbox 504 4092 626 4165; x_wconf 86' lang='lat' dir='ltr'>pastoris</span> <span class='ocrx_word' id='word_1_299' title='bbox 635 4093 748 4164; x_wconf 87' lang='lat' dir='ltr'>siguum</span> 
     </span>
     <span class='ocr_line' id='line_1_54' title="bbox 158 4162 749 4239; baseline 0 -18"><span class='ocrx_word' id='word_1_300' title='bbox 158 4170 281 4239; x_wconf 86' lang='lat' dir='ltr'>primum</span> <span class='ocrx_word' id='word_1_301' title='bbox 297 4169 339 4221; x_wconf 92' lang='lat' dir='ltr'>est</span> <span class='ocrx_word' id='word_1_302' title='bbox 360 4170 456 4219; x_wconf 92' lang='lat' dir='ltr'>mutua</span> <span class='ocrx_word' id='word_1_303' title='bbox 472 4162 595 4236; x_wconf 79' lang='lat' dir='ltr'>cognitio</span> <span class='ocrx_word' id='word_1_304' title='bbox 616 4165 704 4236; x_wconf 88' lang='lat' dir='ltr'>ipsius</span> <span class='ocrx_word' id='word_1_305' title='bbox 720 4174 749 4221; x_wconf 89' lang='lat' dir='ltr'>et</span> 
     </span>
     <span class='ocr_line' id='line_1_55' title="bbox 159 4235 746 4310; baseline 0.002 -17"><span class='ocrx_word' id='word_1_306' title='bbox 159 4237 253 4295; x_wconf 81' lang='lat' dir='ltr'>ovium</span> <span class='ocrx_word' id='word_1_307' title='bbox 263 4251 379 4296; x_wconf 89' lang='lat' dir='ltr'>suarum</span> <span class='ocrx_word' id='word_1_308' title='bbox 390 4253 396 4303; x_wconf 93' lang='lat'>;</span> <span class='ocrx_word' id='word_1_309' title='bbox 409 4236 484 4307; x_wconf 89' lang='lat' dir='ltr'>quod</span> <span class='ocrx_word' id='word_1_310' title='bbox 494 4235 665 4310; x_wconf 86' lang='lat' dir='ltr'>proicniteii</span> <span class='ocrx_word' id='word_1_311' title='bbox 681 4239 746 4305; x_wconf 88' lang='lat' dir='ltr'>boc,</span> 
     </span>
     <span class='ocr_line' id='line_1_56' title="bbox 160 4308 747 4384; baseline 0.002 -19"><span class='ocrx_word' id='word_1_312' title='bbox 160 4311 226 4384; x_wconf 90' lang='lat' dir='ltr'>quia</span> <span class='ocrx_word' id='word_1_313' title='bbox 250 4313 349 4383; x_wconf 90' lang='lat' dir='ltr'>pastor</span> <span class='ocrx_word' id='word_1_314' title='bbox 380 4308 544 4381; x_wconf 88' lang='lat' dir='ltr'>frequenter</span> <span class='ocrx_word' id='word_1_315' title='bbox 569 4312 598 4364; x_wconf 88' lang='lat' dir='ltr'>et</span> <span class='ocrx_word' id='word_1_316' title='bbox 628 4308 747 4366; x_wconf 88' lang='lat' dir='ltr'>sollicite</span> 
     </span>
    </p>
   </div>
   <div class='ocr_carea' id='block_1_2' title="bbox 498 332 1052 391">
    <p class='ocr_par' dir='ltr' id='par_1_3' title="bbox 498 332 1052 391">
     <span class='ocr_line' id='line_1_57' title="bbox 498 332 1052 391; baseline -0.005 -3"><span class='ocrx_word' id='word_1_317' title='bbox 498 334 602 388; x_wconf 83' lang='lat' dir='ltr'>lltltlll</span> <span class='ocrx_word' id='word_1_318' title='bbox 629 333 750 391; x_wconf 77' lang='lat' dir='ltr'>llltlls</span> <span class='ocrx_word' id='word_1_319' title='bbox 777 334 882 391; x_wconf 80' lang='lat' dir='ltr'>cllt&#39;l</span> <span class='ocrx_word' id='word_1_320' title='bbox 909 332 1052 387; x_wconf 79' lang='lat' dir='ltr'>lxxxvi</span> 
     </span>
    </p>
   </div>
   <div class='ocr_carea' id='block_1_3' title="bbox 797 436 1398 4315">
    <p class='ocr_par' dir='ltr' id='par_1_4' title="bbox 797 436 1398 4022">
     <span class='ocr_line' id='line_1_58' title="bbox 797 436 1398 520; baseline 0 -22"><span class='ocrx_word' id='word_1_321' title='bbox 797 456 864 498; x_wconf 88' lang='lat' dir='ltr'>oves</span> <span class='ocrx_word' id='word_1_322' title='bbox 880 454 945 495; x_wconf 91' lang='lat' dir='ltr'>suas</span> <span class='ocrx_word' id='word_1_323' title='bbox 958 436 1074 507; x_wconf 76' lang='lat' dir='ltr'>visitat,</span> <span class='ocrx_word' id='word_1_324' title='bbox 1089 442 1122 494; x_wconf 92' lang='lat' dir='ltr'>et</span> <span class='ocrx_word' id='word_1_325' title='bbox 1139 436 1190 494; x_wconf 82' lang='lat' dir='ltr'>sic</span> <span class='ocrx_word' id='word_1_326' title='bbox 1205 439 1398 520; x_wconf 79' lang='lat' dir='ltr'>particulariter</span> 
     </span>
     <span class='ocr_line' id='line_1_59' title="bbox 798 508 1397 584; baseline 0.003 -16"><span class='ocrx_word' id='word_1_327' title='bbox 798 510 943 584; x_wconf 82' lang='lat' dir='ltr'>cognoscit</span> <span class='ocrx_word' id='word_1_328' title='bbox 968 525 1029 578; x_wconf 86' lang='lat' dir='ltr'>eas,</span> <span class='ocrx_word' id='word_1_329' title='bbox 1057 517 1089 567; x_wconf 92' lang='lat' dir='ltr'>et</span> <span class='ocrx_word' id='word_1_330' title='bbox 1112 508 1345 569; x_wconf 81' lang='lat' dir='ltr'>individualiter</span> <span class='ocrx_word' id='word_1_331' title='bbox 1362 513 1397 570; x_wconf 84' lang='lat' dir='ltr'>scil</span> 
     </span>
     <span class='ocr_line' id='line_1_60' title="bbox 799 582 1397 655; baseline 0.002 -15"><span class='ocrx_word' id='word_1_332' title='bbox 799 583 974 640; x_wconf 86' lang='lat' dir='ltr'>conditiones</span> <span class='ocrx_word' id='word_1_333' title='bbox 991 597 1111 650; x_wconf 89' lang='lat' dir='ltr'>earum,</span> <span class='ocrx_word' id='word_1_334' title='bbox 1131 597 1173 639; x_wconf 89' lang='lat' dir='ltr'>ac</span> <span class='ocrx_word' id='word_1_335' title='bbox 1196 598 1251 639; x_wconf 80' lang='lat' dir='ltr'>eas</span> <span class='ocrx_word' id='word_1_336' title='bbox 1267 582 1397 655; x_wconf 83' lang='lat' dir='ltr'>diligit;et</span> 
     </span>
     <span class='ocr_line' id='line_1_61' title="bbox 799 652 1395 725; baseline 0.003 -14"><span class='ocrx_word' id='word_1_337' title='bbox 799 670 866 711; x_wconf 83' lang='lat' dir='ltr'>oves</span> <span class='ocrx_word' id='word_1_338' title='bbox 878 670 912 710; x_wconf 90' lang='lat' dir='ltr'>eii</span> <span class='ocrx_word' id='word_1_339' title='bbox 925 653 1071 724; x_wconf 84' lang='lat' dir='ltr'>frequenti</span> <span class='ocrx_word' id='word_1_340' title='bbox 1087 652 1318 725; x_wconf 86' lang='lat' dir='ltr'>imaginatione</span> <span class='ocrx_word' id='word_1_341' title='bbox 1330 657 1395 713; x_wconf 86' lang='lat' dir='ltr'>berie-</span> 
     </span>
     <span class='ocr_line' id='line_1_62' title="bbox 799 724 1394 799; baseline 0.003 -17"><span class='ocrx_word' id='word_1_342' title='bbox 799 725 857 782; x_wconf 83' lang='lat' dir='ltr'>ficii</span> <span class='ocrx_word' id='word_1_343' title='bbox 872 729 994 798; x_wconf 74' lang='lat' dir='ltr'>pastoris</span> <span class='ocrx_word' id='word_1_344' title='bbox 1004 724 1104 797; x_wconf 87' lang='lat' dir='ltr'>ipsum</span> <span class='ocrx_word' id='word_1_345' title='bbox 1122 726 1304 795; x_wconf 90' lang='lat' dir='ltr'>attendunt,</span> <span class='ocrx_word' id='word_1_346' title='bbox 1319 735 1394 799; x_wconf 81' lang='lat' dir='ltr'>etspe</span> 
     </span>
     <span class='ocr_line' id='line_1_63' title="bbox 800 797 1394 869; baseline 0.003 -15"><span class='ocrx_word' id='word_1_347' title='bbox 800 797 909 854; x_wconf 89' lang='lat' dir='ltr'>cialiter</span> <span class='ocrx_word' id='word_1_348' title='bbox 919 804 1199 869; x_wconf 88' lang='lat' dir='ltr'>recognoscunt,ac</span> <span class='ocrx_word' id='word_1_349' title='bbox 1210 799 1394 869; x_wconf 83' lang='lat' dir='ltr'>eumdiligunl.</span> 
     </span>
     <span class='ocr_line' id='line_1_64' title="bbox 801 868 1393 929; baseline 0.005 -3"><span class='ocrx_word' id='word_1_350' title='bbox 801 869 845 926; x_wconf 90' lang='lat' dir='ltr'>Sic</span> <span class='ocrx_word' id='word_1_351' title='bbox 865 874 960 926; x_wconf 88' lang='lat' dir='ltr'>autem</span> <span class='ocrx_word' id='word_1_352' title='bbox 980 875 1023 924; x_wconf 86' lang='lat' dir='ltr'>est</span> <span class='ocrx_word' id='word_1_353' title='bbox 1044 868 1081 925; x_wconf 90' lang='lat' dir='ltr'>de</span> <span class='ocrx_word' id='word_1_354' title='bbox 1099 868 1230 927; x_wconf 86' lang='lat' dir='ltr'>Christo</span> <span class='ocrx_word' id='word_1_355' title='bbox 1251 877 1283 928; x_wconf 87' lang='lat' dir='ltr'>et</span> <span class='ocrx_word' id='word_1_356' title='bbox 1297 887 1354 929; x_wconf 80' lang='lat' dir='ltr'>rere</span> <span class='ocrx_word' id='word_1_357' title='bbox 1367 873 1393 928; x_wconf 87' lang='lat' dir='ltr'>l-</span> 
     </span>
     <span class='ocr_line' id='line_1_65' title="bbox 800 940 1394 1014; baseline 0.005 -16"><span class='ocrx_word' id='word_1_358' title='bbox 800 940 921 1009; x_wconf 78' lang='lat' dir='ltr'>delibuS,</span> <span class='ocrx_word' id='word_1_359' title='bbox 939 946 967 997; x_wconf 92' lang='lat' dir='ltr'>et</span> <span class='ocrx_word' id='word_1_360' title='bbox 986 956 1057 1012; x_wconf 89' lang='lat' dir='ltr'>ergo</span> <span class='ocrx_word' id='word_1_361' title='bbox 1074 946 1127 997; x_wconf 91' lang='lat' dir='ltr'>est</span> <span class='ocrx_word' id='word_1_362' title='bbox 1148 946 1261 1014; x_wconf 87' lang='lat' dir='ltr'>pastor</span> <span class='ocrx_word' id='word_1_363' title='bbox 1281 943 1394 1001; x_wconf 83' lang='lat' dir='ltr'>bouuset</span> 
     </span>
     <span class='ocr_line' id='line_1_66' title="bbox 801 1012 1394 1087; baseline 0.01 -20"><span class='ocrx_word' id='word_1_364' title='bbox 801 1029 894 1069; x_wconf 82' lang='lat' dir='ltr'>verus</span> <span class='ocrx_word' id='word_1_365' title='bbox 919 1044 947 1054; x_wconf 91' lang='lat'>-</span> <span class='ocrx_word' id='word_1_366' title='bbox 965 1012 1141 1069; x_wconf 88' lang='lat' dir='ltr'>Secundum</span> <span class='ocrx_word' id='word_1_367' title='bbox 1159 1013 1288 1087; x_wconf 87' lang='lat' dir='ltr'>signum</span> <span class='ocrx_word' id='word_1_368' title='bbox 1307 1014 1363 1072; x_wconf 86' lang='lat' dir='ltr'>boui</span> <span class='ocrx_word' id='word_1_369' title='bbox 1375 1021 1394 1072; x_wconf 82' lang='lat' dir='ltr'>tt</span> 
     </span>
     <span class='ocr_line' id='line_1_67' title="bbox 802 1082 1393 1159; baseline 0.012 -22"><span class='ocrx_word' id='word_1_370' title='bbox 802 1083 860 1140; x_wconf 87' lang='lat' dir='ltr'>ieri</span> <span class='ocrx_word' id='word_1_371' title='bbox 895 1082 997 1140; x_wconf 90' lang='lat' dir='ltr'>astoris</span> <span class='ocrx_word' id='word_1_372' title='bbox 1011 1088 1056 1140; x_wconf 88' lang='lat' dir='ltr'>est</span> <span class='ocrx_word' id='word_1_373' title='bbox 1070 1084 1204 1142; x_wconf 79' lang='lat' dir='ltr'>allectio</span> <span class='ocrx_word' id='word_1_374' title='bbox 1220 1102 1312 1159; x_wconf 89' lang='lat' dir='ltr'>quam</span> <span class='ocrx_word' id='word_1_375' title='bbox 1321 1095 1393 1144; x_wconf 84' lang='lat' dir='ltr'>ostei-</span> 
     </span>
     <span class='ocr_line' id='line_1_68' title="bbox 802 1099 1395 1229; baseline 0.005 -18"><span class='ocrx_word' id='word_1_376' title='bbox 802 1154 842 1211; x_wconf 87' lang='lat' dir='ltr'>dit</span> <span class='ocrx_word' id='word_1_377' title='bbox 854 1099 894 1211; x_wconf 57' lang='lat' dir='ltr'>ag</span> <span class='ocrx_word' id='word_1_378' title='bbox 908 1171 984 1222; x_wconf 86' lang='lat' dir='ltr'>oves,</span> <span class='ocrx_word' id='word_1_379' title='bbox 1000 1171 1065 1226; x_wconf 85' lang='lat' dir='ltr'>quae</span> <span class='ocrx_word' id='word_1_380' title='bbox 1083 1172 1151 1213; x_wconf 90' lang='lat' dir='ltr'>non</span> <span class='ocrx_word' id='word_1_381' title='bbox 1163 1163 1270 1229; x_wconf 90' lang='lat' dir='ltr'>potest</span> <span class='ocrx_word' id='word_1_382' title='bbox 1286 1175 1395 1216; x_wconf 58' lang='lat' dir='ltr'>aaut·</span> 
     </span>
     <span class='ocr_line' id='line_1_69' title="bbox 798 1228 1394 1302; baseline 0.008 -19"><span class='ocrx_word' id='word_1_383' title='bbox 798 1228 846 1299; x_wconf 89' lang='lat' dir='ltr'>jor</span> <span class='ocrx_word' id='word_1_384' title='bbox 857 1232 1046 1299; x_wconf 84' lang='lat' dir='ltr'>quam’semet</span> <span class='ocrx_word' id='word_1_385' title='bbox 1057 1243 1221 1299; x_wconf 85' lang='lat' dir='ltr'>exponere</span> <span class='ocrx_word' id='word_1_386' title='bbox 1235 1246 1291 1302; x_wconf 88' lang='lat' dir='ltr'>pro</span> <span class='ocrx_word' id='word_1_387' title='bbox 1303 1232 1394 1295; x_wconf 65' lang='lat' dir='ltr'>orbis</span> 
     </span>
     <span class='ocr_line' id='line_1_70' title="bbox 803 1298 1394 1362; baseline 0.012 -7"><span class='ocrx_word' id='word_1_388' title='bbox 803 1298 843 1355; x_wconf 90' lang='lat' dir='ltr'>sic</span> <span class='ocrx_word' id='word_1_389' title='bbox 858 1303 953 1354; x_wconf 90' lang='lat' dir='ltr'>autem</span> <span class='ocrx_word' id='word_1_390' title='bbox 969 1304 1011 1354; x_wconf 89' lang='lat' dir='ltr'>est</span> <span class='ocrx_word' id='word_1_391' title='bbox 1026 1298 1063 1355; x_wconf 89' lang='lat' dir='ltr'>de</span> <span class='ocrx_word' id='word_1_392' title='bbox 1079 1299 1210 1357; x_wconf 89' lang='lat' dir='ltr'>Christo</span> <span class='ocrx_word' id='word_1_393' title='bbox 1223 1308 1257 1359; x_wconf 90' lang='lat' dir='ltr'>et</span> <span class='ocrx_word' id='word_1_394' title='bbox 1275 1302 1394 1362; x_wconf 75' lang='lat' dir='ltr'>fidelibus</span> 
     </span>
     <span class='ocr_line' id='line_1_71' title="bbox 803 1369 1396 1448; baseline 0.007 -21"><span class='ocrx_word' id='word_1_395' title='bbox 803 1376 831 1427; x_wconf 86' lang='lat' dir='ltr'>et</span> <span class='ocrx_word' id='word_1_396' title='bbox 846 1369 909 1426; x_wconf 90' lang='lat' dir='ltr'>ideo</span> <span class='ocrx_word' id='word_1_397' title='bbox 922 1369 1017 1426; x_wconf 89' lang='lat' dir='ltr'>subdit</span> <span class='ocrx_word' id='word_1_398' title='bbox 1031 1387 1038 1425; x_wconf 74' lang='grc' dir='ltr'><em>τ</em></span> <span class='ocrx_word' id='word_1_399' title='bbox 1054 1373 1095 1426; x_wconf 84' lang='lat' dir='ltr'>Et</span> <span class='ocrx_word' id='word_1_400' title='bbox 1111 1375 1253 1429; x_wconf 84' lang='lat' dir='ltr'>animani</span> <span class='ocrx_word' id='word_1_401' title='bbox 1269 1391 1351 1431; x_wconf 79' lang='lat' dir='ltr'>menia</span> <span class='ocrx_word' id='word_1_402' title='bbox 1360 1392 1396 1448; x_wconf 63' lang='lat' dir='ltr'>pe</span> 
     </span>
     <span class='ocr_line' id='line_1_72' title="bbox 802 1442 1396 1513; baseline 0.012 -16"><span class='ocrx_word' id='word_1_403' title='bbox 802 1458 836 1497; x_wconf 86' lang='lat' dir='ltr'>no</span> <span class='ocrx_word' id='word_1_404' title='bbox 851 1459 902 1513; x_wconf 88' lang='lat' dir='ltr'>pro</span> <span class='ocrx_word' id='word_1_405' title='bbox 916 1442 1012 1497; x_wconf 80' lang='lat' dir='ltr'>uoltus</span> <span class='ocrx_word' id='word_1_406' title='bbox 1026 1444 1118 1510; x_wconf 80' lang='lat' dir='ltr'>meis;</span> <span class='ocrx_word' id='word_1_407' title='bbox 1135 1443 1216 1501; x_wconf 89' lang='lat' dir='ltr'>solis</span> <span class='ocrx_word' id='word_1_408' title='bbox 1226 1445 1396 1504; x_wconf 77' lang='lat' dir='ltr'>enimenta</span> 
     </span>
     <span class='ocr_line' id='line_1_73' title="bbox 803 1511 1398 1589; baseline 0.003 -18"><span class='ocrx_word' id='word_1_409' title='bbox 803 1512 904 1571; x_wconf 71' lang='lat' dir='ltr'>Christi</span> <span class='ocrx_word' id='word_1_410' title='bbox 922 1511 1035 1586; x_wconf 82' lang='lat' dir='ltr'>prolicit</span> <span class='ocrx_word' id='word_1_411' title='bbox 1050 1513 1161 1571; x_wconf 86' lang='lat' dir='ltr'>Passio</span> <span class='ocrx_word' id='word_1_412' title='bbox 1181 1517 1265 1589; x_wconf 85' lang='lat' dir='ltr'>ejiis.</span> <span class='ocrx_word' id='word_1_413' title='bbox 1286 1519 1398 1575; x_wconf 87' lang='lat' dir='ltr'>Undeait</span> 
     </span>
     <span class='ocr_line' id='line_1_74' title="bbox 802 1588 1396 1661; baseline 0.01 -20"><span class='ocrx_word' id='word_1_414' title='bbox 802 1588 899 1642; x_wconf 86' lang='lat' dir='ltr'>Petrus</span> <span class='ocrx_word' id='word_1_415' title='bbox 914 1588 1060 1641; x_wconf 82' lang='lat' dir='ltr'>Ravennae</span> <span class='ocrx_word' id='word_1_416' title='bbox 1076 1604 1087 1640; x_wconf 74' lang='grc' dir='ltr'><strong><em>ε</em></strong></span> <span class='ocrx_word' id='word_1_417' title='bbox 1118 1608 1134 1639; x_wconf 87' lang='lat'>«</span> <span class='ocrx_word' id='word_1_418' title='bbox 1150 1588 1234 1644; x_wconf 85' lang='lat' dir='ltr'>Ecce</span> <span class='ocrx_word' id='word_1_419' title='bbox 1251 1596 1348 1661; x_wconf 85' lang='lat' dir='ltr'>pastor</span> <span class='ocrx_word' id='word_1_420' title='bbox 1358 1591 1396 1646; x_wconf 81' lang='lat' dir='ltr'>bo</span> 
     </span>
     <span class='ocr_line' id='line_1_75' title="bbox 802 1655 1396 1730; baseline 0.01 -18"><span class='ocrx_word' id='word_1_421' title='bbox 802 1673 856 1712; x_wconf 88' lang='lat' dir='ltr'>nus</span> <span class='ocrx_word' id='word_1_422' title='bbox 879 1655 1003 1712; x_wconf 92' lang='lat' dir='ltr'>animam</span> <span class='ocrx_word' id='word_1_423' title='bbox 1025 1672 1110 1713; x_wconf 89' lang='lat' dir='ltr'>suam</span> <span class='ocrx_word' id='word_1_424' title='bbox 1137 1674 1199 1730; x_wconf 90' lang='lat' dir='ltr'>pro</span> <span class='ocrx_word' id='word_1_425' title='bbox 1225 1661 1330 1719; x_wconf 86' lang='lat' dir='ltr'>ovibus</span> <span class='ocrx_word' id='word_1_426' title='bbox 1353 1663 1396 1719; x_wconf 75' lang='lat' dir='ltr'>sub</span> 
     </span>
     <span class='ocr_line' id='line_1_76' title="bbox 802 1726 1397 1807; baseline 0.012 -24"><span class='ocrx_word' id='word_1_427' title='bbox 802 1728 861 1796; x_wconf 88' lang='lat' dir='ltr'>dat,</span> <span class='ocrx_word' id='word_1_428' title='bbox 875 1727 950 1799; x_wconf 86' lang='lat' dir='ltr'>quod</span> <span class='ocrx_word' id='word_1_429' title='bbox 964 1726 1057 1800; x_wconf 84' lang='lat' dir='ltr'>utique</span> <span class='ocrx_word' id='word_1_430' title='bbox 1068 1728 1205 1788; x_wconf 85' lang='lat' dir='ltr'>facitvis</span> <span class='ocrx_word' id='word_1_431' title='bbox 1216 1734 1397 1807; x_wconf 64' lang='lat' dir='ltr'>amorisqnii</span> 
     </span>
     <span class='ocr_line' id='line_1_77' title="bbox 803 1798 1396 1877; baseline 0.003 -22"><span class='ocrx_word' id='word_1_432' title='bbox 803 1799 874 1855; x_wconf 89' lang='lat' dir='ltr'>nihil</span> <span class='ocrx_word' id='word_1_433' title='bbox 891 1798 1004 1868; x_wconf 92' lang='lat' dir='ltr'>durum,</span> <span class='ocrx_word' id='word_1_434' title='bbox 1021 1798 1060 1854; x_wconf 94' lang='lat' dir='ltr'>uil</span> <span class='ocrx_word' id='word_1_435' title='bbox 1078 1815 1243 1873; x_wconf 89' lang='lat' dir='ltr'>amarum,</span> <span class='ocrx_word' id='word_1_436' title='bbox 1262 1804 1304 1861; x_wconf 91' lang='lat' dir='ltr'>nil</span> <span class='ocrx_word' id='word_1_437' title='bbox 1318 1822 1396 1877; x_wconf 82' lang='lat' dir='ltr'>graie,</span> 
     </span>
     <span class='ocr_line' id='line_1_78' title="bbox 804 1871 1397 1945; baseline 0.015 -19"><span class='ocrx_word' id='word_1_438' title='bbox 804 1871 842 1927; x_wconf 91' lang='lat' dir='ltr'>nil</span> <span class='ocrx_word' id='word_1_439' title='bbox 857 1871 941 1927; x_wconf 89' lang='lat' dir='ltr'>letale</span> <span class='ocrx_word' id='word_1_440' title='bbox 957 1876 1104 1942; x_wconf 90' lang='lat' dir='ltr'>computat</span> <span class='ocrx_word' id='word_1_441' title='bbox 1115 1889 1211 1931; x_wconf 91' lang='lat' dir='ltr'>amor</span> <span class='ocrx_word' id='word_1_442' title='bbox 1227 1876 1397 1945; x_wconf 72' lang='lat' dir='ltr'>vei-nsunt</span> 
     </span>
     <span class='ocr_line' id='line_1_79' title="bbox 803 1941 1396 2027; baseline 0.013 -28"><span class='ocrx_word' id='word_1_443' title='bbox 803 1941 879 1999; x_wconf 91' lang='lat' dir='ltr'>enim</span> <span class='ocrx_word' id='word_1_444' title='bbox 892 1943 1010 2010; x_wconf 90' lang='lat' dir='ltr'>ferrum,</span> <span class='ocrx_word' id='word_1_445' title='bbox 1026 1957 1092 2014; x_wconf 86' lang='lat' dir='ltr'>quae</span> <span class='ocrx_word' id='word_1_446' title='bbox 1110 1946 1258 2017; x_wconf 87' lang='lat' dir='ltr'>vulnera,</span> <span class='ocrx_word' id='word_1_447' title='bbox 1278 1966 1341 2021; x_wconf 82' lang='lat' dir='ltr'>quae</span> <span class='ocrx_word' id='word_1_448' title='bbox 1352 1964 1396 2027; x_wconf 76' lang='lat' dir='ltr'>pn</span> 
     </span>
     <span class='ocr_line' id='line_1_80' title="bbox 803 2020 1396 2092; baseline 0.01 -22"><span class='ocrx_word' id='word_1_449' title='bbox 803 2030 850 2081; x_wconf 84' lang='lat' dir='ltr'>na,</span> <span class='ocrx_word' id='word_1_450' title='bbox 862 2030 961 2086; x_wconf 75' lang='lat' dir='ltr'>quaeve</span> <span class='ocrx_word' id='word_1_451' title='bbox 973 2020 1081 2071; x_wconf 87' lang='lat' dir='ltr'>mortes</span> <span class='ocrx_word' id='word_1_452' title='bbox 1091 2031 1238 2076; x_wconf 86' lang='lat' dir='ltr'>amorem</span> <span class='ocrx_word' id='word_1_453' title='bbox 1260 2026 1396 2092; x_wconf 74' lang='lat' dir='ltr'>praevaient</span> 
     </span>
     <span class='ocr_line' id='line_1_81' title="bbox 804 2086 1395 2166; baseline 0.008 -24"><span class='ocrx_word' id='word_1_454' title='bbox 804 2101 939 2157; x_wconf 88' lang='lat' dir='ltr'>superare</span> <span class='ocrx_word' id='word_1_455' title='bbox 963 2086 1147 2166; x_wconf 82' lang='lat' dir='ltr'>perfectum?</span> <span class='ocrx_word' id='word_1_456' title='bbox 1174 2091 1277 2148; x_wconf 85' lang='lat' dir='ltr'>Amor</span> <span class='ocrx_word' id='word_1_457' title='bbox 1295 2099 1338 2149; x_wconf 90' lang='lat' dir='ltr'>est</span> <span class='ocrx_word' id='word_1_458' title='bbox 1358 2092 1395 2147; x_wconf 91' lang='lat' dir='ltr'>in·</span> 
     </span>
     <span class='ocr_line' id='line_1_82' title="bbox 803 2155 1397 2302; baseline 0.012 -17"><span class='ocrx_word' id='word_1_459' title='bbox 803 2155 1397 2302; x_wconf 52' lang='lat' dir='ltr'>eliittitleletiniitullnlil</span> 
     </span>
     <span class='ocr_line' id='line_1_83' title="bbox 802 2300 1395 2375; baseline 0.01 -18"><span class='ocrx_word' id='word_1_460' title='bbox 802 2303 910 2357; x_wconf 81' lang='lat' dir='ltr'>Petrus.</span> <span class='ocrx_word' id='word_1_461' title='bbox 927 2300 981 2357; x_wconf 88' lang='lat' dir='ltr'>Sed</span> <span class='ocrx_word' id='word_1_462' title='bbox 1003 2316 1067 2356; x_wconf 90' lang='lat' dir='ltr'>cum</span> <span class='ocrx_word' id='word_1_463' title='bbox 1088 2302 1185 2360; x_wconf 90' lang='lat' dir='ltr'>bomo</span> <span class='ocrx_word' id='word_1_464' title='bbox 1216 2307 1328 2365; x_wconf 89' lang='lat' dir='ltr'>habeat</span> <span class='ocrx_word' id='word_1_465' title='bbox 1345 2307 1395 2375; x_wconf 81' lang='lat' dir='ltr'>liii,</span> 
     </span>
     <span class='ocr_line' id='line_1_84' title="bbox 803 2372 1395 2452; baseline 0.015 -24"><span class='ocrx_word' id='word_1_466' title='bbox 803 2372 911 2429; x_wconf 87' lang='lat' dir='ltr'>scilicet</span> <span class='ocrx_word' id='word_1_467' title='bbox 928 2394 935 2429; x_wconf 88' lang='lat'><strong>:</strong></span> <span class='ocrx_word' id='word_1_468' title='bbox 952 2387 1008 2441; x_wconf 88' lang='lat' dir='ltr'>res,</span> <span class='ocrx_word' id='word_1_469' title='bbox 1034 2372 1244 2446; x_wconf 86' lang='lat' dir='ltr'>propinquos,</span> <span class='ocrx_word' id='word_1_470' title='bbox 1271 2385 1303 2436; x_wconf 87' lang='lat' dir='ltr'>et</span> <span class='ocrx_word' id='word_1_471' title='bbox 1319 2394 1395 2452; x_wconf 84' lang='lat' dir='ltr'>perso</span> 
     </span>
     <span class='ocr_line' id='line_1_85' title="bbox 804 2444 1396 2521; baseline 0.012 -21"><span class='ocrx_word' id='word_1_472' title='bbox 804 2460 870 2500; x_wconf 90' lang='lat' dir='ltr'>nain</span> <span class='ocrx_word' id='word_1_473' title='bbox 894 2446 1049 2515; x_wconf 92' lang='lat' dir='ltr'>propriam,</span> <span class='ocrx_word' id='word_1_474' title='bbox 1072 2444 1132 2501; x_wconf 91' lang='lat' dir='ltr'>ista</span> <span class='ocrx_word' id='word_1_475' title='bbox 1150 2447 1218 2506; x_wconf 89' lang='lat' dir='ltr'>tria</span> <span class='ocrx_word' id='word_1_476' title='bbox 1243 2467 1298 2521; x_wconf 88' lang='lat' dir='ltr'>pro</span> <span class='ocrx_word' id='word_1_477' title='bbox 1314 2453 1396 2507; x_wconf 79' lang='lat' dir='ltr'>oribus</span> 
     </span>
     <span class='ocr_line' id='line_1_86' title="bbox 803 2516 1396 2587; baseline 0.01 -15"><span class='ocrx_word' id='word_1_478' title='bbox 803 2522 868 2572; x_wconf 91' lang='lat' dir='ltr'>suot</span> <span class='ocrx_word' id='word_1_479' title='bbox 882 2516 1024 2587; x_wconf 89' lang='lat' dir='ltr'>ponenda.</span> <span class='ocrx_word' id='word_1_480' title='bbox 1043 2516 1101 2572; x_wconf 89' lang='lat' dir='ltr'>Stia</span> <span class='ocrx_word' id='word_1_481' title='bbox 1116 2524 1227 2576; x_wconf 89' lang='lat' dir='ltr'>autem</span> <span class='ocrx_word' id='word_1_482' title='bbox 1266 2538 1299 2579; x_wconf 89' lang='lat' dir='ltr'>ro</span> <span class='ocrx_word' id='word_1_483' title='bbox 1313 2522 1396 2580; x_wconf 78' lang='lat' dir='ltr'>oribus</span> 
     </span>
     <span class='ocr_line' id='line_1_87' title="bbox 803 2538 1395 2668; baseline 0.007 -25"><span class='ocrx_word' id='word_1_484' title='bbox 803 2603 859 2668; x_wconf 83' lang='lat' dir='ltr'>non</span> <span class='ocrx_word' id='word_1_485' title='bbox 882 2590 1001 2658; x_wconf 89' lang='lat' dir='ltr'>ponunt,</span> <span class='ocrx_word' id='word_1_486' title='bbox 1021 2585 1069 2658; x_wconf 87' lang='lat' dir='ltr'>qui</span> <span class='ocrx_word' id='word_1_487' title='bbox 1090 2538 1281 2659; x_wconf 64' lang='lat' dir='ltr'>temporaffa</span> <span class='ocrx_word' id='word_1_488' title='bbox 1297 2593 1338 2650; x_wconf 84' lang='lat' dir='ltr'>eis</span> <span class='ocrx_word' id='word_1_489' title='bbox 1351 2607 1395 2649; x_wconf 91' lang='lat' dir='ltr'>not</span> 
     </span>
     <span class='ocr_line' id='line_1_88' title="bbox 803 2660 1393 2738; baseline 0.015 -25"><span class='ocrx_word' id='word_1_490' title='bbox 803 2660 950 2727; x_wconf 90' lang='lat' dir='ltr'>tribuuiit;</span> <span class='ocrx_word' id='word_1_491' title='bbox 964 2673 1030 2714; x_wconf 91' lang='lat' dir='ltr'>suos</span> <span class='ocrx_word' id='word_1_492' title='bbox 1048 2673 1108 2714; x_wconf 93' lang='lat' dir='ltr'>non</span> <span class='ocrx_word' id='word_1_493' title='bbox 1124 2672 1261 2734; x_wconf 90' lang='lat' dir='ltr'>ponunt,</span> <span class='ocrx_word' id='word_1_494' title='bbox 1275 2664 1324 2738; x_wconf 87' lang='lat' dir='ltr'>qui</span> <span class='ocrx_word' id='word_1_495' title='bbox 1342 2680 1393 2721; x_wconf 79' lang='lat' dir='ltr'>coe</span> 
     </span>
     <span class='ocr_line' id='line_1_89' title="bbox 804 2727 1393 2809; baseline 0.012 -23"><span class='ocrx_word' id='word_1_496' title='bbox 804 2729 976 2801; x_wconf 88' lang='lat' dir='ltr'>sanguineos</span> <span class='ocrx_word' id='word_1_497' title='bbox 998 2727 1218 2791; x_wconf 85' lang='lat' dir='ltr'>insufficientes</span> <span class='ocrx_word' id='word_1_498' title='bbox 1245 2732 1393 2809; x_wconf 78' lang='lat' dir='ltr'>promoien‘</span> 
     </span>
     <span class='ocr_line' id='line_1_90' title="bbox 803 2802 1391 2889; baseline 0.012 -33"><span class='ocrx_word' id='word_1_499' title='bbox 803 2802 925 2869; x_wconf 90' lang='lat' dir='ltr'>faciunt;</span> <span class='ocrx_word' id='word_1_500' title='bbox 948 2816 1101 2874; x_wconf 90' lang='lat' dir='ltr'>personam</span> <span class='ocrx_word' id='word_1_501' title='bbox 1122 2819 1188 2861; x_wconf 90' lang='lat' dir='ltr'>non</span> <span class='ocrx_word' id='word_1_502' title='bbox 1215 2814 1341 2889; x_wconf 90' lang='lat' dir='ltr'>ponunt,</span> <span class='ocrx_word' id='word_1_503' title='bbox 1358 2804 1391 2879; x_wconf 84' lang='lat' dir='ltr'>qni</span> 
     </span>
     <span class='ocr_line' id='line_1_91' title="bbox 803 2871 1391 2937; baseline 0.009 -9"><span class='ocrx_word' id='word_1_504' title='bbox 803 2871 885 2928; x_wconf 89' lang='lat' dir='ltr'>malis</span> <span class='ocrx_word' id='word_1_505' title='bbox 908 2889 966 2929; x_wconf 91' lang='lat' dir='ltr'>non</span> <span class='ocrx_word' id='word_1_506' title='bbox 981 2871 1130 2931; x_wconf 90' lang='lat' dir='ltr'>resistunt.</span> <span class='ocrx_word' id='word_1_507' title='bbox 1148 2875 1296 2937; x_wconf 89' lang='lat' dir='ltr'>Christus</span> <span class='ocrx_word' id='word_1_508' title='bbox 1315 2886 1391 2937; x_wconf 81' lang='lat' dir='ltr'>aulcu</span> 
     </span>
     <span class='ocr_line' id='line_1_92' title="bbox 802 2942 1391 3025; baseline 0.02 -27"><span class='ocrx_word' id='word_1_509' title='bbox 802 2942 856 2999; x_wconf 91' lang='lat' dir='ltr'>ista</span> <span class='ocrx_word' id='word_1_510' title='bbox 871 2943 925 3001; x_wconf 89' lang='lat' dir='ltr'>tria</span> <span class='ocrx_word' id='word_1_511' title='bbox 942 2960 993 3025; x_wconf 91' lang='lat' dir='ltr'>pro</span> <span class='ocrx_word' id='word_1_512' title='bbox 1006 2943 1108 3001; x_wconf 84' lang='lat' dir='ltr'>ovibus</span> <span class='ocrx_word' id='word_1_513' title='bbox 1122 2948 1190 3003; x_wconf 90' lang='lat' dir='ltr'>suis</span> <span class='ocrx_word' id='word_1_514' title='bbox 1204 2950 1318 3021; x_wconf 83' lang='lat' dir='ltr'>posuit.</span> <span class='ocrx_word' id='word_1_515' title='bbox 1335 2949 1391 3008; x_wconf 79' lang='lat' dir='ltr'>uude</span> 
     </span>
     <span class='ocr_line' id='line_1_93' title="bbox 802 3013 1389 3097; baseline 0.009 -27"><span class='ocrx_word' id='word_1_516' title='bbox 802 3013 988 3072; x_wconf 84' lang='lat' dir='ltr'>interemta:</span> <span class='ocrx_word' id='word_1_517' title='bbox 1004 3017 1117 3097; x_wconf 72' lang='lat' dir='ltr'>fletique·</span> <span class='ocrx_word' id='word_1_518' title='bbox 1132 3018 1257 3078; x_wconf 84' lang='lat' dir='ltr'>domum</span> <span class='ocrx_word' id='word_1_519' title='bbox 1278 3029 1306 3080; x_wconf 94' lang='lat' dir='ltr'>et</span> <span class='ocrx_word' id='word_1_520' title='bbox 1316 3024 1389 3092; x_wconf 69' lang='lat' dir='ltr'>lonii</span> 
     </span>
     <span class='ocr_line' id='line_1_94' title="bbox 803 3086 1392 3164; baseline 0.012 -23"><span class='ocrx_word' id='word_1_521' title='bbox 803 3088 869 3142; x_wconf 83' lang='lat' dir='ltr'>lium</span> <span class='ocrx_word' id='word_1_522' title='bbox 898 3103 996 3155; x_wconf 84' lang='lat' dir='ltr'>mecm,</span> <span class='ocrx_word' id='word_1_523' title='bbox 1014 3086 1121 3144; x_wconf 90' lang='lat' dir='ltr'>scilicet</span> <span class='ocrx_word' id='word_1_524' title='bbox 1140 3090 1300 3164; x_wconf 79' lang='lat' dir='ltr'>Angelos3</span> <span class='ocrx_word' id='word_1_525' title='bbox 1316 3092 1392 3151; x_wconf 69' lang='lat' dir='ltr'>dauid</span> 
     </span>
     <span class='ocr_line' id='line_1_95' title="bbox 801 3160 1390 3224; baseline 0.022 -11"><span class='ocrx_word' id='word_1_526' title='bbox 801 3160 979 3214; x_wconf 76' lang='lat' dir='ltr'>hereditatem</span> <span class='ocrx_word' id='word_1_527' title='bbox 999 3175 1096 3223; x_wconf 86' lang='lat' dir='ltr'>meam,</span> <span class='ocrx_word' id='word_1_528' title='bbox 1119 3160 1239 3221; x_wconf 87' lang='lat' dir='ltr'>scilicet</span> <span class='ocrx_word' id='word_1_529' title='bbox 1263 3170 1390 3224; x_wconf 70' lang='lat' dir='ltr'>calestem</span> 
     </span>
     <span class='ocr_line' id='line_1_96' title="bbox 802 3231 1389 3298; baseline 0.017 -12"><span class='ocrx_word' id='word_1_530' title='bbox 802 3231 1004 3298; x_wconf 69' lang='lat' dir='ltr'>substantiam</span> <span class='ocrx_word' id='word_1_531' title='bbox 1016 3236 1044 3286; x_wconf 90' lang='lat' dir='ltr'>et</span> <span class='ocrx_word' id='word_1_532' title='bbox 1056 3231 1122 3286; x_wconf 84' lang='lat' dir='ltr'>dedi</span> <span class='ocrx_word' id='word_1_533' title='bbox 1129 3232 1275 3293; x_wconf 83' lang='lat' dir='ltr'>dilectum</span> <span class='ocrx_word' id='word_1_534' title='bbox 1285 3241 1389 3294; x_wconf 65' lang='lat' dir='ltr'>mai·</span> 
     </span>
     <span class='ocr_line' id='line_1_97' title="bbox 800 3304 1388 3366; baseline 0.015 -8"><span class='ocrx_word' id='word_1_535' title='bbox 800 3319 888 3358; x_wconf 86' lang='lat' dir='ltr'>meum</span> <span class='ocrx_word' id='word_1_536' title='bbox 908 3304 937 3357; x_wconf 86' lang='lat' dir='ltr'>in</span> <span class='ocrx_word' id='word_1_537' title='bbox 955 3318 1053 3358; x_wconf 81' lang='lat' dir='ltr'>manus</span> <span class='ocrx_word' id='word_1_538' title='bbox 1067 3305 1255 3365; x_wconf 82' lang='lat' dir='ltr'>inimicorum</span> <span class='ocrx_word' id='word_1_539' title='bbox 1274 3324 1388 3366; x_wconf 65' lang='lat' dir='ltr'>mearet·</span> 
     </span>
     <span class='ocr_line' id='line_1_98' title="bbox 801 3373 1387 3453; baseline 0.014 -23"><span class='ocrx_word' id='word_1_540' title='bbox 801 3404 835 3416; x_wconf 94' lang='lat'>-</span> <span class='ocrx_word' id='word_1_541' title='bbox 854 3373 981 3431; x_wconf 84' lang='lat' dir='ltr'>Tertium</span> <span class='ocrx_word' id='word_1_542' title='bbox 997 3373 1109 3445; x_wconf 89' lang='lat' dir='ltr'>signum</span> <span class='ocrx_word' id='word_1_543' title='bbox 1131 3376 1205 3435; x_wconf 90' lang='lat' dir='ltr'>boui</span> <span class='ocrx_word' id='word_1_544' title='bbox 1227 3386 1261 3437; x_wconf 91' lang='lat' dir='ltr'>et</span> <span class='ocrx_word' id='word_1_545' title='bbox 1275 3384 1336 3438; x_wconf 83' lang='lat' dir='ltr'>ieri</span> <span class='ocrx_word' id='word_1_546' title='bbox 1352 3395 1387 3453; x_wconf 73' lang='lat' dir='ltr'>pe</span> 
     </span>
     <span class='ocr_line' id='line_1_99' title="bbox 801 3445 1387 3518; baseline 0.005 -16"><span class='ocrx_word' id='word_1_547' title='bbox 801 3445 886 3502; x_wconf 91' lang='lat' dir='ltr'>storis</span> <span class='ocrx_word' id='word_1_548' title='bbox 910 3454 952 3502; x_wconf 89' lang='lat' dir='ltr'>cst</span> <span class='ocrx_word' id='word_1_549' title='bbox 971 3446 1038 3518; x_wconf 92' lang='lat' dir='ltr'>quia</span> <span class='ocrx_word' id='word_1_550' title='bbox 1059 3462 1126 3502; x_wconf 83' lang='lat' dir='ltr'>ores</span> <span class='ocrx_word' id='word_1_551' title='bbox 1144 3462 1257 3508; x_wconf 87' lang='lat' dir='ltr'>omnes</span> <span class='ocrx_word' id='word_1_552' title='bbox 1277 3453 1318 3510; x_wconf 87' lang='lat' dir='ltr'>ad</span> <span class='ocrx_word' id='word_1_553' title='bbox 1331 3450 1387 3509; x_wconf 88' lang='lat' dir='ltr'>oiile</span> 
     </span>
     <span class='ocr_line' id='line_1_100' title="bbox 801 3516 1388 3589; baseline 0.009 -14"><span class='ocrx_word' id='word_1_554' title='bbox 801 3517 925 3575; x_wconf 89' lang='lat' dir='ltr'>deducit.</span> <span class='ocrx_word' id='word_1_555' title='bbox 947 3518 1025 3574; x_wconf 92' lang='lat' dir='ltr'>Unde</span> <span class='ocrx_word' id='word_1_556' title='bbox 1045 3516 1191 3589; x_wconf 86' lang='lat' dir='ltr'>Christus,</span> <span class='ocrx_word' id='word_1_557' title='bbox 1212 3539 1253 3580; x_wconf 90' lang='lat' dir='ltr'>ne</span> <span class='ocrx_word' id='word_1_558' title='bbox 1275 3524 1388 3583; x_wconf 85' lang='lat' dir='ltr'>credere·</span> 
     </span>
     <span class='ocr_line' id='line_1_101' title="bbox 802 3588 1388 3661; baseline 0.017 -16"><span class='ocrx_word' id='word_1_559' title='bbox 802 3590 932 3661; x_wconf 92' lang='lat' dir='ltr'>turquod</span> <span class='ocrx_word' id='word_1_560' title='bbox 947 3604 998 3661; x_wconf 89' lang='lat' dir='ltr'>pro</span> <span class='ocrx_word' id='word_1_561' title='bbox 1013 3588 1081 3646; x_wconf 87' lang='lat' dir='ltr'>solis</span> <span class='ocrx_word' id='word_1_562' title='bbox 1094 3590 1210 3649; x_wconf 83' lang='lat' dir='ltr'>fudaeis</span> <span class='ocrx_word' id='word_1_563' title='bbox 1225 3595 1388 3654; x_wconf 75' lang='lat' dir='ltr'>montale</span> 
     </span>
     <span class='ocr_line' id='line_1_102' title="bbox 802 3660 1390 3733; baseline 0.009 -15"><span class='ocrx_word' id='word_1_564' title='bbox 802 3668 854 3731; x_wconf 87' lang='lat' dir='ltr'>ret,</span> <span class='ocrx_word' id='word_1_565' title='bbox 872 3660 1041 3733; x_wconf 71' lang='lat' dir='ltr'>subjungit:</span> <span class='ocrx_word' id='word_1_566' title='bbox 1062 3663 1098 3717; x_wconf 83' lang='lat' dir='ltr'>Et</span> <span class='ocrx_word' id='word_1_567' title='bbox 1120 3663 1199 3721; x_wconf 80' lang='lat' dir='ltr'>alins</span> <span class='ocrx_word' id='word_1_568' title='bbox 1221 3669 1390 3733; x_wconf 68' lang='lat' dir='ltr'>obcelabat,</span> 
     </span>
     <span class='ocr_line' id='line_1_103' title="bbox 799 3731 1391 3807; baseline 0.007 -16"><span class='ocrx_word' id='word_1_569' title='bbox 799 3734 905 3806; x_wconf 91' lang='lat' dir='ltr'>jamin</span> <span class='ocrx_word' id='word_1_570' title='bbox 923 3731 1190 3807; x_wconf 78' lang='lat' dir='ltr'>predestinatione,</span> <span class='ocrx_word' id='word_1_571' title='bbox 1210 3753 1247 3794; x_wconf 82' lang='lat' dir='ltr'>ex</span> <span class='ocrx_word' id='word_1_572' title='bbox 1267 3739 1391 3797; x_wconf 80' lang='lat' dir='ltr'>Gentibus</span> 
     </span>
     <span class='ocr_line' id='line_1_104' title="bbox 803 3804 1392 3875; baseline 0.008 -13"><span class='ocrx_word' id='word_1_573' title='bbox 803 3805 871 3862; x_wconf 92' lang='lat' dir='ltr'>mibi</span> <span class='ocrx_word' id='word_1_574' title='bbox 885 3804 1051 3873; x_wconf 79' lang='lat' dir='ltr'>credituras,</span> <span class='ocrx_word' id='word_1_575' title='bbox 1068 3822 1129 3875; x_wconf 79' lang='lat' dir='ltr'>qua</span> <span class='ocrx_word' id='word_1_576' title='bbox 1142 3823 1200 3864; x_wconf 86' lang='lat' dir='ltr'>non</span> <span class='ocrx_word' id='word_1_577' title='bbox 1220 3818 1296 3868; x_wconf 76' lang='lat' dir='ltr'>siant</span> <span class='ocrx_word' id='word_1_578' title='bbox 1309 3829 1343 3869; x_wconf 80' lang='lat' dir='ltr'>ee</span> <span class='ocrx_word' id='word_1_579' title='bbox 1354 3812 1392 3867; x_wconf 81' lang='lat' dir='ltr'>ta</span> 
     </span>
     <span class='ocr_line' id='line_1_105' title="bbox 803 3875 1391 3952; baseline 0.005 -16"><span class='ocrx_word' id='word_1_580' title='bbox 803 3881 881 3946; x_wconf 84' lang='lat' dir='ltr'>ouflt&#39;,</span> <span class='ocrx_word' id='word_1_581' title='bbox 893 3875 1001 3934; x_wconf 90' lang='lat' dir='ltr'>scilicet</span> <span class='ocrx_word' id='word_1_582' title='bbox 1016 3878 1051 3934; x_wconf 88' lang='lat' dir='ltr'>de</span> <span class='ocrx_word' id='word_1_583' title='bbox 1062 3893 1211 3952; x_wconf 72' lang='lat' dir='ltr'>synagoga</span> <span class='ocrx_word' id='word_1_584' title='bbox 1219 3882 1391 3949; x_wconf 82' lang='lat' dir='ltr'>Judaeoiuio,</span> 
     </span>
     <span class='ocr_line' id='line_1_106' title="bbox 803 3949 1345 4022; baseline 0.011 -14"><span class='ocrx_word' id='word_1_585' title='bbox 803 3952 854 4008; x_wconf 89' lang='lat' dir='ltr'>sed</span> <span class='ocrx_word' id='word_1_586' title='bbox 869 3950 903 4006; x_wconf 91' lang='lat' dir='ltr'>de</span> <span class='ocrx_word' id='word_1_587' title='bbox 918 3949 1021 4022; x_wconf 95' lang='lat' dir='ltr'>populo</span> <span class='ocrx_word' id='word_1_588' title='bbox 1036 3950 1188 4021; x_wconf 67' lang='lat' dir='ltr'>Gentium</span> <span class='ocrx_word' id='word_1_589' title='bbox 1200 3959 1229 4011; x_wconf 88' lang='lat' dir='ltr'>et</span> <span class='ocrx_word' id='word_1_590' title='bbox 1243 3958 1345 4013; x_wconf 78' lang='lat' dir='ltr'>t‘ffneo</span> 
     </span>
    </p>

    <p class='ocr_par' dir='ltr' id='par_1_5' title="bbox 801 4021 1393 4315">
     <span class='ocr_line' id='line_1_107' title="bbox 803 4021 1390 4093; baseline 0.014 -14"><span class='ocrx_word' id='word_1_591' title='bbox 803 4030 850 4092; x_wconf 87' lang='lat' dir='ltr'>tet,</span> <span class='ocrx_word' id='word_1_592' title='bbox 866 4021 953 4078; x_wconf 86' lang='lat' dir='ltr'>idest</span> <span class='ocrx_word' id='word_1_593' title='bbox 973 4027 1164 4093; x_wconf 88' lang='lat' dir='ltr'>opportunum</span> <span class='ocrx_word' id='word_1_594' title='bbox 1181 4031 1230 4082; x_wconf 89' lang='lat' dir='ltr'>est</span> <span class='ocrx_word' id='word_1_595' title='bbox 1250 4045 1331 4085; x_wconf 83' lang='lat' dir='ltr'>meo</span> <span class='ocrx_word' id='word_1_596' title='bbox 1381 4054 1390 4066; x_wconf 94' lang='lat'><strong>·</strong></span> 
     </span>
     <span class='ocr_line' id='line_1_108' title="bbox 803 4092 1392 4174; baseline 0.015 -23"><span class='ocrx_word' id='word_1_597' title='bbox 803 4112 861 4151; x_wconf 76' lang='lat' dir='ltr'>eei-e</span> <span class='ocrx_word' id='word_1_598' title='bbox 877 4092 905 4149; x_wconf 90' lang='lat' dir='ltr'>in</span> <span class='ocrx_word' id='word_1_599' title='bbox 933 4094 1019 4150; x_wconf 87' lang='lat' dir='ltr'>fidem</span> <span class='ocrx_word' id='word_1_600' title='bbox 1037 4100 1066 4150; x_wconf 89' lang='lat' dir='ltr'>et</span> <span class='ocrx_word' id='word_1_601' title='bbox 1080 4094 1243 4155; x_wconf 80' lang='lat' dir='ltr'>Ecclesium</span> <span class='ocrx_word' id='word_1_602' title='bbox 1263 4116 1335 4159; x_wconf 92' lang='lat' dir='ltr'>cum</span> <span class='ocrx_word' id='word_1_603' title='bbox 1351 4114 1392 4174; x_wconf 77' lang='lat' dir='ltr'>po·</span> 
     </span>
     <span class='ocr_line' id='line_1_109' title="bbox 803 4166 1393 4256; baseline 0.017 -33"><span class='ocrx_word' id='word_1_604' title='bbox 803 4167 869 4239; x_wconf 92' lang='lat' dir='ltr'>pulo</span> <span class='ocrx_word' id='word_1_605' title='bbox 883 4166 1046 4222; x_wconf 87' lang='lat' dir='ltr'>tudaeorum</span> <span class='ocrx_word' id='word_1_606' title='bbox 1057 4183 1064 4219; x_wconf 75' lang='grc' dir='ltr'><strong><em>ε</em></strong></span> <span class='ocrx_word' id='word_1_607' title='bbox 1074 4166 1149 4237; x_wconf 84' lang='lat' dir='ltr'>quod</span> <span class='ocrx_word' id='word_1_608' title='bbox 1165 4168 1284 4231; x_wconf 88' lang='lat' dir='ltr'>factum</span> <span class='ocrx_word' id='word_1_609' title='bbox 1298 4178 1344 4231; x_wconf 88' lang='lat' dir='ltr'>est</span> <span class='ocrx_word' id='word_1_610' title='bbox 1351 4184 1393 4256; x_wconf 85' lang='lat' dir='ltr'>pet</span> 
     </span>
     <span class='ocr_line' id='line_1_110' title="bbox 801 4237 1393 4315; baseline 0.02 -24"><span class='ocrx_word' id='word_1_611' title='bbox 801 4237 1033 4312; x_wconf 70' lang='lat' dir='ltr'>praedicationem</span> <span class='ocrx_word' id='word_1_612' title='bbox 1046 4237 1274 4315; x_wconf 80' lang='lat' dir='ltr'>Apostolorum,</span> <span class='ocrx_word' id='word_1_613' title='bbox 1292 4246 1393 4305; x_wconf 72' lang='lat' dir='ltr'>cunei</span> 
     </span>
    </p>
   </div>
   <div class='ocr_carea' id='block_1_4' title="bbox 801 4308 1393 4389">
    <p class='ocr_par' dir='ltr' id='par_1_6' title="bbox 801 4308 1393 4389">
     <span class='ocr_line' id='line_1_111' title="bbox 801 4308 1393 4389; baseline 0.014 -23"><span class='ocrx_word' id='word_1_614' title='bbox 801 4308 1393 4389; x_wconf 81' lang='lat' dir='ltr'>principaliteroperanteinpi·aedicatioite</span> 
     </span>
    </p>
   </div>
   <div class='ocr_carea' id='block_1_5' title="bbox 0 0 1445 4942">
    <p class='ocr_par' dir='ltr' id='par_1_7' title="bbox 0 0 1445 4942">
     <span class='ocr_line' id='line_1_112' title="bbox 0 0 1445 4942; baseline 0 0"><span class='ocrx_word' id='word_1_615' title='bbox 0 0 1445 4942; x_wconf 95' lang='lat' dir='ltr'> </span> 
     </span>
    </p>
   </div>
  </div>
 </body>
</html>
