2880 4942
194 369 231 422 iit
260 367 417 430 QUATUOR
444 369 485 421 lb
513 367 653 423 tunnis.
681 368 721 421 itt
747 367 871 421 TRIBUS
898 366 942 421 lli
968 368 1090 423 uiscil’.
1118 368 1240 423 linit.
1295 369 1338 422 119

111 474 203 530 dictus
217 480 245 530 et
259 473 307 530 alii
319 480 471 545 sequentes
482 488 549 530 euin
562 472 592 529 in
607 473 698 531 diver·

112 546 150 602 sis
170 545 290 602 statibus
310 551 338 601 et
357 545 492 615 gradibus
513 544 696 616 religionum.

112 620 146 673 Et
160 617 213 673 iste
229 623 318 673 status
334 617 474 688 figuratur
492 633 543 688 per
555 617 695 689 margari-

112 694 178 756 tam,
196 704 257 759 quae
272 688 413 745 invenitur
427 690 455 745 in
470 688 615 745 conchiliis
635 705 695 746 ma·

112 760 162 827 ris,
179 760 244 831 quia
259 758 357 831 religio
375 761 509 817 fundatur
525 766 553 816 et
569 759 696 816 nutritur

113 831 141 887 in
170 832 288 888 humore
316 830 488 888 devotionis.
516 833 574 889 ista
599 837 695 889 autem

111 903 266 977 margarita
299 902 404 959 dicitur
427 918 484 959 una
510 908 539 960 et
557 902 694 975 pretiosa.

112 976 184 1042 Una,
199 973 267 1044 quia
280 973 427 1030 hominem
442 972 521 1042 unit;
537 974 628 1031 activa
643 991 695 1031 au-

111 1052 169 1101 tem
186 1045 243 1101 vita
253 1044 345 1115 magis
356 1044 466 1115 dividit,
476 1049 504 1101 et
513 1050 629 1118 propter
641 1047 696 1102 hoc

113 1116 218 1172 dicitur
233 1118 309 1186 quod
322 1117 432 1172 Martha
442 1120 503 1172 erat
519 1116 593 1174 circa
608 1120 698 1174 multa

117 1192 266 1259 occupata,
282 1186 369 1243 biacia
381 1203 448 1243 iero
464 1187 539 1244 circa
554 1204 640 1245 unum
657 1189 698 1244 in-

116 1264 203 1314 tenta.
227 1258 333 1314 Dicitur
359 1257 444 1314 ctiam
473 1259 605 1330 pretiosa,
630 1259 697 1331 quia

112 1329 169 1384 iiia
184 1329 403 1400 contemplativa
418 1328 586 1401 simpliciter
602 1337 631 1387 et
644 1333 695 1388 ab·

111 1402 204 1455 solute
220 1400 322 1456 melior
336 1407 379 1457 est
398 1417 483 1472 quam
507 1403 609 1468 activa,
630 1402 695 1460 licet

109 1472 139 1526 in
154 1488 221 1526 casii
236 1472 328 1528 activa
350 1471 387 1528 sit
413 1473 503 1542 magis
529 1474 691 1543 lructilera;

107 1550 225 1614 propter
238 1544 312 1614 quod
325 1543 427 1599 dicitur
437 1561 443 1598 :
455 1547 548 1600 Maria
560 1550 693 1616 optimam

106 1621 213 1685 purtem
231 1616 323 1682 clepit.
336 1614 481 1671 Assimilat
494 1632 562 1686 ergo
577 1633 692 1686 requiem

106 1688 241 1750 colorum,
255 1684 332 1742 idest
344 1693 513 1757 praesentem
525 1687 690 1758 Ecclesiam,

107 1759 211 1812 bomini·
226 1761 400 1826 nepotiotom',
417 1757 485 1829 quia
510 1759 582 1817 sicut
604 1761 691 1817 homo

106 1828 154 1883 illc
173 1828 255 1884 unius
284 1829 446 1899 margaritae
472 1830 613 1888 desiderio
628 1848 691 1888 om·

110 1899 157 1956 nia
171 1900 277 1968 vendit,
292 1907 321 1957 et
340 1900 408 1957 emit
423 1917 504 1970 eam3
529 1903 568 1958 sic
583 1908 611 1960 et
625 1903 691 1974 ista,

109 1973 219 2027 incente
233 1990 289 2027 uno
303 1977 423 2042 pretiose
440 1978 605 2042 marpuritu,
620 1975 693 2031 scili-

110 2048 156 2099 cet
188 2043 339 2099 dulcedine
365 2045 428 2099 iiia
455 2045 692 2117 contemplativae,

108 2115 195 2181 uadit,
213 2115 248 2170 ad
266 2116 358 2171 lorum
374 2114 565 2187 spiritualium
584 2133 692 2175 merca·

109 2185 229 2242 tionum.
245 2192 271 2242 et
289 2187 384 2242 cendit
398 2189 490 2243 omnia
513 2205 574 2258 que
597 2190 690 2253 babet,

108 2272 160 2328 per
174 2263 364 2330 contemptum
381 2262 570 2329 terrenorum,
587 2267 613 2316 et
627 2265 692 2317 emit

102 2344 174 2396 cem,
185 2345 236 2400 per
246 2329 597 2388 conatumetdesiderium
611 2337 691 2390 aeter·

103 2415 214 2456 norum.
238 2432 271 2442 -
296 2401 449 2470 tloraliter,
473 2402 502 2458 in
528 2404 581 2459 hac
604 2420 690 2476 para·

105 2471 689 2545 bolaproponuiilurnobistriaimilanda,

103 2542 210 2598 scilicet
223 2560 229 2597 :
242 2544 366 2600 ollicium
375 2545 555 2613 Sanctorum,
567 2547 691 2604 studium

103 2630 226 2683 morum,
242 2615 414 2671 desiderium
429 2622 612 2673 aeternorum.
622 2619 690 2674 ulii-

107 2685 182 2741 cium
202 2693 329 2754 notatur,
358 2686 387 2741 in
417 2687 608 2758 negotiand03
636 2698 691 2747 stu·

104 2756 195 2825 dium,
220 2757 248 2813 in
264 2758 435 2829 qnaerendo;
458 2759 642 2830 desiderium,
662 2762 689 2818 in

102 2830 257 2901 operando.
276 2829 361 2898 Fetiii,
382 2830 428 2902 qui
449 2830 528 2887 novit
551 2834 690 2905 negotiari

105 2899 303 2972 spiritualiter,
319 2900 377 2957 sive
391 2909 529 2973 quantum
539 2904 574 2960 ad
586 2909 689 2963 statum

102 2971 236 3041 actionis,
267 2972 401 3044 operibus
422 2974 625 3034 misericordiae
645 2978 687 3034 in·

102 3044 267 3114 tendend03
284 3044 342 3101 sive
368 3052 506 3115 quantum
525 3047 562 3104 ad
585 3053 690 3106 statum

101 3115 293 3242 perfectiouis,
319 3132 371 3188 pro
389 3117 499 3175 Christo
524 3119 621 3176 omnia
644 3139 688 3178 re·

115 3188 268 3258 iiiquendo,
293 3186 351 3244 siic
374 3197 511 3261 quantum
531 3191 567 3246 ad
585 3197 689 3249 statum

102 3259 373 3339 supererogationis,
393 3277 443 3333 per
453 3260 691 3388 praedicationem

101 3345 213 3385 animas
230 3333 285 3387 ttco
304 3330 451 3387 lucrillcan
473 3332 505 3388 ol
526 3335 606 3398 ltcm,
625 3335 691 3392 lelix

103 3401 277 3472 negotiator,
298 3402 347 3471 qui
376 3402 455 3458 novit
482 3417 609 3473 quaerere
632 3423 690 3463 non

101 3472 691 3540 nociva,sicutiaciuntambitiosi;nonin-

101 3543 193 3611 utilia,
206 3544 277 3600 sicut
292 3543 410 3611 curiosi;
426 3544 475 3599 sed
491 3543 623 3612 salubria,
641 3550 692 3606 sic-

100 3621 133 3672 ut
148 3615 256 3672 Sanctil
270 3616 350 3683 lteiii,
364 3615 427 3671 lelii
438 3613 497 3687 qui,
511 3614 633 3673 inventis
645 3623 692 3679 bo-

100 3685 146 3743 nis
161 3687 311 3756 mercibus,
328 3688 400 3744 bene
417 3686 496 3743 novit
511 3687 626 3759 lucrari,
642 3693 691 3766 qui

99 3757 208 3815 scilicet
219 3760 290 3814 abitt
304 3775 321 3816 a
336 3775 376 3825 se,
392 3775 443 3831 per
456 3758 552 3816 carnis
567 3767 688 3824 nonin.

101 3828 243 3886 cntionem
258 3848 265 3897 3
279 3832 405 3887 vendidit
420 3838 527 3888 terram
537 3847 588 3903 pro
604 3841 688 3911 coelo,

102 3917 156 3973 per
177 3901 305 3959 omnium
333 3902 633 3961 abrenuntiationem·
664 3922 688 3970 ei

101 3977 273 4044 comparauit
291 3990 360 4038 eam,
378 3990 429 4046 per
447 3975 571 4047 piopriae
587 3955 687 4041 volun.

101 4044 170 4100 tatis
186 4045 404 4117 subjectionemt

140 4121 172 4171 16
198 4117 342 4173 Pinnnonii
368 4135 401 4173 nn
427 4135 531 4175 sionni
549 4135 628 4175 iussn
659 4133 687 4173 iii

103 4204 184 4254 niun,
202 4204 230 4242 iii
257 4205 309 4250 oui
325 4206 447 4246 rnnscns
474 4191 608 4247 Eccnnsin
623 4206 686 4244 sri-

102 4275 153 4314 rus
168 4276 392 4316 nnscniniinn.-
407 4263 441 4317 Et
453 4262 520 4333 quia
529 4262 584 4319 iste
597 4266 687 4317 status

752 473 816 530 ideo
831 491 888 531 non
913 473 1027 546 ponitur
1040 475 1098 531 alia
1112 476 1249 547 parabola
1275 481 1339 549 post

751 544 846 611 istam,
875 545 929 601 nisi
964 545 1013 601 illa
1035 562 1098 618 quae
1127 547 1215 604 linem
1239 546 1337 605 mundi

750 617 901 700 significat,
916 633 980 690 quae
996 623 1039 673 est
1052 618 1088 674 de
1104 618 1246 689 sagenain
1259 635 1338 677 mare

751 705 848 745 missa.
867 689 954 760 igitur
970 687 1037 760 quia
1051 691 1102 746 sub
1118 691 1255 759 parabola
1274 692 1337 747 tbe·

750 760 829 817 sauri
845 766 873 816 et
897 760 1058 832 margaritae
1087 759 1196 816 induxit
1221 777 1272 817 nos
1299 761 1336 819 ad

750 841 866 889 aeternae
882 830 1067 889 beatitudinis
1081 847 1224 900 amorem,
1239 848 1340 891 conse·

750 910 871 974 quenter
885 905 939 961 sub
957 902 1095 976 parabola
1109 919 1239 975 sagena,
1256 903 1341 961 indu·

750 975 789 1030 cit
807 991 859 1031 nos
875 975 903 1031 in
932 975 1076 1043 timorem,
1093 979 1123 1031 ut
1140 976 1219 1031 mala
1240 991 1342 1033 cavea-

751 1062 816 1101 mus
829 1057 857 1102 et
867 1047 942 1103 bona
955 1045 1341 1121 sectemur.ilssimilatergo

750 1134 866 1185 reperim
887 1120 1023 1178 culorum.
1039 1133 1091 1190 per
1105 1117 1181 1189 quod
1195 1117 1241 1173 bic
1260 1122 1340 1176 notat

752 1194 923 1259 praesentem
951 1190 1116 1256 Ecclesiam,
1140 1190 1340 1260 superiectum

752 1259 941 1330 piscatoribus
972 1265 1014 1316 cst
1042 1261 1204 1328 commissa,
1235 1266 1262 1316 et
1286 1276 1338 1333 per

752 1346 816 1387 eam
832 1335 950 1404 quisque
962 1331 999 1389 ad
1013 1338 1151 1387 aeternum
1168 1347 1287 1458 minum
1300 1331 1337 1389 de

750 1403 901 1472 praeseiitis
916 1403 1001 1459 seculi
1017 1402 1149 1459 lluctibus
1160 1408 1204 1459 tra
1227 1403 1338 1468 itur,ne

750 1479 864 1529 aeternae
889 1474 988 1531 mortis
1008 1474 1150 1546 profundo
1178 1479 1335 1545 mergatur,

747 1548 839 1600 misce
865 1548 894 1601 iii
918 1562 1003 1611 mare,
1022 1545 1110 1602 idest
1136 1545 1334 1611 inmundum,

746 1615 794 1688 qui
812 1615 916 1673 dicitur
935 1633 1014 1674 mare
1028 1622 1146 1700 propter
1161 1616 1334 1689 magnitudi-

746 1704 810 1743 nem
828 1694 855 1744 et
871 1694 987 1761 propter
1000 1688 1236 1756 amaritudinem;
1254 1694 1281 1745 et
1298 1704 1335 1745 ee

746 1762 820 1816 omni
831 1777 927 1829 periere
937 1764 1066 1832 piscium,
1076 1760 1104 1816 id
1119 1768 1161 1816 est
1173 1761 1334 1830 hominnm,

746 1836 934 1900 concrepanti,
955 1831 1062 1888 scilicet
1075 1833 1218 1888 bonorum
1235 1838 1264 1887 et
1277 1847 1336 1888 ma-

747 1902 852 1969 lorum,
871 1903 939 1974 quia
961 1902 1049 1958 missa
1078 1901 1108 1958 in
1136 1903 1220 1973 liujus
1248 1901 1336 1959 seculi

747 1973 892 2041 ductibus,
913 1974 1021 2029 nullum
1036 1972 1155 2046 respuit,
1173 1972 1223 2028 sed
1244 1974 1336 2030 malos

747 2059 809 2100 cum
827 2044 909 2101 bonis
934 2044 1020 2116 capit,
1048 2049 1078 2100 et
1106 2043 1199 2100 omnis
1222 2044 1336 2116 generis

746 2114 880 2172 homiues
906 2116 941 2172 acl
970 2115 1081 2173 veniam
1110 2121 1201 2171 vocat.
1235 2117 1334 2186 Quem,

746 2205 806 2244 cum
832 2191 947 2259 impleta
961 2194 1039 2256 esset,
1054 2188 1130 2260 quod
1146 2186 1200 2243 crit
1226 2186 1256 2243 in
1278 2187 1335 2246 line

746 2259 843 2327 seculi,
861 2260 974 2332 quando
991 2258 1106 2316 humani
1127 2257 1240 2330 generis
1252 2274 1331 2316 sum-

744 2349 792 2389 ma
813 2332 1006 2401 concludetur,
1022 2335 1050 2387 et
1069 2346 1206 2388 numerus
1225 2330 1330 2388 electo·

743 2421 805 2463 rum
817 2403 992 2475 implebitur,
1005 2405 1156 2467 educentes,
1172 2402 1280 2459 scilicet
1294 2402 1330 2459 de

743 2479 826 2545 mari,
846 2482 874 2531 et
897 2475 932 2531 de
955 2475 1087 2531 lluctibus
1111 2475 1175 2529 vitai
1192 2476 1283 2544 nujus,
1300 2477 1329 2530 et

743 2552 892 2606 trahentes
929 2546 965 2600 ad
991 2546 1070 2600 littus
1096 2544 1160 2599 iitae
1185 2544 1327 2600 alterius:

744 2621 822 2690 quiri,
838 2616 993 2674 secundum
1011 2616 1144 2681 diessen,
1159 2614 1232 2669 sicut
1252 2630 1330 2672 maie
1360 2644 1365 2652 ·

745 2692 885 2756 seculum,
915 2686 955 2742 ita
981 2686 1058 2742 littus
1086 2685 1174 2741 maris
1197 2690 1240 2741 est
1264 2685 1332 2742 linis

745 2761 847 2829 seculi;
864 2765 889 2816 ct
900 2774 976 2814 secus
987 2759 1066 2814 littus
1077 2759 1208 2814 sedentes.
1221 2756 1333 2829 periin-

744 2833 959 2898 mortalitetem,
975 2832 1113 2900 cleperent
1126 2830 1207 2886 bones
1218 2831 1248 2884 in
1262 2845 1331 2886 vasa

744 2922 808 2973 sua,
836 2906 923 2961 motos
951 2908 1042 2959 dictem
1080 2905 1158 2971 teies
1185 2904 1329 2958 miserunt.

743 2980 822 3035 Nunc
839 2977 916 3034 euim
937 2975 1026 3032 malos
1041 2975 1188 3046 bonosque
1204 2988 1331 3030 commu·

744 3053 819 3106 niter
834 3047 914 3122 quasi
931 3047 1086 3119 permixtos
1107 3046 1199 3118 pisces
1223 3059 1331 3115 sagena

727 3116 732 3128 '
743 3122 810 3178 ndei
824 3124 950 3178 continet
961 3137 968 3185 ς
979 3118 1030 3175 sed
1044 3118 1122 3176 littus
1133 3116 1243 3174 indicat
1254 3131 1328 3187 quos

744 3209 849 3264 sagena
865 3190 996 3247 Ecclesiae
1011 3190 1152 3245 trahebat.
1171 3189 1241 3244 Nam
1256 3186 1329 3243 sicut

745 3280 803 3319 non
820 3263 1035 3342 distinguuntur
1047 3259 1114 3316 boni
1126 3258 1219 3341 pisces
1234 3273 1251 3312 a
1265 3272 1326 3312 ma·

745 3334 789 3401 lin,
804 3332 942 3404 quamdiu
956 3346 1062 3412 sagena
1069 3335 1118 3410 ‘est
1132 3332 1207 3383 intra
1221 3343 1327 3409 aquas,-

746 3404 786 3459 sic
807 3403 879 3459 etin
897 3401 1022 3457 Ecclesia
1039 3399 1178 3455 militante
1194 3402 1323 3469 permixti

745 3479 811 3530 suut
834 3471 901 3528 mali
928 3488 992 3527 cum
1015 3469 1107 3526 bonis.
1132 3469 1197 3536 Sed,
1217 3467 1247 3523 in
1267 3468 1324 3526 line

747 3543 992 3610 mundi,tcabetur
1003 3541 1040 3597 ad
1050 3539 1128 3597 littus
1137 3556 1188 3612 per
1198 3544 1327 3621 apertum

742 3615 892 3689 judicium,
909 3613 976 3685 quia
995 3617 1061 3668 tunc
1075 3616 1159 3669 erunt
1178 3611 1329 3670 manifesta

744 3687 910 3744 abscondita
925 3683 1065 3741 cordium.
1082 3684 1162 3740 Unde
1175 3683 1326 3741 subditur:

743 3762 790 3818 Sic
810 3761 862 3814 erit
890 3762 919 3813 iii
943 3760 1175 3813 consummatione
1187 3757 1282 3820 secuti,
1298 3754 1328 3813 id

743 3831 828 3888 estin
844 3831 902 3886 fine
917 3827 1027 3897 mundi,
1043 3833 1071 3884 et
1085 3827 1189 3885 dicitur
1199 3842 1330 3883 consum·

743 3902 831 3959 matio
842 3899 990 3972 tripliciter
1006 3918 1013 3956 :
1027 3899 1081 3967 iel,
1093 3898 1159 3971 quia
1172 3903 1240 3954 tunc
1252 3912 1328 3953 coin-

743 3975 836 4047 pletus
853 3972 908 4029 erit
925 3987 1060 4028 numerus
1077 3971 1232 4050 electorum
1246 3986 1253 4036 ;
1273 3967 1328 4032 vel,

743 4045 810 4117 quia
824 4043 1023 4100 terminabitur
1038 4047 1128 4098 status
1143 4044 1326 4121 meritorum3

743 4118 797 4183 vel,
826 4115 895 4187 quia
917 4113 1041 4171 cessabit
1065 4126 1205 4168 successio
1232 4125 1327 4167 rerum

742 4187 931 4244 mutabilium.
944 4184 1070 4242 Exibunt
1082 4184 1193 4251 Aureli,
1210 4181 1245 4237 de
1256 4182 1327 4239 coelo

742 4276 875 4344 empyreo
901 4257 937 4316 ad
960 4254 1174 4313 convocandum
1189 4253 1325 4324 populum

103 4328 411 4403 duraturusestusque
423 4332 461 4390 ad
474 4333 562 4391 linem
574 4331 685 4402 mundi,
736 4330 934 4405 judicandum,
956 4334 982 4386 et
997 4326 1165 4399 separabunt
1188 4326 1276 4381 uiator
1291 4325 1325 4382 de
