2880 4942
268 337 308 391 ΒΕ
335 337 582 393 tteaurtrtottn
608 341 648 394 ΕΤ
674 340 957 395 cotbttttttttotttt
985 342 1180 400 subnotati.
1308 347 1340 400 89

106 447 177 506 dum
196 443 415 502 mutabilitatem
433 442 516 500 liberi
537 443 647 502 arbitrii
664 463 698 503 ex

125 523 189 576 arte
214 514 347 573 bominis.
372 518 562 573 Verumtamen
580 518 640 574 dieo
653 535 698 574 uo·

129 594 160 654 ·,
178 590 247 660 yutu
261 596 341 644 terre
357 588 536 644 Sodomorum
554 593 697 646 remissius

105 664 160 719 erit
174 663 206 716 in
220 660 267 715 die
276 660 383 730 judieii
410 676 493 729 quom
519 661 582 729 tibi,
599 661 627 717 id
653 668 698 718 est

104 731 247 790 minorem
264 745 377 799 poenam
386 731 576 801 sustinebunt,
585 733 696 790 ratione

104 801 334 870 incredulitatis;
361 802 412 858 sed
429 804 565 874 majorem
587 804 696 862 ratione

105 873 288 934 enormitatis
302 874 411 946 peccati
427 880 453 930 et
467 874 606 932 criminis.

138 947 695 1017 BQmosromrrceurnernesermricus,

105 1035 205 1082 omnus
225 1035 394 1073 cursorem
416 1020 568 1074 Doumus‘l
587 1051 621 1060 —
643 1021 697 1075 Per

103 1089 176 1147 istas
195 1087 334 1157 civitates,
355 1089 459 1160 quibus
484 1089 612 1146 Christus
639 1090 695 1148 tre-

104 1167 226 1233 quanter
236 1160 489 1232 praedicaverat,et
499 1162 546 1218 ubi
561 1161 696 1218 miracula

103 1231 695 1359 wmmmwfflwmm

117 1309 269 1373 requenter
279 1303 401 1359 audiunt
413 1305 529 1360 verbum
542 1303 602 1371 Dei,
614 1310 642 1360 et
655 1303 694 1360 si·

104 1373 174 1432 dent
196 1374 324 1446 exempla
343 1375 490 1444 virtutum,
507 1382 535 1431 et
552 1381 646 1433 tamen
666 1375 694 1431 in

101 1445 229 1519 peccatis
262 1445 321 1502 suis
352 1447 543 1516 obdurantur,
580 1453 696 1519 propter

102 1517 193 1589 quod,
218 1517 320 1573 ceteris
342 1518 467 1587 paribus,
494 1517 608 1589 gravius
631 1519 695 1576 aliis

102 1587 272 1662 punientur.
290 1588 456 1660 specialiter
468 1598 563 1646 autem
579 1607 629 1662 per
644 1592 695 1647 has

99 1659 695 1730 trescivitates.assignanturtriainhomi-

102 1730 273 1800 albusque
288 1731 409 1788 maxime
423 1740 580 1803 aggravant
597 1733 693 1805 ingra-

101 1802 257 1858 titudinem
273 1802 366 1858 ineis.
385 1803 510 1860 Primum
526 1810 569 1860 est
583 1803 694 1861 littera·

98 1877 169 1931 tura
183 1879 211 1929 et
225 1873 375 1944 sapientia,
389 1876 465 1944 quod
478 1892 529 1947 pec
541 1878 691 1941 Corneatm,

102 1961 169 2017 quae
184 1945 389 2016 interpretatur
403 1955 533 2001 secretum
553 1951 633 2010 milri,
650 1947 694 2002 vel

100 2020 263 2086 mysterium
273 2034 370 2074 meum.
386 2018 545 2074 Secundum
561 2026 603 2073 est
618 2019 693 2074 Ordo

99 2088 148 2144 vel
174 2088 314 2156 Praelatio,
337 2090 411 2160 quod
432 2105 483 2160 per
505 2091 692 2153 Bethsaidam,

145 2176 170 2215 ae
185 2159 388 2231 interpretatur
402 2162 498 2216 domus
517 2163 651 2232 pecudum
666 2166 694 2216 et

123 2248 200 2287 umus
212 2238 381 2301 venatorum,
393 2249 442 2289 seu
453 2234 548 2288 domus
559 2236 585 2300 fr
593 2250 692 2301 uyum;

99 2308 170 2359 sunt
179 2302 255 2359 enim
264 2303 424 2375 superiores
433 2311 460 2360 et
470 2304 579 2376 praelati
591 2306 693 2361 domus

100 2374 216 2432 Domini
232 2375 399 2446 peculiares,
416 2381 444 2431 et
456 2376 595 2449 retugium
611 2393 694 2448 pecu·

100 2445 183 2511 dum,
195 2445 223 2501 id
235 2453 279 2501 est
289 2447 468 2503 subditorum
481 2455 509 2503 et
521 2460 691 2504 ceterorum.

102 2517 230 2574 Tertium
245 2523 288 2573 est
303 2517 412 2588 religio,
424 2520 557 2590 quodper
569 2522 693 2589 Capitur-

100 2605 199 2652 nuum,
211 2604 274 2659 quae
284 2588 488 2660 interpretatur
498 2593 567 2645 uilla
574 2592 697 2715 pulchri·

102 2661 213 2716 tudinis
238 2677 288 2717 seu
313 2663 517 2729 consolationis,
541 2678 573 2714 ve
607 2660 694 2717 etiarn

104 2748 173 2800 uyer
197 2733 388 2802 pinyuedinis,
406 2738 434 2788 et
450 2736 561 2788 utinam
574 2731 695 2788 interius

105 2802 178 2858 sicut
195 2801 336 2860 exter-iusi
351 2806 385 2858 Et
403 2803 460 2871 isti,
477 2803 500 2860 si
521 2803 627 2860 inventi
651 2804 664 2858 t
685 2834 694 2843 -

107 2873 185 2929 erint
202 2874 388 2945 negligentes,
412 2892 460 2931 seu
479 2881 650 2946 peccatores,
668 2879 696 2930 et

106 2944 219 3002 Chri-to
260 2948 327 3002 teu
364 2945 571 3015 inobedientes
598 2945 696 3003 durius

106 3030 193 3087 quam
216 3017 302 3072 ceteri
326 3017 543 3088 redarguentur,
559 3023 587 3074 et
601 3018 696 3074 acrius

104 3087 270 3159 punientur.
288 3088 347 3157 Vel,
365 3105 416 3160 per
430 3092 570 3146 Coroznim
586 3089 695 3161 signiti-

107 3164 211 3215 cantur
239 3159 326 3231 hujus
351 3160 437 3216 seculi
460 3161 620 3233 sapientes;
646 3177 698 3232 per

105 3231 401 3295 Bethsaidamdivites
411 3249 418 3300 ;
430 3248 481 3303 per
494 3234 694 3303 capharnaum

107 3302 239 3359 carnales
264 3320 271 3358 ε
297 3301 345 3386 qui
371 3303 532 3372 specialiter
554 3303 696 3360 Christum

105 3373 260 3444 repellunt,
291 3381 363 3431 sicut
386 3374 441 3430 illae
469 3374 598 3430 civitates
622 3375 696 3430 lece-

105 3449 184 3501 runt.
201 3444 254 3500 Ubi
269 3444 309 3501 ait
324 3448 530 3515 chrysostomus
546 3464 554 3498 :
572 3467 586 3496 «ι
604 3446 699 3500 Consi-

105 3514 216 3583 derate,
232 3516 396 3586 Christiani,
413 3516 480 3588 quia
497 3514 626 3587 quaedam
645 3515 697 3570 mi·

106 3586 205 3643 racula
224 3588 298 3644 lacta
314 3594 379 3645 sunt
398 3588 428 3644 in
448 3586 605 3655 corozaim,
622 3603 698 3657 quae-

106 3656 173 3715 darn
199 3663 294 3715 autem
327 3660 358 3716 in
389 3660 554 3727 Bethsaida,
582 3658 638 3715 alia
669 3658 698 3714 in

106 3729 327 3811 capharnaum
354 3733 429 3803 apud
443 3748 494 3787 nos
507 3737 602 3788 autem
616 3731 697 3787 Chri-

106 3806 228 3869 stianos,
244 3803 340 3859 onmia
353 3804 428 3860 lacta
443 3808 518 3859 suut.
538 3805 605 3871 Quae
619 3801 697 3859 enirn

104 3871 181 3928 lacta
216 3879 282 3929 sunt
318 3874 347 3930 in
382 3875 540 3938 corozaim,
578 3874 698 3931 l'orsitam

107 3943 264 4001 Bethsaida
282 3961 342 4002 non
360 3952 548 4017 cognoveram
577 3951 605 4001 et
635 3961 699 4016 quae

106 4013 182 4071 lacta
214 4020 281 4072 sunt
308 4015 339 4073 in
373 4018 547 4086 Bethsaida,
579 4017 699 4073 forsitan

107 4086 309 4157 Capharnaum
339 4090 494 4146 nesciebat.
525 4091 582 4145 Nos
603 4094 699 4144 autem

107 4157 274 4225 Christiani,
300 4159 437 4231 quidquid
466 4159 573 4232 ubique
597 4176 698 4231 opera-

105 4232 152 4285 tus
177 4236 221 4285 est
239 4229 379 4298 Christus,
407 4231 515 4298 omnia,
546 4230 699 4302 Evangelio

106 4299 261 4373 referente,
298 4302 458 4359 didicimus.
493 4301 522 4360 Si
550 4317 629 4376 ergo,
661 4301 702 4357 sic

752 447 882 504 Christus
900 446 979 519 luget
1006 462 1093 519 super
1112 447 1175 505 illas
1200 447 1340 520 civitates,

753 519 819 592 quia
834 517 1030 590 poenitentiam
1048 535 1106 576 non
1128 530 1260 591 egerunt,
1277 538 1341 592 qum

754 607 811 647 non
827 589 924 646 omnia
938 589 1079 647 mirabilia
1094 591 1242 659 viderunt;
1258 599 1342 664 putas

754 662 896 732 quomodo
921 660 1049 733 quotidie
1073 662 1151 731 luget
1178 679 1264 735 super
1288 681 1341 722 nos

753 733 939 801 Christianos,
986 732 1033 805 qui
1064 734 1190 805 quotidie
1220 739 1341 794 virtutes

754 807 815 877 eJus
834 805 862 861 in
877 803 1001 861 Ecclesia
1016 805 1136 873 legimus
1152 811 1180 862 et
1197 806 1340 878 audimus,

754 882 781 932 et
811 882 908 932 tamen
935 875 1132 948 paenitentiam
1158 885 1339 949 peccatorum

753 954 916 1004 nostrorum
936 964 994 1003 non
1009 947 1146 1019 agimus?
1162 949 1190 1007 Si
1211 954 1341 1022 tempore

755 1019 964 1076 Sodomitarum
992 1019 1119 1076 Christus
1147 1020 1282 1089 venisset,
1311 1026 1341 1078 et

754 1090 822 1147 talia
836 1091 1069 1155 demonstrasset,
1078 1090 1195 1148 forsitan
1208 1090 1339 1149 conversi

754 1162 885 1217 luissent.
915 1161 968 1229 llli,
996 1161 1064 1230 quia
1092 1162 1162 1218 Loth
1195 1163 1340 1220 hominem

750 1234 859 1316 justum
879 1249 935 1288 non
955 1231 1134 1301 audiverunt,
1156 1233 1292 1304 sulphure
1312 1239 1342 1291 et

753 1321 819 1386 igne
832 1304 971 1359 combusti
984 1309 1065 1371 sunt;
1080 1319 1141 1373 nos,
1157 1320 1220 1375 quae
1232 1311 1260 1359 et
1273 1321 1342 1374 qua·

753 1376 791 1432 lta
817 1380 980 1446 exspectant
999 1380 1152 1440 tormenta,
1180 1375 1225 1446 ocri
1248 1376 1340 1446 ipsum

753 1450 962 1504 contemnimus
972 1446 1174 1503 Christum‘lEt
1192 1446 1254 1503 vide
1272 1446 1340 1517 quia

752 1536 809 1575 non
827 1518 916 1574 dixit:
932 1521 1010 1576 Tunc
1026 1518 1227 1590 improperavit
1240 1519 1338 1575 civita-

751 1591 845 1659 tibus3
871 1591 920 1646 sed
951 1597 1015 1647 tunc
1036 1594 1116 1662 cupit
1140 1595 1339 1662 improperare.

752 1664 780 1720 Si
809 1679 877 1733 ergo
897 1668 964 1718 tunc
989 1662 1083 1732 coepit,
1109 1667 1136 1719 et
1155 1679 1244 1733 usque
1265 1677 1340 1719 nune

752 1734 877 1806 quotidie
892 1734 1068 1805 improperat
1082 1733 1193 1790 talibus.
1212 1737 1244 1788 Bt
1264 1750 1338 1805 quo·

752 1807 806 1861 ties
819 1806 922 1876 legitur
941 1804 969 1860 in
986 1805 1111 1860 Ecclesia
1125 1804 1338 1876 improperans,

751 1877 928 1947 improperat
941 1875 986 1930 his
999 1875 1047 1946 qui
1062 1876 1133 1930 tales
1148 1884 1215 1931 sunt
1235 1876 1262 1930 in
1287 1878 1338 1930 Ec·

751 1947 848 2003 clesia.
882 1950 929 2003 Vae
953 1962 1022 2026 ergo
1049 1945 1129 2000 vobis
1156 1945 1338 2014 Christianis,

752 2018 866 2089 quibuS,
891 2016 1029 2087 quotidie,
1058 2031 1158 2071 omnes
1185 2015 1339 2085 Scriptura.

752 2087 953 2156 vociterantur,
967 2093 994 2143 et
1006 2103 1055 2149 vos
1068 2090 1139 2142 sicut
1153 2089 1264 2158 aspides
1276 2103 1339 2142 sur·

750 2162 969 2227 dae,obturuntes
977 2175 1057 2214 aures
1067 2164 1186 2227 vestras,
1197 2175 1250 2214 non
1263 2156 1341 2214 audi·

750 2233 786 2288 tis
797 2249 880 2289 voces
890 2247 998 2288 earum.
1009 2230 1127 2298 Quidam
1138 2231 1213 2287 euim
1225 2230 1339 2287 dicunt:

751 2306 869 2360 Peccata
883 2311 979 2360 nostra
990 2302 1186 2360 erubescimus
1197 2300 1339 2359 confiteri.

751 2376 810 2444 llic,
824 2377 920 2442 homo,
937 2376 1005 2446 quid
1017 2381 1060 2431 est
1075 2376 1155 2446 pejus
1171 2376 1264 2430 l'acece
1277 2390 1339 2430 ma·

749 2448 818 2515 lum,
830 2464 865 2504 an
878 2447 992 2503 dicere?
1001 2445 1029 2502 si
1040 2462 1119 2517 ergo,
1133 2453 1199 2502 ante
1212 2446 1258 2501 llei
1272 2461 1339 2525 con·

750 2526 886 2590 spectum,
899 2520 993 2573 lacere
1002 2518 1106 2573 malum
1118 2533 1172 2571 cion
1186 2514 1340 2595 erubuisti,

751 2590 893 2660 quomodo
917 2593 982 2643 ante
1007 2593 1187 2657 conspectum
1205 2585 1340 2664 hominis,

751 2661 865 2716 dicere?
875 2659 917 2714 nd
928 2657 1103 2714 iracundiam
1116 2659 1202 2712 Deum
1217 2662 1340 2712 excitare

752 2748 807 2787 non
817 2729 945 2791 timuisti,
955 2735 981 2786 et
992 2730 1029 2785 ad
1041 2727 1263 2784 misericordiam
1276 2742 1341 2782 eum

752 2799 1009 2859 llecteredubitas?
1024 2822 1037 2853 u
1052 2801 1112 2856 haec
1123 2802 1340 2868 chrysostomus.

788 2898 802 2947 7
828 2876 983 2931 Scmrrunn
1006 2891 1095 2928 sucum
1113 2889 1181 2928 nnus
1197 2890 1228 2927 er
1252 2888 1339 2927 urmi-

751 2963 811 3002 ms.
830 2978 864 2987 -
883 2947 1000 3018 Oportet
1020 2944 1107 3017 igitur
1127 2943 1239 3000 lectioni
1262 2943 1338 3024 Scri·

753 3024 899 3089 pturarum
923 3033 1023 3074 vacare
1048 3023 1077 3073 et
1105 3015 1274 3082 intendece;
1301 3019 1342 3070 tta

753 3090 828 3145 enim
842 3095 974 3161 peccator
988 3089 1024 3144 ad
1041 3087 1142 3145 melius
1157 3086 1262 3158 poterit
1278 3100 1342 3156 pro-

753 3161 849 3217 ficere.
881 3161 959 3215 Unde
988 3160 1065 3215 idem
1095 3160 1301 3227 chrysostomus
1331 3173 1340 3211 ε

755 3253 767 3282 n
787 3233 929 3288 Debemus
955 3229 1115 3301 Scripturas
1131 3228 1250 3283 scrutari
1276 3240 1341 3281 cum

753 3302 911 3373 diligentia,
932 3305 961 3356 et
983 3317 1041 3355 non
1066 3297 1251 3378 simpliciam
1279 3300 1342 3366 pot·

753 3373 860 3428 erimus
872 3373 963 3427 salute
983 3376 1082 3426 nostra
1094 3375 1214 3440 potrum
1230 3381 1344 3436 semper

754 3444 796 3499 eis
821 3441 1046 3498 immorabimur.
1065 3443 1097 3495 Bt
1116 3439 1138 3494 si
1160 3439 1343 3493 vehementer

754 3517 842 3571 durus
860 3513 921 3584 quis
936 3511 1062 3580 suscitet
1076 3511 1140 3566 ideo
1155 3507 1178 3564 si
1195 3509 1233 3564 nil
1250 3509 1342 3565 lucra·

753 3593 799 3643 tus
813 3584 899 3642 luerit
913 3584 940 3638 in
954 3583 1018 3640 aliis
1028 3581 1215 3655 temporibus,
1231 3588 1343 3652 tempus

755 3658 854 3715 saltem
880 3655 1037 3713 lucrabitur
1064 3656 1128 3723 hoc,
1152 3660 1180 3710 et
1208 3652 1343 3725 suscipiet

754 3730 881 3802 aliquam
896 3728 1059 3785 utilitatem.
1084 3725 1156 3796 Quid
1172 3725 1259 3798 igitur
1281 3724 1344 3782 ais?

754 3802 893 3870 Quoniam
926 3801 1047 3857 audiens
1078 3815 1135 3856 non
1166 3799 1248 3856 iacio.
1281 3799 1342 3853 Non

755 3889 873 3956 parvum
891 3874 1001 3930 lucrum
1023 3871 1157 3928 miserum
1176 3884 1279 3947 vocare
1296 3882 1344 3947 se·

754 3962 858 4016 ipsum,
876 3961 932 4000 non
949 3943 1059 4000 inutilis
1074 3942 1119 3998 hic
1134 3943 1229 3996 timor.
1252 3940 1286 4017 sc
1303 3951 1344 3991 rn-

754 4016 898 4088 gemueris
931 4015 1023 4072 solum
1060 4011 1195 4084 quoniam
1222 4007 1343 4089 audiena

755 4104 811 4144 non
844 4086 933 4154 lacis3
964 4084 1082 4142 omnino
1113 4082 1149 4137 ad
1179 4078 1343 4135 laciendum

755 4158 851 4215 venies
862 4158 1043 4229 quandoque.
1059 4156 1120 4209 lton
1137 4150 1211 4206 enim
1226 4154 1270 4204 est
1282 4149 1341 4205 Deo

754 4231 918 4301 loquentem
943 4233 971 4284 et
985 4223 1149 4281 audientem
1177 4222 1266 4276 Deum
1299 4218 1341 4275 lo·

755 4305 890 4373 quentem
903 4314 963 4355 non
981 4293 1093 4352 luctari.
1111 4312 1125 4347 u
1151 4294 1185 4348 Bt
1211 4291 1340 4348 iterum:
