2880 4942
121 337 159 397 tt
500 334 611 405 rotun
637 332 760 388 inuris
786 333 888 387 cirus
914 332 983 387 ivit
1060 317 1064 325 '

124 463 143 499 ii
152 440 297 514 Quidquid
309 444 457 513 quaermur
470 438 508 496 ad
519 439 654 507 salutem,
667 443 712 495 to-
765 436 844 495 euim
857 436 924 494 ideo
937 440 980 494 est
993 433 1170 504 misericors,
1183 434 1254 508 quia
1268 434 1356 496 nin·

123 516 187 573 turn
202 514 258 571 ‘ani
275 512 461 585 adimpletum
473 515 519 568 est
536 509 567 567 in
584 509 712 582 Scriptu-
767 525 831 567 runi
844 525 894 566 eor
912 507 1106 577 habea13sed
1121 506 1190 590 quia
1202 507 1281 564 circa
1299 506 1355 566 nii-

122 585 174 644 ris.
191 530 244 654 &ui
257 584 376 657 ignarus
389 588 444 653 est,
460 581 573 639 invenit
582 580 622 640 ibi
637 581 714 654 quod
766 597 848 639 seros
866 596 917 638 ror
929 578 1044 653 pietatis
1058 595 1119 636 suae
1135 579 1285 651 impendit
1302 580 1357 648 Qui

121 657 232 725 dinem
244 659 295 738 qui
310 660 463 713 contumax
471 659 517 711 est
529 659 558 710 et
571 657 713 726 peccator,
765 653 865 722 etiam,
882 652 1039 709 seeundum
1056 652 1256 733 Anquottnum,
1276 652 1358 724 cujus

121 727 237 788 invenit
250 727 289 785 ibi
300 726 389 784 futuri
399 724 499 798 judicii
514 725 638 808 flagella,
649 740 714 798 quie
766 725 826 783 vult
849 722 1011 793 miseretur,
1030 739 1089 779 non
1107 739 1137 778 in
1156 722 1280 795 justitia,
1303 723 1358 781 sed

124 798 242 867 timeat3
263 798 310 871 qui
325 798 448 868 laborat,
465 796 576 854 invenit
594 795 634 855 ibi
652 797 714 880 glo·
767 795 874 870 gratia;
891 811 976 869 quent
994 794 1055 852 vult
1070 794 1202 861 obdurat,
1220 811 1277 852 non
1300 792 1358 852 ini·

123 871 184 929 rias
219 868 417 942 promissionis
452 874 599 941 perpetua
636 874 713 938 vitae,
768 866 886 941 quitate,
919 867 970 923 sed
995 865 1116 923 veritate
1143 864 1287 924 vindictae.
1309 863 1357 924 Sic

123 957 196 1016 quas
211 940 423 1023 manducando,
435 939 559 1012 amplius
576 938 715 997 excitetur
767 945 864 997 tamen
895 937 1091 1020 misericordia
1116 937 1274 1020 etveritas
1303 937 1356 994 ob·

123 1014 161 1072 ad
179 1029 271 1085 opus;
286 1012 336 1085 qui
359 1010 550 1085 pusillanimis
560 1016 605 1069 est
620 1017 650 1068 et
666 1011 714 1068 in·
767 1010 845 1068 viant
857 1009 922 1078 sibi,
939 1014 972 1066 ut
984 1026 1037 1067 nec
1053 1009 1250 1066 misericordia
1265 1023 1356 1081 impe·

122 1085 236 1153 drmus,
252 1083 359 1141 invenit
371 1083 412 1141 ibi
426 1081 584 1141 mediocres
595 1082 714 1155 J'ustitite
767 1083 828 1140 diat
844 1082 1072 1152 veritatemque
1086 1079 1216 1153 plectitur
1229 1080 1355 1152 dignus;

124 1156 215 1225 cibos,
230 1155 290 1228 qui,
304 1155 358 1212 etsi
373 1157 509 1228 pinguem
517 1154 642 1212 animani
657 1170 714 1211 non
769 1171 822 1212 nec
835 1152 940 1211 veritas
955 1152 1191 1220 misericordiam,
1211 1168 1268 1223 qua
1281 1151 1356 1210 libo·

123 1227 243 1296 iaciunt,
257 1232 355 1285 tamen
371 1225 445 1283 mori
457 1242 515 1283 non
529 1225 711 1298 permittunt;
768 1232 849 1283 ratur
877 1223 1021 1295 indignus.
1050 1226 1126 1281 Deus
1157 1222 1285 1296 quidem,
1317 1222 1356 1281 el>

121 1301 172 1372 qui
188 1298 390 1370 magnanimus
403 1303 448 1356 est
461 1302 491 1355 et
504 1297 610 1367 tidelis,
631 1297 711 1354 inve·
769 1304 876 1355 eterno
891 1299 984 1353 sciens
1000 1294 1247 1353 conversationem
1262 1294 1356 1352 homi·

125 1370 168 1428 nit
181 1369 221 1427 ibi
236 1369 444 1443 spiritualiores
462 1385 542 1427 escas
564 1368 714 1426 continen·
769 1384 837 1426 nuni
863 1368 969 1425 malain
996 1367 1134 1437 futuram,
1161 1372 1191 1424 et
1215 1366 1284 1438 quia
1301 1380 1356 1423 noc

123 1440 610 1513 tiorisvitae,quaeperduoenteum
625 1455 714 1512 prope
768 1440 830 1497 sola
855 1439 1007 1496 severitate
1037 1443 1135 1511 posset
1160 1439 1275 1507 calvari,
1302 1452 1357 1495 nee

122 1513 161 1570 ad
175 1513 350 1583 Angelorum
363 1517 496 1568 naturam
510 1528 519 1579 ;
533 1511 581 1583 qui
597 1527 712 1593 pereus-
768 1511 830 1568 sola
852 1509 1047 1567 misericordia
1067 1509 1218 1582 pervenire
1232 1510 1269 1566 ad
1307 1524 1358 1565 ro·

124 1599 174 1640 sus
192 1599 210 1639 a
226 1583 341 1640 diabolo
356 1582 523 1639 vulneratus
541 1588 628 1638 estin
667 1598 713 1638 ec·
768 1584 872 1640 lectum
889 1582 1067 1652 meritorum,
1083 1579 1242 1653 decrevitq
1303 1578 1357 1650 ,in

121 1654 204 1723 ratis,
233 1653 343 1711 invenit
359 1652 398 1711 ibi
421 1652 604 1733 medicinales
624 1597 713 1722 elios,
768 1670 939 1726 unoquoque
971 1658 1110 1725 tempore,
1141 1651 1357 1734 praedicandum

124 1724 174 1798 qui
196 1742 261 1782 eum
279 1741 331 1797 per
353 1723 552 1798 poenitentiam
580 1729 715 1796 reparent
768 1732 855 1793 esset,
871 1740 1102 1796 unumquemque
1119 1729 1289 1806 permittens
1302 1738 1356 1781 auo

123 1797 161 1855 ad
179 1797 301 1854 salutem
317 1814 325 1853 ε
342 1816 357 1850 v
373 1797 434 1853 haec
448 1798 664 1867 Ghipooatomas.
765 1796 886 1870 iudicio,
899 1796 929 1853 id
949 1803 993 1853 est
1005 1796 1130 1853 naturali
1145 1795 1212 1868 legi,
1227 1811 1292 1867 quae
1309 1793 1356 1851 di-

159 1872 177 1925 8
206 1870 314 1926 tunicii
331 1870 383 1924 lini
406 1884 534 1925 occunra.
560 1898 596 1911 -
621 1870 714 1936 Quare
769 1868 848 1926 citin
871 1867 983 1925 corde:
1007 1869 1086 1935 Quod
1113 1867 1152 1922 nd
1176 1869 1233 1923 otio
1261 1867 1356 1923 oderit

124 1944 226 1997 autern
254 1940 334 2009 olim,
361 1956 419 1996 non
444 1939 490 1997 his
521 1939 568 2012 qui
596 1941 714 1997 credere
768 1943 829 2012 lteri
853 1941 916 2002 tibi,
940 1941 1186 2007 oculten'foeioe.
1202 1938 1269 2007 Sed,
1308 1935 1357 1995 uia

121 2017 292 2085 potuerunt,
305 2027 404 2068 verum
418 2010 525 2068 Judaeis
538 2011 587 2083 qui
596 2012 713 2068 credero
770 2011 909 2069 naturalis
923 2011 967 2068 lex
986 2009 1131 2082 obtorpuit
1148 1952 1357 2068 consuetudine

126 2083 291 2151 noluerunt,
315 2083 352 2139 sit
371 2083 606 2155 evangelizatum,
624 2083 714 2155 ipsius
768 2083 916 2156 peccandi,
926 2081 1081 2155 predicata
1092 2087 1145 2148 est,
1155 2097 1218 2154 quie
1231 2081 1358 2138 refrena·

125 2155 282 2212 secundum
291 2155 404 2223 Bedom,
415 2160 460 2210 est
469 2155 552 2223 scire,
564 2154 644 2224 cujas
655 2154 716 2211 uni·
768 2161 814 2212 ret
828 2160 989 2227 peccantes,
1004 2157 1048 2223 Et,
1069 2153 1136 2226 quia
1147 2153 1252 2210 iterum
1266 2153 1354 2210 lioniu

127 2240 218 2282 versae
237 2230 301 2281 sunt
319 2228 370 2280 eta
391 2226 581 2281 misericordia
599 2230 626 2281 et
646 2228 716 2280 cori-
769 2243 826 2283 non
842 2242 872 2283 se
890 2241 941 2298 per
954 2225 1025 2296 legis
1039 2224 1219 2282 severitatem
1229 2224 1355 2294 cohibet,

127 2301 181 2352 too.
203 2297 286 2363 Quia,
301 2296 457 2352 secundum
471 2297 643 2363 Ametinum,
657 2297 713 2352 alio
768 2297 826 2354 imo
878 2296 1088 2354 rinterdictum
1107 2312 1173 2353 reus
1192 2296 1354 2365 tenebatur,

127 2367 213 2423 modo
225 2367 303 2438 juste
317 2366 435 2423 damnat
448 2367 550 2436 maios,
563 2366 619 2423 alio
628 2367 713 2423 modo
769 2384 827 2440 prae
850 2373 923 2425 irata
936 2374 980 2425 est
998 2367 1203 2436 misericordia,
1217 2382 1282 2438 quae
1296 2365 1354 2424 sul·

123 2438 200 2510 juste
223 2441 315 2510 parcit
333 2436 425 2494 malis.
452 2439 523 2495 Nam
548 2455 613 2495 cum
637 2441 714 2496 dani·
767 2448 848 2496 varet
862 2439 1056 2511 confugientes
1070 2440 1106 2496 ad
1121 2454 1196 2507 eam,
1212 2444 1242 2495 ut
1263 2452 1352 2496 excat·

125 2513 177 2566 nat
196 2509 286 2567 malos
297 2510 408 2582 justum
432 2515 487 2578 est,
503 2509 571 2582 quia
597 2509 712 2566 illorum
767 2517 847 2569 caret
865 2512 1034 2581 refutantes,
1056 2510 1173 2568 mittens
1190 2510 1297 2567 Gentes
1313 2508 1353 2567 ad

124 2581 236 2638 meritis
257 2581 410 2651 convenit;
436 2597 503 2638 cum
528 2598 596 2638 vero
642 2581 714 2638 arcit
768 2582 989 2656 promissionem
1003 2583 1224 2653 Judaeorum,ut
1234 2580 1289 2653 ipsi
1304 2583 1356 2639 lu·

124 2652 338 2725 matis,1'ustum
352 2658 406 2722 est,
422 2669 480 2710 non
507 2653 575 2735 quia
598 2598 714 2710 iliiirum
768 2655 822 2712 daei
852 2657 954 2712 saltem
994 2653 1178 2711 aemulatione
1218 2651 1354 2709 Gentium

123 2724 244 2792 meritis,
258 2725 307 2781 sed
319 2724 387 2796 quia
402 2725 521 2782 bonitati
536 2741 596 2781 suae
610 2725 715 2781 conde·
768 2731 1013 2784 converterentur.
1036 2729 1070 2782 lit
1094 2727 1156 2782 hec
1177 2729 1221 2780 est
1232 2723 1354 2781 altitudo

122 2810 190 2852 cens
206 2803 259 2851 est.
276 2797 422 2852 Parcendo
436 2811 505 2867 ergo
522 2795 605 2851 malis
617 2797 714 2867 justus
768 2797 878 2855 consilii
906 2798 967 2866 Dei,
983 2814 1039 2869 quo
1064 2797 1137 2854 mira
1161 2794 1355 2866 Providentia,

126 2870 171 2923 est
196 2867 353 2923 secundum
372 2882 420 2935 se,
440 2872 470 2923 et
491 2866 652 2923 misericors
672 2884 715 2924 se·
767 2869 883 2927 ludaeos
907 2875 935 2926 et
961 2870 1067 2926 Gentes
1080 2869 1193 2926 reduxit
1205 2867 1242 2926 ad
1256 2866 1355 2936 utam,

125 2938 250 2994 eundum
266 2953 330 3007 nos,
348 2952 407 2995 non
424 2938 578 2995 secundum
594 2954 634 2994 se.
653 2940 715 2996 Non
769 2957 964 3014 quamomnes
977 2940 1162 3014 perdiderant
1173 2938 1204 2997 in
1217 2938 1320 2997 Adam.

680 3127 819 3188 ORATIO.

161 3267 282 3325 Domine
301 3271 370 3327 Jesu
393 3268 516 3340 Christe,
534 3271 651 3343 quinos
677 3273 765 3330 verbo
780 3276 808 3329 et
827 3273 955 3346 exemplo
968 3272 1129 3346 provocasti
1147 3272 1184 3329 ad
1199 3271 1355 3330 dolendum

122 3355 178 3470 hm
202 3340 334 3413 peccatis,
350 3346 379 3398 et
401 3342 439 3399 ad
454 3342 650 3401 exsultandum
663 3360 716 3417 pro
732 3361 746 3401 a
767 3343 926 3403 iritualibus
951 3345 1057 3404 bonis:
1074 3346 1111 3402 da
1138 3343 1208 3401 milii
1233 3343 1356 3415 gratiam

154 3428 326 3486 crymarum,
340 3418 376 3496 9².
397 3417 504 3471 terram
518 3415 614 3474 cordis
627 3419 683 3473 mei
697 3360 807 3474 actiani
824 3417 932 3500 irriguo
946 3418 1054 3475 coelosti
1070 3417 1210 3485 ioecunda,
1226 3420 1257 3472 ut
1273 3415 1355 3488 plan-

123 3498 191 3558 gani
207 3501 252 3542 me
269 3486 395 3557 quotidie
406 3486 437 3542 in
449 3485 526 3544 omni
542 3486 600 3546 vita
614 3504 678 3546 mea
693 3505 700 3544 ε
715 3488 753 3544 ita
769 3494 801 3546 ut
817 3489 978 3547 efficiantur
993 3488 1062 3546 mihi
1077 3489 1210 3561 lacryma
1226 3503 1297 3544 nieae
1309 3501 1359 3559 pa·

123 3570 176 3612 nes
194 3557 289 3613 dicae
306 3562 401 3628 nocto,
420 3563 450 3615 et
473 3573 556 3615 inens
584 3577 648 3617 mea
676 3560 765 3617 oblita
785 3561 919 3618 vanitatis
937 3566 965 3618 et
990 3558 1124 3630 miseriae,
1140 3558 1240 3616 ardeat
1260 3558 1357 3615 intuo

123 3640 223 3682 amore
238 3644 245 3682 ε
276 3627 315 3683 ita
333 3634 374 3698 ut,
396 3629 527 3686 saltando
542 3631 579 3687 ad
604 3633 681 3689 hona
695 3647 783 3704 opera
797 3640 825 3690 et
840 3634 876 3690 ad
895 3633 993 3690 laudes
1008 3630 1059 3690 Dei
1077 3631 1267 3702 assurgendo,
1281 3645 1357 3687 nunc

123 3696 264 3825 ffiffiem
278 3697 308 3754 in
322 3714 385 3771 spo,
400 3705 429 3757 et
441 3701 560 3758 tandem
572 3718 687 3775 semper
701 3709 729 3760 te
751 3705 907 3775 laudando,
922 3710 1017 3763 tecum
1046 3704 1189 3776 gaudeam
1204 3701 1268 3760 siue
1287 3700 1356 3759 tine.
