2880 4942
530 341 568 395 bt.
596 336 742 394 esstote
771 338 891 394 ovtt'tt.
1288 341 1335 400 ³01

99 448 243 522 simplices
263 451 292 505 ct
309 452 484 513 mansuetos,
500 445 645 517 subjectos
660 449 688 502 et

101 521 234 579 humiles.
264 520 318 587 Qut
346 534 413 589 ergo
443 534 497 574 non
524 521 613 574 intrat
639 534 689 589 pei·

100 596 213 662 ostium,
229 593 283 648 hoc
293 595 347 659 est,
363 588 412 661 qui
423 605 475 661 per
491 588 631 662 principia
646 605 690 646 re·

101 663 215 736 ligionis
234 660 400 721 Christiana
421 676 478 718 non
500 660 596 731 venit3
617 659 690 718 sicut

99 752 152 809 per
161 732 298 807 principia
309 732 435 790 veritatis
446 748 503 790 non
514 732 590 789 venit
599 733 691 789 haere·

100 806 182 873 ticus,
199 805 270 862 sicut
289 820 342 887 per
360 803 500 877 principia
517 803 616 876 gratiae
632 819 689 860 non

102 878 179 934 venit
198 876 381 959 simoniacus,
397 875 470 932 sicut
484 892 535 948 per
551 874 691 949 principia

99 948 239 1008 libertatis
251 964 307 1005 non
317 952 394 1004 ienit
404 952 537 1019 potenter
548 948 591 1004 vel
600 961 691 1004 arina-

100 1021 137 1078 tis
148 1020 282 1094 precibus
293 1019 432 1088 intrusus,
443 1021 515 1075 sicut
526 1018 690 1092 perprinci-

102 1092 149 1166 pia
173 1091 363 1163 simplicitatis
385 1106 442 1147 non
462 1090 540 1147 venit
559 1091 689 1157 dolosus;

102 1165 151 1220 sed
162 1164 287 1219 ascendit
300 1163 429 1218 aliunde:
442 1162 556 1234 quidam
568 1161 643 1219 enim
655 1162 692 1219 ad

103 1235 269 1292 intrandum
285 1234 409 1305 desuper
421 1248 473 1305 per
487 1235 577 1291 scalas
591 1250 690 1290 ascen·

104 1306 273 1374 dunt,sicut
297 1305 440 1362 ambitiosi
471 1322 534 1363 cum
563 1305 691 1362 Lucifero

106 1394 139 1435 ac
161 1393 224 1434 cuni
251 1379 341 1433 Datan
355 1381 383 1433 et
397 1376 515 1446 Abiron,
531 1393 601 1449 quos
624 1392 691 1449 pro·

127 1458 170 1506 ter
191 1448 376 1506 ambitionem
399 1447 478 1504 iiiios
496 1455 572 1505 terra
591 1450 691 1506 absor-

104 1465 183 1590 Euin
208 1519 324 1592 quidam
353 1518 492 1591 parietem
518 1519 691 1593 irrumpunt,

105 1594 179 1648 sicut
199 1591 277 1648 arari
297 1607 360 1648 cuni
382 1590 497 1648 Simone
512 1593 610 1662 Mago,
626 1591 690 1674 qui·

102 1663 169 1721 dam
197 1663 383 1719 fundamenta
418 1663 584 1729 suffodiunt,
617 1669 691 1720 sicut

102 1734 230 1792 haeretici
247 1749 310 1791 cuni
331 1732 395 1790 itrio
417 1736 489 1790 :tlte
506 1733 570 1791 ideo
586 1737 635 1803 fur
653 1739 693 1791 est

104 1813 130 1864 et
147 1809 227 1868 latro.
243 1805 289 1877 qui
303 1805 332 1861 iii
342 1807 396 1863 hoc
408 1804 553 1871 ditierunt,
568 1805 634 1878 quia
647 1808 693 1863 liir

106 1884 159 1939 cst.
174 1878 222 1961 qui
233 1877 262 1934 in
273 1878 366 1946 furvo,
376 1878 430 1933 boc
439 1880 483 1933 est
493 1880 521 1958 in
532 1877 624 1949 nigro,
636 1877 694 1935 sci·

104 1950 170 2006 licet
183 1967 213 2005 iii
228 1949 365 2017 tenebris,
380 1948 579 2019 ignorantibus
591 1965 692 2020 nempe

106 2020 280 2090 bominibus,
302 2019 424 2077 alienam
445 2035 505 2076 rem
525 2026 692 2090 contrectat,

106 2093 194 2149 invito
212 2091 349 2159 Domin03
368 2092 441 2147 latro
461 2098 554 2147 autem
576 2099 630 2161 est,
646 2091 693 2164 qui

106 2163 271 2220 violentiam
296 2163 381 2219 iniert
400 2168 428 2218 et
452 2162 602 2219 manifeste
623 2168 704 2220 con?

103 2241 216 2303 trectat,
228 2233 348 2291 Domino
360 2233 459 2289 inrito.
471 2236 504 2290 Et
515 2233 579 2290 iileo
591 2233 637 2291 ille
647 2236 694 2291 fiir

105 2312 159 2373 est,
177 2306 224 2378 qui
241 2306 314 2362 ovile
325 2305 419 2362 oviuni
435 2305 563 2375 sutlodit,
579 2322 611 2362 ac
627 2323 694 2363 oves

105 2382 134 2434 et
149 2376 298 2434 utilitatem
316 2377 420 2440 ovium,
436 2377 520 2445 clani,
535 2376 623 2434 inrito
639 2379 693 2434 Do·

104 2448 194 2516 mino,
205 2453 361 2505 contrectat
374 2466 382 2515 ;
398 2453 428 2505 et
442 2447 496 2504 iste
509 2456 554 2505 est
565 2450 693 2507 occultus

104 2527 133 2577 et
148 2521 294 2589 subdolus,
311 2521 352 2577 iet
369 2519 528 2592 hypocrita,
542 2520 584 2576 iel
600 2523 691 2577 haere·

105 2592 189 2660 ticos,
205 2591 272 2663 quia
286 2596 405 2663 uterque
420 2607 487 2648 cies
500 2597 528 2648 et
543 2590 692 2648 utilitatem

106 2662 201 2720 orium
222 2664 341 2720 iuratur.
361 2665 444 2720 Latro
464 2667 559 2719 autem
574 2671 627 2732 cst,
643 2663 692 2735 qui

109 2733 272 2792 violentiam
297 2734 364 2791 tacit
387 2740 418 2791 ut
442 2734 549 2805 rapiat;
569 2741 598 2792 et
620 2737 693 2792 tales

104 2813 170 2863 sunt
180 2805 229 2878 qui
241 2812 372 2879 potenter
383 2822 413 2862 se
423 2805 569 2863 intrudere
581 2806 689 2864 volunt.

103 2878 159 2934 Fur
174 2893 242 2949 ergo
259 2883 287 2934 et
301 2878 373 2934 latro
389 2892 440 2949 per
455 2877 559 2934 ostium
578 2895 636 2935 non
653 2878 690 2934 in·

105 2955 171 3019 trat,
192 2949 258 3022 quia
272 2951 316 3006 vel
331 2949 481 3006 ambitiose
495 2950 625 3007 ascendit
641 2948 690 3007 ali·

105 3021 189 3094 unde,
209 3020 253 3079 vel
266 3021 364 3078 dolose
380 3020 495 3078 suiiodit
509 3022 630 3088 occulte,
645 3023 690 3079 iel

104 3091 238 3150 violentia
248 3092 379 3166 irrumpit
387 3093 547 3161 manifeste,
559 3099 589 3150 ut
597 3093 689 3150 intru-

103 3163 152 3220 dat
164 3163 357 3236 semetipsum.
370 3164 422 3232 Qui
432 3172 528 3221 autem
539 3165 627 3221 intrat
640 3181 691 3237 per

103 3233 208 3292 ostium
223 3235 253 3292 iii
272 3236 440 3293 catholicam
454 3235 539 3292 vitani
555 3241 583 3293 et
597 3236 689 3307 digni-

105 3311 204 3365 tatem.
213 3313 311 3380 pastor
322 3324 405 3364 verus
421 3312 462 3364 est
478 3307 583 3376 orium,
594 3313 623 3364 et
637 3308 691 3364 iste

105 3376 239 3436 introitus
263 3384 306 3435 est
329 3377 467 3447 veritatis,
492 3382 520 3434 ct
541 3377 689 3449 libertatis,

104 3454 133 3505 el
148 3450 279 3520 gratuitae
293 3449 430 3507 bonitatis
446 3456 475 3505 et
492 3448 690 3521 simplicitatis.

104 3522 194 3577 tntrat
206 3528 301 3579 autem
318 3521 423 3578 ostium
438 3519 566 3577 veritatis
580 3537 631 3593 per
643 3537 691 3578 ca·

104 3592 239 3650 thoticam
255 3594 360 3661 tldcm3
375 3592 462 3649 intrat
480 3590 584 3648 ostium
605 3591 690 3650 liber·

104 3663 171 3720 tatis
190 3680 241 3737 per
261 3680 415 3739 supernam
432 3663 627 3733 vocationem3
644 3663 690 3721 iii-

103 3740 160 3791 trat
182 3739 285 3794 ostium
328 3736 438 3793 raluitae
458 3734 604 3805 bonitatis,
619 3735 691 3793 nulli

102 3812 219 3889 propter
234 3808 287 3890 hoc
302 3754 549 3891 eicienslaliquam
565 3807 690 3934 promis-

103 3895 233 3948 sionem;
254 3885 342 3937 intrat
362 3886 465 3937 ostium
490 3895 563 3952 simp
576 3886 689 3949 icitatis,

104 3967 161 4006 non
183 3951 314 4008 obtinens
338 3967 389 4024 per
407 3951 532 4024 aliquam
552 3951 690 4008 dolosita-

104 4028 171 4078 tem.
189 4023 317 4079 Christus
331 4029 427 4080 autem
441 4029 484 4080 est
499 4022 604 4079 ostium
620 4025 691 4080 veii-

104 4095 208 4149 tatiset
220 4093 359 4151 libertatis
370 4101 398 4151 et
411 4093 543 4166 gratuitae
557 4093 690 4151 bonitatis

105 4169 134 4220 et
148 4165 348 4238 simplicitatis.
366 4165 395 4223 Si
409 4183 476 4223 iero
488 4166 526 4223 ati
549 4166 593 4222 uis
607 4165 691 4222 aliter

104 4234 263 4304 intraverit,
291 4236 401 4295 dicetur
422 4237 448 4294 ei
478 4184 547 4296 illua
562 4240 688 4309 z-Amice,

104 4309 239 4380 quomodo
270 4311 322 4366 linc
345 4311 477 4380 intrasti,
505 4327 559 4366 nnn
588 4311 690 4367 tuberis

745 448 845 501 cestem
860 446 1014 516 nuptialem
1027 449 1041 502 :²
1061 448 1094 504 Et
1109 445 1240 519 ejicietur
1255 454 1335 506 extra

745 532 812 573 oves
826 514 854 572 iii
865 517 1000 573 tenebras
1010 518 1176 576 exteriores.
1187 519 1256 576 Huic
1267 537 1334 576 vero

745 587 853 661 pastori
877 587 1011 645 ostiarius
1035 589 1137 662 aperit,
1156 591 1204 662 qui
1223 596 1266 648 est
1284 591 1335 647 tri-

746 661 809 732 plex
823 677 830 715 :
845 658 962 728 scilicet,
974 660 1104 717 Christus
1116 661 1231 733 quidem
1244 678 1337 720 exem·

746 733 804 860 glo,
831 730 977 801 Scriptura
1000 732 1140 801 doctrina,
1163 739 1191 789 et
1216 733 1337 805 Spiritus

766 809 867 859 anctus
888 802 1089 874 inspiratione3
1112 803 1158 859 isti
1175 804 1251 861 enim
1269 812 1336 863 sunt

747 873 856 931 ostiarii
870 873 1011 931 Ecclesiae.
1025 874 1154 933 Christus
1166 876 1215 932 dat
1228 877 1332 945 claves,

747 946 801 1003 boc
820 950 863 1002 cst
884 945 992 1017 ligandi
1018 951 1047 1002 et
1065 947 1192 1004 solvendi
1209 954 1334 1020 potesta·

747 1025 805 1074 tem
818 1034 825 1086 ;
842 1016 989 1089 Scriptura
1003 1017 1087 1074 docet
1101 1018 1195 1075 claves
1210 1020 1335 1091 volvere,

748 1094 879 1147 etseras
903 1104 1044 1154 reserare,
1068 1090 1142 1147 unde
1167 1090 1253 1149 etiam
1279 1108 1337 1150 una

748 1159 870 1218 clarium
893 1166 936 1219 est
961 1161 1115 1219 auctoritas
1140 1161 1333 1232 discernendi,

748 1248 811 1303 quae
837 1237 880 1289 est
910 1232 1052 1302 scientia3
1090 1233 1211 1306 Spiritus
1239 1242 1336 1293 autem

749 1304 869 1361 Sanctus
895 1303 1063 1376 dignitatem
1093 1311 1121 1362 et
1149 1305 1336 1365 idoneitatem

748 1375 859 1432 confert
877 1376 914 1432 ad
933 1374 1191 1447 intromittendam,
1206 1377 1335 1451 sicutis-

748 1446 824 1503 nitor
845 1448 948 1516 tidelis,
967 1449 1011 1505 cui
1030 1449 1218 1505 committitur
1239 1455 1334 1509 custo·

748 1517 796 1575 dia
806 1535 910 1576 rerum.
922 1519 997 1576 tatis
1010 1536 1078 1602 ergo
1093 1520 1228 1578 ostiarius
1243 1538 1336 1579 exem·

748 1589 795 1663 plo
825 1590 940 1660 Christi,
969 1591 1099 1648 doctrina
1127 1592 1280 1665 Scripturas
1307 1600 1337 1651 et

748 1661 888 1732 dignitate
906 1662 1027 1735 Spiritus
1046 1665 1153 1732 Sancti,
1171 1664 1264 1737 aperit
1285 1664 1335 1722 tali

748 1733 875 1806 pastori:
892 1735 984 1806 aperit
998 1740 1094 1791 autern
1108 1735 1211 1793 ostium
1227 1736 1335 1794 humile

748 1805 785 1861 ad
799 1804 877 1887 quod
891 1805 1005 1888 superbi
1020 1806 1190 1880 impingunt,
1207 1824 1273 1864 iero
1288 1824 1335 1882 pa·

749 1883 818 1932 stori
835 1876 946 1945 humili,
966 1882 997 1933 ut
1013 1893 1070 1934 non
1090 1877 1243 1950 rapinem,
1263 1895 1336 1952 ape-

749 1947 785 2003 rit
801 1947 904 2004 ostium
919 1954 1039 2018 arctum,
1051 1965 1103 2022 per
1114 1964 1169 2030 quo
1201 1951 1279 2006 avari
1290 1950 1335 2007 in-

748 2024 825 2075 trare
834 2025 1024 2101 nocpossunt,
1034 2024 1337 2103 pastoripauperipan·

748 2091 1333 2217 pertatespiritus,utnoncon-tringatur3

749 2167 781 2217 ut
804 2161 881 2218 humi
895 2178 940 2218 eni
963 2169 992 2219 et
1012 2165 1196 2220 constrictum
1222 2163 1252 2220 in
1277 2164 1335 2221 iiita

748 2231 878 2305 recipiat,
895 2238 923 2289 et
942 2232 1013 2290 alios
1032 2233 1160 2307 repellat.
1178 2234 1228 2292 ilic
1247 2235 1333 2293 eliani

748 2308 817 2360 nota
844 2305 920 2376 qnod
958 2305 1051 2362 tribus
1087 2305 1179 2362 modis
1214 2323 1334 2365 munera

747 2383 897 2448 captantur
921 2375 951 2433 in
971 2376 1084 2443 officiis,
1099 2377 1135 2435 ad
1155 2395 1219 2449 qiiae
1236 2397 1254 2435 a
1273 2379 1332 2452 ple-

748 2446 845 2520 risque
861 2448 1021 2505 testinatur.
1039 2450 1087 2505 Est
1105 2448 1181 2506 enim
1201 2466 1335 2509 munusa

748 2521 844 2588 corde,
856 2519 963 2576 scilicet
972 2521 1052 2577 taior
1066 2525 1095 2576 ct
1108 2520 1215 2591 gratia3
1231 2539 1334 2579 muniis

748 2591 785 2646 ab
811 2607 871 2659 oie,
890 2591 996 2647 scilicet
1015 2592 1162 2672 popularis
1187 2593 1333 2662 adulatio;

749 2676 852 2718 munus
865 2679 882 2718 a
894 2678 992 2731 manu,
1003 2662 1110 2719 scilicet
1122 2663 1233 2736 praemii
1247 2665 1335 2722 dona-

747 2732 798 2789 tio.
818 2733 870 2801 Qui
885 2735 922 2791 ab
936 2733 981 2790 his
996 2750 1027 2790 se
1044 2735 1209 2804 excusserit,
1225 2740 1254 2794 el
1272 2735 1334 2793 sinc

747 2805 849 2861 horum
872 2804 1032 2862 intentione
1053 2805 1212 2876 intraverit,
1238 2809 1335 2866 beatus

747 2875 816 2941 erit:
832 2876 879 2948 qiii
895 2884 990 2934 autern
1004 2881 1106 2935 tiorum
1121 2878 1279 2937 intentione
1291 2879 1335 2937 in·

746 2947 885 3020 greilitur,
899 2950 946 3006 tur
959 2954 1002 3006 est
1014 2954 1043 3007 et
1059 2950 1143 3007 latro.
1221 2993 1222 2998 η

781 3024 797 3076 5
817 3021 950 3079 Carisius
965 3039 1012 3078 nsr
1035 3038 1132 3080 osriuii
1150 3041 1248 3092 ovinis,
1268 3042 1334 3089 nura

746 3109 796 3148 ren
817 3109 896 3150 irsoii
913 3111 1059 3151 incnassos
1079 3112 1127 3151 aar
1147 3113 1182 3152 nn
1201 3113 1282 3153 sinnii
1300 3113 1334 3153 ar

746 3181 880 3220 nonassus
894 3183 929 3220 nn
944 3182 1072 3222 neoninii.
1090 3196 1126 3208 -
1143 3169 1200 3223 line
1218 3184 1333 3240 prover·

748 3235 822 3290 bium
849 3235 926 3291 dicit
952 3241 991 3291 eis
1022 3240 1119 3303 Jesus3
1148 3237 1333 3308 proverbium

747 3305 822 3360 enim
847 3305 960 3375 dicitur,
990 3307 1102 3377 quando
1131 3309 1250 3364 verbum
1282 3325 1333 3380 pro

747 3377 834 3432 verbo
859 3376 990 3448 ponitur;
1009 3377 1049 3434 sic
1072 3382 1116 3434 est
1137 3377 1166 3434 iii
1185 3380 1334 3451 parabola,

747 3448 862 3520 quando
878 3464 1038 3521 perronem
1051 3465 1137 3505 onam
1151 3466 1211 3506 rem
1227 3450 1335 3521 signiti-

747 3524 861 3575 cantem
882 3517 960 3576 atiud
981 3518 1157 3591 designatur.
1170 3523 1218 3577 tllt'
1242 3527 1334 3579 autem

747 3607 801 3646 non
815 3597 998 3658 coenaverunt
1020 3593 1089 3662 quid
1101 3593 1257 3663 loqueretur
1274 3596 1331 3664 eis;

747 3666 776 3719 et
790 3661 859 3734 quia
870 3664 922 3734 ipsi
935 3679 991 3719 non
1002 3661 1212 3736 intellexerunt,
1232 3679 1333 3722 conse·

747 3740 869 3807 quenter
889 3734 943 3791 boc
968 3734 1025 3791 illis
1049 3735 1231 3808 proverbium
1248 3753 1333 3808 expo-

747 3822 818 3862 nens
828 3806 903 3862 decu
913 3808 952 3862 eis
963 3810 1080 3864 iteruin:
1093 3810 1193 3872 Amen,
1204 3826 1283 3866 nmen
1293 3810 1337 3865 di'·

746 3894 776 3934 cn
791 3879 877 3945 cobis,
893 3880 961 3948 quio
976 3895 1023 3949 epo
1037 3895 1098 3935 sum
1112 3884 1212 3937 ostium
1230 3884 1334 3949 coium,

746 3965 798 4022 per
808 3949 966 4006 doctrinam
977 3957 1005 4007 et
1014 3953 1184 4023 exemplum,
1196 3966 1248 4023 per
1258 3951 1335 4025 quod

747 4020 1334 4080 ostianinecessarioestintrandum.tiico

746 4109 837 4148 omnes
862 4100 996 4175 quotquot
1023 4099 1166 4159 uerierunt,
1195 4110 1254 4150 non
1285 4109 1336 4166 per

747 4179 801 4231 me,
820 4169 848 4220 et
865 4181 922 4221 non
935 4171 1074 4221 intrantes
1089 4180 1141 4248 per
1155 4165 1270 4230 ostium,
1284 4165 1335 4223 sed

746 4240 851 4308 praeter
871 4252 927 4305 me,
945 4242 1051 4308 praeter
1068 4237 1193 4294 divinam
1210 4236 1335 4294 auctori·

747 4313 832 4365 tatcin
849 4313 876 4365 ct
891 4307 1126 4381 suspicationem,
1141 4325 1199 4365 non
1214 4325 1279 4367 cuin
1294 4311 1334 4369 in-
