2880 4942
247 385 288 439 ΒΕ
315 386 506 441 ΑΜΒΙΤΙΟΝΕ
532 390 571 442 Π
597 389 798 450 outnusnlii
824 388 914 442 ntus
941 387 1168 442 bulensibus.
1294 387 1336 441 tut

100 504 149 571 cer
169 495 222 559 est,
242 497 270 547 et
284 492 418 564 oppidum
433 492 593 566 paradisus.
609 494 689 552 Unde
745 509 840 549 rerum
859 492 1049 562 affluentiam,
1062 492 1185 550 restium
1201 491 1335 564 splendo-

101 560 206 618 talibns
219 579 290 635 pene
303 563 445 637 competit,
459 570 487 622 et
501 564 537 623 de
549 564 591 623 eis
603 566 689 624 scribi
744 580 816 634 rem,
826 581 990 622 mensarum
1007 565 1159 633 luxuriam,
1171 563 1335 635 congeriem

100 639 207 714 posset,
224 635 298 706 quod
315 636 350 692 de
366 636 488 719 quodam
508 637 689 709 bujusoemo-
744 652 877 693 uasorum
906 641 1108 709 argenteorum
1124 640 1152 692 et
1171 649 1322 693 aureorum

102 703 131 761 di
143 711 209 786 post
222 710 341 788 mortem
355 724 428 790 eius,
441 707 522 780 quasi
534 725 586 782 pro
598 709 689 782 epita·
745 707 799 764 nisi
813 709 847 765 de
860 708 944 765 bonis
960 705 1174 780 sponsaellude
1187 714 1243 773 est,
1255 675 1335 777 quod

102 776 180 848 pliio,
192 778 307 849 quidam
317 780 495 837 versillcator
506 779 546 838 sic
554 780 666 854 scripsit
681 799 689 838 :
745 779 794 836 illa
809 795 929 852 pauper,
943 778 1037 851 inops,
1056 783 1085 834 et
1098 777 1176 833 nuda
1190 775 1331 859 relinqui·

745 856 802 920 tui,
815 850 887 908 lacic
896 850 1070 918 miseranda,
1082 848 1199 917 inculta,
1208 848 1334 920 hispida,

745 925 906 996 exsanguis.
929 925 1047 996 Propter
1068 922 1132 990 boc,
1152 936 1210 977 non
1232 925 1276 976 est
1300 917 1332 976 in

168 1028 459 1099 naecpostremautee,
474 1030 693 1115 laesibiprimo
746 993 963 1123 isstgfigfflffi
978 986 1337 1134 Queagtoffifgffi‘ggg
1376 1008 1380 1018 ‚

592 1100 691 1173 [qm
767 1152 833 1205 ero;
849 1109 965 1194 nonest
989 1136 1153 1203 deseruere,
1172 1105 1223 1190 s’cd
1249 1148 1334 1205 expo-

143 1203 285 1261 USerruii
313 1223 405 1263 narmi
416 1223 424 1262 ι
437 1224 540 1264 seusus
553 1225 694 1265 mucruuii
749 1223 837 1277 nere;
858 1224 916 1265 non
934 1213 977 1264 est
992 1209 1143 1274 instruere,
1164 1204 1214 1262 sed
1228 1203 1336 1277 prosti-

107 1290 314 1357 sisimriciouuii.
331 1309 366 1320 -
380 1280 495 1335 Sextum
510 1279 616 1335 malum
637 1286 692 1350 est,
747 1284 845 1348 tuere;
865 1285 979 1336 nonest
1004 1294 1120 1351 pascere
1136 1292 1263 1348 gregem,
1287 1273 1339 1332 sed

106 1359 174 1417 qma
190 1348 271 1403 multi
286 1349 425 1406 fructibus
441 1350 650 1408 beneficiorum
665 1355 693 1407 et
748 1355 873 1408 mactare
887 1356 915 1408 et
938 1351 1087 1418 deuorare,
1102 1347 1214 1405 dicente
1229 1348 1265 1403 de
1279 1343 1337 1404 illis

105 1415 189 1473 bonis
214 1419 414 1502 ecclesiasticis
443 1421 525 1478 abuti
556 1438 613 1478 non
633 1438 692 1479 me·
746 1422 962 1490 Dominozout
976 1423 1110 1478 decorant
1123 1420 1230 1492 plebem
1247 1433 1335 1474 meum

104 1491 198 1557 tuum,
228 1506 261 1546 ac
288 1491 494 1563 patrimonium
525 1491 642 1562 Christi,
662 1498 691 1550 et
746 1499 777 1550 ut
790 1495 880 1550 citum
891 1491 1336 1565 punis;et:0uiocomederuut

103 1574 152 1641 pes
163 1576 325 1641 pauperum
345 1563 374 1619 in
390 1579 457 1620 usus
482 1567 646 1636 supeilluos
662 1569 692 1622 et
744 1566 839 1634 Jacob,
855 1570 881 1621 et
900 1568 988 1621 locum
1011 1565 1072 1634 ejice
1086 1563 1277 1619 desolaverunt
1292 1578 1299 1617 ε
1315 1579 1334 1644 u

102 1630 216 1713 illicitos
231 1640 409 1692 convertunt.
426 1636 690 1708 Quantumcumque
745 1637 806 1693 liaec
824 1637 992 1693 bernardus.
1017 1636 1062 1692 Sic
1090 1639 1118 1691 et
1138 1635 1223 1691 liodle
1250 1631 1335 1689 multi

103 1704 690 1791 emmutiliterinbeneficioquislaboret,
744 1707 871 1780 religiosi
887 1707 971 1766 bonis
991 1705 1157 1763 monasterii
1176 1704 1255 1762 abuti
1272 1718 1332 1761 non

104 1773 404 1857 ultra-tameniictum
428 1785 457 1835 et
477 1779 610 1837 restitum
634 1780 690 1836 sibi
744 1787 902 1848 verentur3
933 1786 961 1836 et
993 1777 1110 1834 divitem
1143 1791 1270 1849 purpura
1305 1777 1335 1832 et

103 1846 255 1904 vendicare
271 1865 328 1905 non
341 1850 443 1918 debet;
459 1849 597 1922 quidquid
611 1850 692 1908 enim'
744 1851 829 1922 bysso
844 1851 975 1907 indutum
990 1848 1140 1916 imitando,
1153 1852 1286 1919 quarunt
1295 1844 1334 1903 ud

103 1917 225 1989 amplius
242 1926 296 1990 est,
313 1937 366 1992 pau
387 1936 469 1978 erum
483 1927 535 1978 est.
554 1923 634 1979 Unde
650 1922 692 1978 ait
745 1920 933 1990 induendum,
953 1936 1010 1977 non
1037 1919 1115 1990 quod
1148 1917 1256 1987 utilius,
1281 1915 1334 1974 sed

103 1991 263 2047 Beruardus
276 2009 283 2048 ε
297 2014 311 2042 «
327 1937 386 2049 Sed)
397 1997 469 2061 esto,
486 1992 612 2050 studiose
627 1994 692 2065 quis
745 1993 824 2119 puod
839 1992 971 2049 subtilius
990 1990 1151 2058 invenitur3
1177 2005 1235 2045 non
1258 1986 1336 2069 quod

104 2065 134 2118 et
148 2062 292 2120 fructuose
308 2062 429 2133 laboret,
448 2063 526 2120 vivat
546 2065 581 2121 de
593 2064 690 2135 altari,
757 2065 837 2136 rigus
855 2064 986 2136 expellet,
1015 2062 1065 2119 sed
1086 2060 1163 2132 quod
1186 2061 1335 2132 superbire

104 2140 136 2190 ut
147 2133 284 2192 alimenta
293 2141 322 2192 et
332 2136 435 2207 quibus
447 2140 560 2208 tegatur
568 2137 689 2207 babens,
745 2135 906 2208 compellat.
920 2138 952 2191 lit
965 2149 1030 2190 cum
1041 2133 1142 2190 eodem
1157 2131 1256 2200 divite,
1269 2146 1336 2203 epu·

104 2205 151 2261 liis
165 2212 317 2263 contentus
332 2211 378 2264 sit.
392 2209 454 2264 lton
464 2207 691 2279 superbiat,non
744 2206 797 2264 lari
808 2203 1196 2289 quotidiesplendideiolunt
1212 2220 1220 2272 ;
1236 2207 1263 2260 et
1282 2217 1335 2275 pro

104 2275 273 2360 luxurietur,
288 2279 411 2360 denique
427 2296 485 2336 non
504 2279 621 2348 ditetur,
637 2295 691 2336 nec
745 2280 890 2348 carnibus,
906 2293 924 2335 a
946 2276 1051 2350 quibus
1071 2274 1251 2359 abstinetur,
1270 2279 1334 2331 stu·

104 2363 139 2405 ex
155 2348 290 2407 clericatu
306 2351 392 2407 ditior
406 2351 467 2421 llat,
490 2367 549 2408 non
574 2350 629 2408 sibi
653 2352 690 2408 de
744 2349 822 2408 dium
835 2365 918 2407 suum
935 2347 965 2405 in
981 2348 1104 2422 piscibus
1115 2353 1145 2405 et
1158 2347 1268 2404 deliciis
1282 2360 1334 2403 va·

103 2418 188 2478 bonis
199 2421 548 2494 Ecclesiaeamplapalatia
558 2422 689 2493 fabricet,
744 2421 796 2479 riis
820 2426 940 2494 ponunt.
958 2422 992 2477 Et
1008 2419 1163 2478 secundum
1196 2418 1270 2490 quod
1296 2417 1334 2475 do

104 2491 281 2573 necloculos
301 2493 367 2551 inde
389 2499 553 2566 congreget,
581 2510 634 2551 nec
661 2493 692 2551 in
745 2493 915 2566 quibusdam
935 2492 1050 2560 dicitur,
1068 2490 1133 2563 plus
1148 2489 1178 2545 in
1192 2490 1333 2561 salmone,

102 2568 229 2620 vanitate
247 2569 297 2621 aut
310 2565 508 2636 superfluitate
534 2565 690 2638 dispergat,
745 2580 833 2637 quam
858 2563 889 2620 in
918 2563 1069 2620 Salomone
1089 2560 1204 2617 student
1222 2577 1229 2627 ;
1246 2558 1334 2641 quod,

102 2649 165 2690 non
180 2636 296 2692 extollet
310 2637 346 2693 de
361 2636 544 2694 facultatibus
558 2636 692 2694 Ecclesiae
746 2635 903 2692 secundum
918 2637 1092 2706 hesperum,
1108 2648 1165 2688 non
1188 2637 1231 2687 est
1259 2629 1333 2686 deli-

102 2706 336 2788 consanguineos
353 2724 420 2765 suos
444 2713 493 2765 aut
510 2713 639 2781 nepotes,
655 2724 691 2765 ne
746 2706 805 2764 cias
828 2721 970 2773 resecare,
997 2705 1048 2762 sed
1077 2718 1165 2760 unam
1189 2701 1219 2758 in
1246 2700 1334 2760 aliam

102 2776 179 2834 dhas
192 2778 261 2835 heul
278 2779 397 2836 dixerim
409 2780 509 2853 nuptui
524 2781 633 2849 tradat;
645 2797 693 2837 res
746 2782 932 2836 commutare.
965 2777 1044 2834 Unde
1069 2775 1110 2833 ait
1133 2776 1333 2843 Augustinus:

102 2864 263 2932 pauperum
278 2867 336 2908 non
352 2851 524 2925 pauperibus
546 2852 692 2924 dare,par
746 2873 762 2903 i«
777 2851 829 2920 Qui
851 2850 926 2908 sica
947 2849 1081 2906 carnibus
1103 2864 1134 2904 se
1158 2847 1332 2919 temperant,

101 2922 431 3004 sacrilegii'crimenesse
442 2923 690 2995 dignoscitur.llec
745 2928 777 2980 ut
791 2923 863 2981 alias
878 2938 966 2992 escas,
987 2928 1017 2979 et
1037 2918 1206 2977 dilllcilioris
1220 2932 1334 3001 praepa·

101 3008 180 3051 enim
190 2994 332 3051 ordinavit
340 2998 415 3053 Ueus
425 2995 525 3068 bisqui
537 2995 691 3068 Evangelio
745 2994 864 3053 rationis
877 3000 905 3052 et
931 2993 1015 3067 pretii
1035 2991 1151 3064 majoris
1174 2990 1334 3063 inquirant,

101 3064 233 3122 serviunt
255 3067 292 3122 de
308 3066 459 3140 Evangelio
485 3084 614 3139 quaerere
642 3074 691 3124 aut
745 3068 867 3125 multum
889 3072 995 3122 errant.
1022 3067 1083 3121 llon
1112 3062 1188 3120 enim
1208 3061 1334 3143 esthoc

102 3136 212 3193 babere
238 3137 365 3208 delicias,
393 3146 444 3195 eut
471 3145 615 3209 ornatum,
640 3138 691 3196 sed
745 3138 890 3211 suscipere
906 3135 1118 3202 abstinentiam,
1135 3133 1186 3191 sed
1212 3133 1334 3188 invitare

138 886 208 940 llum
223 886 281 951 fuit
301 888 331 941 tu
350 885 464 951 mundo,
483 902 534 1030 ufai·
556 887 691 1014 ιῖιιιηάἕηι

501 975 561 1014 urae
589 975 641 1014 eun
664 974 689 1023 o,

101 3206 210 3277 virere,
223 3209 263 3266 ait
279 3211 431 3283 Apostolus
440 3210 476 3267 de
489 3226 543 3280 eo;
558 3216 590 3268 ut
611 3210 692 3266 vide·
745 3210 896 3267 luxuriam.
913 3228 928 3260 ii
945 3206 993 3263 lsti
1009 3222 1066 3262 non
1078 3204 1240 3285 intelligunt
1254 3200 1333 3273 quod

102 3277 172 3336 licet
181 3281 237 3336 sint
247 3282 373 3338 contenti
388 3281 524 3339 alimenta
551 3281 690 3354 corporis,
744 3279 774 3336 in
786 3281 831 3336 liis
842 3280 960 3335 hamum
971 3275 1124 3402 accipiunt,
1136 3289 1204 3346 quia
1214 3286 1333 3345 poenam

102 3366 164 3433 non
175 3353 249 3434 gulae
259 3353 451 3420 irritamenta,
476 3357 525 3409 aut
551 3351 694 3408 incentiva
745 3367 798 3423 pro
821 3348 941 3476 sinfiulis
960 3364 1026 3405 exso
1041 3351 1128 3428 ient3
1149 3348 1334 3426 et'quantum

102 3421 240 3494 libidinis,
249 3430 277 3481 et
287 3424 390 3496 quibus
403 3429 547 3495 tegentur,
562 3439 620 3479 non
636 3422 693 3493 qui·
747 3437 778 3478 se
791 3422 864 3494 glori
888 3424 1023 3476 caverunt
1037 3422 1066 3474 et
1084 3433 1115 3472 in
1137 3415 1246 3472 deliciis
1274 3414 1336 3469 luo·

101 3493 157 3552 bus
172 3502 321 3564 ornentur,
336 3496 544 3567 accipereiillt
564 3493 690 3550 iterum:
746 3499 824 3562 runt,
843 3497 953 3548 tantum
974 3490 1010 3546 de
1034 3493 1176 3546 tormento
1206 3490 1234 3543 et
1258 3484 1335 3566 luctu

103 3587 120 3620 u
132 3567 218 3624 Pauci
234 3568 389 3624 admodum
404 3571 482 3634 sunt,
495 3565 545 3639 qui
560 3581 617 3622 non
628 3580 692 3637 quae
746 3565 901 3622 habebunt.
924 3561 1038 3619 Utinam
1060 3559 1139 3616 multi
1153 3554 1334 3628 mercenarii,

101 3652 157 3696 sua
175 3644 242 3696 sunt
261 3644 401 3710 quaerant.
420 3637 546 3721 Diligunt
561 3653 691 3707 munera,
747 3642 775 3693 et
786 3635 1040 3719 pseudo-pastores
1058 3633 1119 3690 baec
1141 3630 1334 3699 attenderent,

102 3725 163 3767 non
182 3715 304 3784 possunt
327 3710 437 3783 pariter
464 3709 583 3782 diligere
611 3711 691 3768 Cbrl·
746 3724 795 3838 3⁰¹
811 3708 875 3782 plus
886 3708 922 3764 de
936 3705 1037 3780 seipsis
1047 3705 1133 3763 etiam
1148 3704 1237 3788 sanis,
1248 3716 1334 3784 quam

100 3784 191 3851 stum,
207 3783 273 3855 quia
283 3799 384 3839 manus
398 3782 537 3840 dederunt
552 3798 691 3839 mammo·
766 3798 782 3838 e
799 3780 858 3838 suis
871 3778 991 3837 subditis
1005 3781 1091 3836 etlam
1106 3777 1239 3839 infirmis,
1256 3772 1334 3830 solli·

102 3868 162 3910 nae.
182 3857 295 3911 lntuere
316 3859 459 3927 quomodo
482 3853 618 3912 incedunt
647 3852 691 3910 ni·
746 3852 794 3911 citi
809 3858 891 3922 sunt;
906 3853 1009 3935 etplus
1018 3850 1072 3909 sibi
1087 3851 1116 3907 in
1128 3845 1334 3921 voluptatibus,

102 3923 156 4007 lidi
178 3931 207 3983 et
225 3928 329 3994 ornati,
349 3925 552 3984 circumamicti
567 3925 691 3983 uarieta·
745 3941 831 4055 guam
845 3924 967 3983 subditis
982 3922 1010 3980 in
1026 3921 1246 4002 necessitatibus
1260 3931 1332 4004 con3

102 3997 193 4067 tibus,
220 4003 366 4070 tamquam
394 4014 499 4071 sponsa
532 3998 692 4071 procedens
765 3999 922 4056 escendunt
938 3997 945 4054 l
963 3999 996 4053 lit
1008 3995 1072 4052 ideo
1084 4010 1160 4066 saepe
1168 3988 1332 4072 huiusmodi

102 4066 141 4125 de
165 4070 292 4126 thalamo
319 4086 380 4127 suo.
400 4072 500 4128 Nonne
528 4069 692 4142 quempiam
746 4069 916 4128 mercenarii
939 4068 1010 4127 diris
1031 4083 1048 4123 a
1078 4068 1136 4122 Deo
1155 4064 1334 4135 castigantur

102 4140 204 4200 talium
219 4146 338 4213 repente
357 4140 468 4199 eminus
488 4142 692 4214 procedentem
746 4142 886 4214 llagollis;
906 4141 956 4199 sed
971 4137 1129 4209 intelligere
1139 4136 1243 4193 nolunt
1256 4133 1334 4197 unda

102 4213 260 4285 aspexeris,
288 4228 420 4285 sponsam
448 4213 542 4286 potius
565 4211 691 4287 putabis,
745 4212 807 4271 haec
822 4214 934 4287 llagella
966 4209 1114 4290 recedunt,
1125 4211 1332 4280 conquerentes

103 4299 316 4358 quamsponsae
331 4284 497 4341 custodem‘l
521 4285 601 4343 Unde
622 4299 690 4340 vero
746 4286 917 4359 quandoque
953 4295 1179 4354 epeicussione,
1210 4280 1260 4338 sed
1286 4287 1334 4340 ta·

103 4355 181 4414 hanc
199 4355 257 4413 illis
278 4356 433 4415 exuberare
446 4356 593 4416 existimas
602 4355 692 4415 talem
746 4364 843 4416 centes
857 4358 893 4417 de
905 4369 994 4415 causa
1019 4359 1161 4427 movente,
1177 4352 1333 4418 secundum
