2880 4942
107 350 151 405 tet
469 343 580 398 PMUAE
606 342 727 398 etatis
754 343 859 397 catut
885 339 969 396 lxvi

111 460 168 534 padi
180 458 348 517 seditionem
361 453 490 521 liaberet,
504 459 536 508 ut
548 452 692 509 videretur
747 452 948 524 promittendo,
960 456 991 509 et
1002 453 1159 524 sacrilegus
1176 453 1208 509 in
1223 454 1335 512 solven-

110 535 202 592 laecre
219 530 332 595 invitus,
351 526 427 599 quod
442 524 564 581 iaciebat
581 528 695 594 sponta-
747 525 801 595 do;
837 529 863 583 et
891 529 1004 597 propter
1030 527 1116 581 simul
1137 526 1335 597 recumbentes,

109 622 185 662 lieris.
198 605 237 659 At
250 602 312 663 illa,
326 598 488 670 praemonito
501 614 519 653 o
531 601 620 652 matre
631 610 691 661 sno,
748 612 843 652 coram
860 598 965 725 fluibus
985 596 1098 667 publice
1123 597 1290 669 juraverat,
1310 608 1337 657 ut

110 680 163 734 lvoc
178 675 258 748 petiit
272 688 323 743 pru
338 684 478 726 munere:
499 671 541 725 Du
555 669 634 736 mili,
651 668 694 722 iu·
747 683 847 724 omues
881 673 964 725 erent
981 669 1096 725 sceleris
1110 671 1154 725 sui
1181 678 1336 740 consortes,

108 750 178 815 «vnit,
195 748 226 801 in
244 745 329 807 disco,
351 742 437 797 idest
458 741 586 810 scutella,
611 755 625 794 c
664 743 696 795 at
747 745 998 812 noncorreptores.
1008 755 1067 797 nou
1078 742 1261 799 resistentes.
1270 743 1337 801 Ecce

112 820 227 875 Joonais
252 816 394 887 Baptistae.
415 813 464 869 Est
487 812 612 868 enimin
661 827 695 867 oc
747 826 832 883 qnam
853 812 888 868 de
907 811 983 868 sacili
1003 818 1152 884 peccatum
1175 814 1285 871 transit
1305 816 1337 872 de

114 893 174 946 loco
200 889 306 955 disens,
321 901 369 941 ras
389 886 553 951 rotundum,
573 883 696 954 desuper
747 900 803 939 uno
818 884 848 940 in
873 899 982 941 omnes.
1008 883 1145 941 Similiter
1175 886 1267 943 etiam
1291 886 1336 969 qui

105 968 265 1027 textensnnu
294 958 464 1029 quandoque
487 955 572 1013 etiam
596 970 695 1011 mensa
748 955 845 1012 ludnm
859 960 888 1011 et
901 955 1093 1028 spectaculum
1108 957 1179 1014 illnd
1200 958 1335 1030 inspicie-

112 1035 228 1089 iul'erinr
240 1030 334 1087 discus
354 1029 469 1098 dicitur,
490 1034 519 1085 et
539 1027 693 1155 alienando
748 1028 827 1096 baut,
842 1035 987 1085 consortes
1010 1028 1124 1084 sceleris
1141 1044 1208 1087 cum
1229 1029 1335 1087 iacien-

105 1121 207 1176 rnappa
220 1120 269 1159 seu
281 1102 405 1158 mensale
414 1102 587 1171 discusappe
600 1100 693 1155 latur:
746 1099 821 1155 tibus
835 1098 953 1156 fiebant.
968 1102 1049 1170 Nam,
1069 1101 1232 1158 secundum
1250 1103 1333 1173 ΟΜ·

105 1177 179 1234 unde
201 1182 228 1232 et
242 1172 375 1231 animalia
392 1173 526 1230 dicuntur
540 1173 624 1228 Petro
642 1187 694 1242 ap·
745 1176 904 1244 sedanam,
921 1172 995 1228 sient
1011 1173 1035 1227 si
1053 1188 1112 1229 nou
1128 1180 1227 1230 esseut
1244 1175 1333 1245 iuspe-

107 1247 231 1319 paruisse
258 1247 287 1303 in
313 1247 401 1315 disco,
427 1242 476 1316 qui
496 1241 525 1300 in
544 1243 692 1314 Apostolo·
747 1248 848 1313 cinnes,
869 1259 926 1300 nou
952 1241 1049 1314 utique
1073 1250 1177 1309 essent,
1196 1244 1250 1317 qui
1270 1246 1332 1302 talia

107 1338 169 1377 rain
193 1317 308 1377 Actibus
332 1320 445 1374 linteam
469 1323 594 1372 roratur.
615 1315 694 1370 Unde
747 1322 929 1382 exercereut;
944 1315 981 1372 ita
996 1316 1152 1398 quissent,
1166 1324 1196 1374 et
1221 1316 1275 1390 ipsi
1292 1332 1332 1375 eu

106 1395 311 1463 Cleipsestomas
325 1409 333 1445 ε
350 1410 363 1441 s
377 1392 443 1446 ilaee
455 1386 560 1470 mulier
569 1387 694 1442 estanti-
747 1403 821 1471 rum.
835 1402 900 1459 quaa
910 1386 990 1451 liunt,
1007 1403 1099 1461 ignem
1107 1387 1153 1470 vel
1165 1389 1330 1471 scandalum

112 1459 693 1599 llll?lllllltltl‘ltlddlltlt
746 1459 1330 1602 {staaldallllilllltlllt

107 1606 172 1662 l'aeil
187 1612 332 1671 terrenos3
352 1604 413 1659 liae
433 1603 589 1682 humanum
604 1616 693 1670 genus
747 1610 863 1674 propter
891 1602 1102 1673 praesidentium
1137 1603 1215 1660 iacta
1242 1605 1329 1661 minus

105 1677 203 1733 mersit
215 1674 244 1729 iu
258 1673 485 1744 internum3haec
500 1677 584 1727 vitam
599 1672 693 1728 ahstu·
744 1676 841 1747 justat
862 1678 994 1746 Misitqac
1008 1675 1225 1746 spiculatorem,
1240 1677 1289 1749 qul
1301 1690 1329 1732 et

108 1750 140 1804 lit
157 1747 275 1816 munde,
290 1752 405 1818 propter
419 1746 502 1801 auius
516 1744 627 1800 arboris
640 1760 691 1815 po·
747 1747 840 1804 allicio
858 1749 990 1819 portabat
1003 1746 1143 1818 spiculum
1157 1762 1216 1819 quo
1234 1762 1328 1819 ampu-

106 1835 199 1888 muni;
219 1820 281 1874 liaec
300 1819 406 1875 malum
431 1818 497 1873 lecit
512 1816 589 1889 quod
603 1816 693 1872 homi·
747 1819 880 1875 abautur
892 1819 986 1891 castita
1000 1818 1223 1887 damnatorum
1241 1824 1269 1876 et
1285 1818 1328 1877 de·

105 1909 155 1950 nes
169 1891 277 1948 inducit
290 1890 326 1947 ad
350 1894 487 1959 mortem3
507 1889 568 1945 haee
584 1888 692 1945 invenit
747 1892 861 1946 collusit
873 1894 1005 1947 loannem
1024 1892 1053 1946 in
1072 1906 1191 1960 earcere,
1212 1891 1327 1959 occulte,

107 1981 205 2022 verum
233 1962 359 2020 laborem
388 1969 416 2020 et
439 1977 608 2033 pressuram,
628 1976 693 2032 quae
747 1978 798 2034 pro
813 1963 928 2019 vitanda
943 1961 1039 2036 populi
1057 1963 1200 2020 seditione
1211 1980 1222 2033 ;
1239 1968 1268 2020 et
1290 1968 1327 2020 ul·

108 2054 184 2093 inune
198 2036 300 2092 oceidit
327 2037 492 2108 Baptistam,
508 2034 606 2108 dejicit
618 2033 695 2104 puri·

105 2112 183 2182 tiam,
201 2108 293 2179 perdit
303 2107 492 2181 juventutem,
506 2107 594 2162 allicit
608 2111 638 2162 et
651 2106 693 2161 in·

107 2183 215 2252 quietat
234 2190 373 2235 mortuam
386 2185 570 2234 senectutem.
586 2196 601 2230 a

143 2272 157 2308 a
174 2254 395 2307 Cincevsrluv‘nm
409 2266 492 2305 nuens
511 2266 690 2305 nscounarnu·

107 2340 160 2378 sis.
175 2352 209 2363 -
223 2325 432 2377 Etcoatn'tntns
448 2326 487 2376 est
498 2336 558 2383 res,
574 2321 689 2376 simula·

110 2395 189 2455 tocie.
205 2407 261 2448 nou
280 2408 357 2461 vere,
374 2400 405 2448 ut
432 2397 528 2463 postea
546 2392 690 2448 videretur

108 2466 223 2536 implere
234 2469 357 2532 coaetus,
372 2464 447 2535 qtiod
458 2464 633 2535 disposuerat
647 2463 688 2520 la·

109 2554 172 2593 cere
188 2537 374 2594 voluntarius,
391 2534 499 2592 Dicitur
511 2552 579 2609 ergo
591 2538 690 2592 contri-

110 2617 209 2680 slotas,
224 2609 252 2665 id
273 2612 315 2664 est
328 2607 435 2664 tristari
455 2610 539 2675 visus,
556 2606 632 2680 quia,
645 2624 689 2665 se-

113 2682 234 2738 eundum
248 2681 362 2746 Bedom,
379 2681 568 2737 dissimulatur
587 2678 690 2737 mentis

110 2770 178 2821 suae,
194 2753 337 2808 tristitiam
362 2751 531 2821 praelerebat
557 2753 586 2807 iu
607 2750 688 2821 l'acie,

105 2839 169 2879 cnm
183 2831 278 2878 maten
292 2823 419 2878 laetitiarn
437 2823 556 2880 haberet
570 2824 599 2878 iu
613 2838 689 2879 meu-

104 2901 145 2957 te;
167 2893 257 2948 scelus
281 2894 434 2949 excusabat
456 2895 627 2964 juramento,
647 2901 688 2969 ut,

102 2966 153 3020 suli
175 2965 321 3021 occasione
339 2964 454 3034 pietatis
472 2965 562 3037 magis
587 2963 690 3037 impius

101 3035 191 3093 lieret.
205 3034 320 3105 Etideu,
334 3051 385 3107 per
396 3035 485 3107 ipsum
499 3036 638 3092 Herodem
653 3039 690 3094 si·

103 3106 275 3180 gnificantar
289 3105 330 3163 illi
343 3109 390 3179 qui
403 3108 456 3163 sub
471 3110 563 3178 specie
576 3110 689 3182 religio·

100 3181 199 3241 sitatis.
208 3179 407 3236 niachiuautur
423 3194 494 3252 opus
503 3179 596 3237 iacere
607 3181 686 3238 mali·

100 3253 230 3322 gnitatis;
243 3267 293 3323 per
306 3251 494 3308 Herodiadem
504 3269 571 3309 vero
581 3253 688 3326 signifi·

746 2036 812 2091 tulit
833 2039 917 2107 eaput
941 2035 1001 2105 ejas
1025 2036 1057 2090 iu
1080 2034 1168 2103 diseo,
1198 2043 1328 2092 cruentas

746 2107 844 2178 epulas
865 2111 894 2162 in
916 2106 1092 2162 luxuriosum
1116 2106 1328 2177 conviviumst

746 2183 802 2233 tam
819 2178 904 2250 digno
917 2177 1026 2235 lerculu
1038 2178 1204 2251 iudignum
1217 2185 1246 2237 et
1257 2179 1328 2235 dedit

744 2249 818 2304 illud
836 2251 946 2322 puella,
961 2251 989 2306 iu
1007 2254 1155 2321 praeratum
1171 2252 1328 2308 saltationis

744 2336 820 2390 snce3
838 2328 864 2377 et
884 2324 980 2393 puelle
1004 2322 1092 2391 dedit,
1115 2322 1145 2377 lu
1162 2322 1326 2393 ludibrium,

743 2395 828 2447 motat·
844 2409 909 2463 saa,
923 2400 956 2449 ut
979 2392 1019 2450 illi
1047 2399 1160 2450 mortuo
1185 2394 1326 2465 illuderet,

744 2464 792 2535 qui
806 2480 888 2521 suurn
903 2467 1040 2522 incestum
1052 2466 1290 2536 reprehenderat,
1301 2472 1327 2523 el

744 2543 776 2591 ut
787 2536 815 2591 in
835 2553 885 2592 sua
900 2542 1036 2608 potestate
1057 2537 1184 2609 liugnam
1199 2537 1326 2602 haberet,

743 2624 807 2680 quae
824 2608 937 2664 illicitas
956 2609 1070 2681 nuptias
1084 2609 1238 2681 arguebat.
1261 2611 1328 2666 Eece

744 2686 867 2753 quatuor
880 2679 1025 2738 crudelia:
1050 2696 1156 2753 magua
1171 2682 1251 2737 enlm
1267 2696 1327 2737 cru·

744 2752 846 2809 delites
859 2753 935 2823 quod
949 2757 1077 2808 sanetum
1089 2758 1227 2822 caputest
1240 2753 1328 2809 decul·

743 2824 844 2893 latum,
864 2824 957 2894 major
971 2823 1047 2894 quod
1061 2824 1182 2880 allatum'
1195 2830 1226 2880 et
1238 2824 1326 2881 humi·

743 2895 849 2952 cidinm
874 2900 1057 2965 ostentatum,
1077 2902 1106 2951 et
1128 2895 1224 2951 adhuc
1240 2896 1328 2967 maior

743 2967 818 3038 quod
839 2966 976 3023 saltatrici
995 2966 1109 3037 datum;
1128 2967 1178 3023 sed
1195 2967 1327 3039 maxima,

743 3037 818 3110 quod
831 3037 860 3094 in
876 3043 1043 3109 potestatem
1053 3039 1191 3095 adulterae
1200 3040 1327 3112 assigua-

741 3114 812 3165 tum.
825 3109 996 3167 convivante
1009 3111 1104 3182 itaque
1120 3110 1244 3180 llerode,
1261 3126 1327 3183 pan·

740 3180 769 3237 lo
783 3187 850 3238 ante
867 3182 967 3238 horam
994 3180 1051 3238 diei
1079 3196 1197 3249 nonam,
1213 3190 1327 3239 sauctus

740 3254 864 3310 loannes
890 3253 1015 3325 Baptista
1044 3260 1088 3310 est
1116 3253 1273 3310 decollatus
1298 3255 1325 3311 in

100 3330 180 3380 eatur
194 3324 320 3393 luxuria;
335 3340 386 3396 per
397 3323 486 3381 illlam
501 3326 685 3395 saltatricem,
740 3324 880 3396 custodia,
895 3325 1044 3382 clamando
1057 3341 1126 3382 voce
1137 3341 1259 3399 magua:
1274 3326 1326 3383 llo

102 3396 247 3452 dissolutio
260 3396 423 3467 libidinosa,
437 3412 489 3469 per
510 3413 581 3469 quas
602 3399 686 3454 loan-
740 3398 818 3454 mine
837 3398 909 3453 Deus
921 3412 1012 3468 meus,
1024 3396 1077 3453 tihi
1087 3398 1258 3454 commendo
1274 3396 1326 3469 spi·

102 3469 156 3538 nis,
166 3468 194 3524 id
205 3474 248 3525 est
256 3468 379 3525 hominis
389 3468 507 3541 gratiosi
520 3470 685 3542 frequenter
739 3469 826 3525 ritum
842 3484 947 3525 meum.
965 3469 999 3524 Et
1017 3469 1110 3525 nudus
1124 3469 1178 3526 suh
1195 3484 1264 3526 aere
1279 3469 1325 3525 ad·

101 3548 268 3608 praesciatur
295 3555 372 3598 mors
394 3540 557 3613 spiritualis,
583 3547 613 3598 et
630 3542 684 3598 ali·
738 3541 854 3597 modum
879 3540 1040 3612 despective
1061 3540 1163 3613 jacuit,
1185 3540 1326 3614 expositus

101 3611 216 3678 quando
242 3609 406 3682 corporalis,
435 3613 494 3668 ilex
513 3628 581 3669 vero
595 3614 685 3669 noluit
739 3612 916 3682 spectaculis,
932 3614 1023 3670 donec
1036 3613 1186 3669 tolleretur
1204 3628 1223 3669 a
1242 3611 1325 3669 disei-

100 3694 160 3734 eum
187 3685 360 3750 contristare,
379 3681 429 3738 sed
450 3688 566 3754 propter
587 3684 684 3754 jasjn·
738 3684 823 3755 pulis.
841 3686 896 3740 Per
907 3684 962 3741 hoe
975 3685 1051 3756 quod
1066 3683 1099 3741 in
1117 3683 1250 3741 convivio
1265 3685 1325 3758 jus·

99 3750 228 3814 randum,
239 3753 314 3822 quod
329 3756 425 3808 tamen
439 3769 497 3810 uon
508 3760 572 3810 erat
584 3755 682 3811 obser·
737 3769 786 3810 sus
801 3756 978 3813 estloannes
996 3755 1142 3823 decollari,
1152 3757 1189 3812 ad
1204 3754 1326 3813 saltatri-

98 3822 220 3877 validum
237 3821 331 3903 :nquia
353 3825 510 3880 secuudum
534 3826 683 3899 letdarum,
738 3824 883 3883 eisetsuae
892 3827 1137 3886 matrisadalterae
1147 3825 1324 3899 petitionem,

100 3908 157 3948 arou
182 3899 226 3950 est
248 3899 440 3964 juramentum
461 3894 682 3969 observandum,
737 3898 907 3969 ostenditur,
934 3899 1012 3972 quod
1035 3900 1126 3957 multa
1144 3898 1223 3957 mala
1242 3898 1324 3969 duat,

100 3964 148 4046 vibi
174 3964 278 4022 malum
298 3966 410 4048 incaute
437 3968 635 4039 promittitur;
654 3974 683 4027 et
738 3975 853 4041 propter
868 3972 1024 4043 crapulam.
1039 3977 1069 4030 et
1081 3971 1238 4029 mulierum
1246 3970 1325 4027 mali·

101 4053 128 4092 iu
148 4038 230 4095 malis
254 4038 409 4110 prom'ssas,
427 4037 617 4098 rescindenda
639 4047 683 4100 est
738 4043 817 4100 tiam.
833 4040 922 4101 Unde
934 4043 964 4100 iu
981 4042 1199 4101 Ecclesiastico:
1221 4046 1323 4103 Vinum

100 4109 179 4167 tides.
207 4110 290 4178 Quasi
310 4108 418 4167 diceret
443 4111 593 4170 Herodes:
618 4114 680 4171 lton
736 4118 762 4170 et
776 4115 1322 4188 muliereaopostutoresuciaotsupt'oe·

98 4189 150 4245 cst,
164 4198 198 4237 eu
217 4180 336 4264 malitia,
356 4181 432 4252 quod
446 4197 498 4255 ego
512 4182 601 4256 facio,
620 4186 681 4257 sed,
736 4191 785 4267 tea.
802 4186 964 4243 Secundum
978 4189 1146 4257 maiatum,
1162 4187 1193 4243 in
1208 4186 1320 4243 llerude

94 4253 680 4386 atatdtlttdllltlda
731 4258 1321 4403 lllltlettlldff‘llltllllltdt
