2880 4942
575 356 614 409 let
641 354 862 411 NUHRORUM.
1288 351 1335 405 dl'l

141 460 265 522 loannis
280 467 311 520 st
320 458 610 520 condescendendam
767 465 783 518 6
798 458 871 528 Quid
882 456 1046 532 significent
1057 457 1102 516 ha
1111 460 1170 516 tres
1177 456 1245 516 civi-

98 572 103 579 -
142 533 248 594 Christi
268 536 499 607 interpretantur.
663 537 698 591 86
783 539 856 590 tetes
871 532 974 604 quibus
991 531 1167 607 improperat
1187 533 1244 588 Do·
1290 599 1293 604 .

126 612 144 677 l
163 609 218 664 Per
234 607 311 680 ipsos
326 608 502 664 detractores
516 605 607 680 slgnl·
783 606 901 663 minus?
1299 605 1333 676 89

140 679 277 737 licentur.
660 683 694 753 87
763 678 945 753 7Scripturae
959 693 1048 736 sacrae
1063 676 1126 735 leus
1143 672 1266 734 etuti·v

120 751 310 810 5Ciritatum
338 749 496 823 Corozaim,
517 752 606 809 Beth·
780 751 856 809 litas.
962 818 967 833 Ι

138 822 228 881 ssidae
247 829 276 882 et
294 825 496 898 capharnaum
509 824 604 883 iucre-
672 863 674 867 -
763 822 1103 884 &ludiciellerocculta

137 894 228 968 patio.
659 900 694 954 86

262 1140 375 1199 CAPUT
392 1137 484 1198 Lvltt.
502 1168 538 1182 ·-
552 1139 588 1198 De
600 1143 753 1199 reversione
766 1140 971 1214 Apostolorum,
987 1156 1019 1196 ac
1033 1138 1162 1196 mistione

347 1216 374 1268 et
386 1213 540 1271 reversione
552 1218 729 1294 septuaptnto
742 1216 857 1273 duorum
872 1213 1082 1288 discipulorum.

121 1423 131 1459 ι
145 1401 273 1476 Apostoli
280 1402 602 1460 revertentesadlesum
757 1409 774 1462 6
789 1403 918 1461 Exsultat
933 1401 1062 1460 christus
1085 1403 1114 1458 et
1133 1397 1240 1473 gratias

135 1492 189 1534 nos
204 1475 308 1532 docent
323 1474 399 1547 quod
418 1481 485 1557 post
496 1475 602 1548 praedi·
774 1475 833 1604 Ἕίι
846 1476 882 1533 de
895 1474 1045 1533 vocatione
1054 1472 1238 1548 parvulorum

134 1548 278 1606 cntionem
302 1547 537 1621 contemplationi
560 1547 602 1605 iu·
773 1565 791 1606 a
825 1547 1006 1621 sapientiam.
1294 1551 1327 1618 95

134 1619 312 1694 dulgeudum
327 1618 373 1676 sit.
655 1643 686 1696 9ι
754 1616 1109 1695 7Curparrntl,credunt,
1125 1616 1239 1690 sapien·

117 1710 132 1748 n
148 1692 255 1750 Electio
274 1690 455 1767 septuaginta
477 1691 601 1750 duorum
774 1699 818 1750 tes
834 1708 971 1750 veronen
986 1688 1131 1750 creduut?
1295 1694 1329 1763 96

132 1763 338 1839 discipulorum
366 1760 414 1836 qui
427 1761 514 1821 etiam
536 1762 598 1822 bini
689 1793 694 1802 ·
756 1768 772 1822 8
790 1766 915 1822 Medium
932 1765 1090 1822 vocationis
1104 1762 1239 1838 parvulo-

134 1837 171 1895 ad
191 1807 404 1919 praedicandum
434 1834 597 1893 mittuntur.
655 1858 688 1910 9²
773 1853 838 1893 rum
853 1836 914 1918 ipse
927 1834 1059 1918 ⁸Christus
1078 1841 1132 1892 est.
1293 1858 1327 1908 97

113 1910 132 1963 3
147 1910 282 1967 Reversio
297 1907 512 1981 discipulorum,
528 1915 601 1979 quos
756 1932 773 1983 9
788 1907 981 1967 Familiarrter
996 1913 1025 1966 et
1038 1921 1138 1965 secure
1162 1918 1241 1964 acce-

134 1986 234 2039 contra
255 1980 419 2056 superbiam
434 1979 599 2052 praemuuit.
654 2001 687 2056 9²
773 1980 899 2037 dendum
914 1983 959 2037 est
980 1982 1017 2040 ed
1031 1984 1141 2050 lesum,
1158 1977 1240 2050 cutus

114 2055 134 2120 d
149 2055 280 2111 Potestas
301 2050 434 2126 ejiciendi
453 2052 600 2110 demones
769 2053 872 2134 jugum
887 2065 984 2111 suave.
1295 2074 1328 2124 97

133 2131 178 2183 est
189 2125 283 2198 gratia
290 2122 379 2198 gratis
388 2124 455 2182 data
465 2120 599 2197 etproin·
740 2146 771 2182 ιο
787 2124 936 2182 Drsceudae
950 2127 987 2184 sb
1008 2122 1071 2199 ipso
1087 2120 1196 2180 milites
1210 2124 1240 2178 et

133 2198 169 2255 de
184 2196 319 2255 omnibus
333 2197 395 2254 dari
406 2200 509 2269 potest.
652 2199 687 2272 93
772 2196 930 2255 humilitas.
1293 2200 1328 2268 98

116 2272 180 2328 5Ex
188 2273 242 2328 hoc
250 2266 311 2327 solo
320 2268 599 2352 gaudendum‚qu0d
740 2291 768 2328 ιι
787 2269 941 2327 Praemium
952 2265 1135 2329 servientium
1145 2264 1239 2327 Domi-

145 2339 490 2415 nominssorrptasintin
504 2339 595 2400 coelis.
652 2347 687 2415 pl
773 2358 822 2415 no,
837 2342 953 2416 requies
967 2341 1082 2401 animae.
1292 2364 1326 2413 99

229 2568 341 2626 CAPUT
355 2562 423 2626 LIX.
437 2598 472 2611 -
486 2570 525 2626 lle
539 2567 648 2629 nomine
660 2571 786 2627 soneteto
800 2573 826 2626 et
837 2570 981 2628 vatnermo
994 2586 1013 2626 a
1028 2567 1192 2626 latronibus.

112 2792 122 2829 r
138 2767 368 2844 Quadrupliciter
389 2767 480 2827 rideri
490 2774 591 2900 potest
768 2776 827 2830 tam
839 2774 1072 2846 pertranseuntes
1087 2768 1233 2844 significe-

129 2840 269 2913 Christus,
279 2847 307 2899 et
322 2858 378 2914 quo
390 2858 476 2899 seusu
510 2847 591 2900 eatos
769 2845 836 2902 tur‘l
1275 2850 1323 2902 roll

127 2912 198 2972 dicit
223 2913 299 2987 illos,
315 2913 363 2988 qui
391 2913 485 2987 ipsum
511 2914 590 2973 ride·
750 2943 765 2994 7
782 2916 855 2985 Quid
872 2932 925 2991 per
938 2914 1149 2976 samaritanum
1168 2931 1232 2974 suc·

127 2991 202 3044 runt.
631 3006 680 3045 100
769 2994 943 3048 currentem.
1274 2994 1322 3059 105

110 3056 223 3129 elegis
260 3057 331 3116 ritus
342 3057 502 3130 interrogat
512 3054 591 3117 Chri·
751 3068 767 3121 8
784 3062 856 3131 Quid
872 3077 924 3134 per
944 3059 1089 3118 stabulum
1110 3063 1141 3120 et
1161 3058 1235 3119 dnos

128 3135 203 3187 stum
216 3074 259 3187 <fg
267 3127 352 3188 modo
364 3127 530 3204 acquirendi
547 3126 590 3187 vl·
768 3133 905 3190 denarios
921 3131 1091 3204 productos?
1273 3140 1322 3204 iol

126 3207 187 3260 tem
202 3207 349 3260 eternam.
627 3218 675 3261 ror
748 3230 765 3281 9
778 3203 894 3277 Mystice
912 3202 1057 3332 peccatori
1071 3198 1233 3275 applicatur

109 3277 125 3330 ὅ
139 3276 318 3347 Praeceptum
334 3269 496 3333 dilectionis
521 3288 591 3349 erga
767 3277 828 3334 traec
845 3288 914 3348 para
935 3272 997 3334 ola?
1271 3282 1319 3345 rol

127 3347 215 3403 Deum
230 3351 259 3404 et
272 3345 444 3420 proximum.
627 3365 674 3405 ror
735 3371 767 3408 ro
781 3347 849 3416 Quis
863 3346 1009 3431 proximus
1028 3344 1146 3404 noster?
1272 3353 1320 3404 105
1406 3346 1410 3353 '

105 3421 123 3484 t
139 3418 280 3476 Parabola
295 3416 467 3478 Samaritani
479 3436 487 3476 z
498 3431 589 3492 genus
734 3444 763 3481 n
778 3419 897 3477 Dilectro
918 3423 1039 3492 utraque
1066 3418 1097 3477 in
1120 3414 1232 3477 Christo

124 3487 283 3549 humanum
298 3504 351 3565 per
364 3491 505 3552 viatorem
519 3490 590 3567 ligu-
766 3485 880 3564 impleri
900 3495 1005 3563 potest,
1023 3490 1090 3566 quis
1113 3492 1190 3548 Deus
1204 3491 1233 3548 et

124 3566 214 3619 ratur.
629 3582 677 3621 ron
766 3561 913 3637 proximus
927 3567 981 3621 est.
1270 3568 1319 3621 105

109 3628 288 3702 souomodo
315 3630 506 3707 despoliatum
534 3630 590 3694 lun
734 3654 764 3694 rs
776 3632 971 3694 Misericordia
985 3628 1232 3695 etonorismntus

123 3706 524 3765 etvulneratuminddamo.
628 3712 677 3767 ιώ
767 3706 902 3782 portatio.
1271 3712 1320 3765 106
1422 3700 1425 3705 ’

105 3778 122 3831 tl
138 3777 212 3848 Quid
222 3791 276 3852 per
288 3780 468 3838 sacerdotem
483 3784 512 3839 et
520 3777 588 3840 leri·
735 3785 766 3840 ιδ
784 3778 951 3839 Exhortmio
968 3775 1007 3839 ed
1021 3772 1180 3840 mnmtem
1271 3802 1319 3853 107

316 4005 431 4063 cnenr
447 4005 502 4063 nx.
517 4032 553 4048 -
565 4008 605 4063 no
613 4008 780 4080 postserra
793 4008 893 4066 narse
905 4007 1088 4078 neantes.

101 4198 187 4257 rcur
201 4212 266 4257 cum
323 4200 484 4260 emtoribus
498 4215 580 4261 man·
766 4202 957 4275 Magustana,
989 4206 1020 4260 et
1053 4201 1122 4275 quid
1158 4217 1229 4276 erga

119 4269 267 4354 duraverit
303 4273 433 4358 hristus?
553 4346 559 4359 Ι
621 4294 670 4350 ¹⁰⁷
763 4274 857 4404 idm
873 4275 980 4359 agit...
1081 4348 1086 4359 .
1267 4280 1316 4334 108
1426 4314 1434 4329 .

103 4343 249 4401 succedit
267 4345 305 4402 ad
325 4347 477 4405 Dominum
490 4349 581 4408 itane
741 4350 760 4406 d
790 4347 1226 4420 edesnommstlanstlagds·
