2880 4942
118 321 165 376 lli
504 316 616 372 lullae
644 314 765 368 PdllTlS
792 315 894 368 carot
922 317 966 369 Lx

118 428 148 486 in
172 442 258 485 omne
286 430 434 500 peccatum
466 420 563 480 aniana
586 436 672 479 mea:
690 442 705 472 p

120 501 182 559 haec
201 497 368 555 Bernartius.

156 594 173 645 9
188 573 307 626 Mrsrrae
322 570 396 624 Deus
415 582 462 622 asa
479 582 645 633 aanenanon,
664 582 707 621 em

120 657 326 699 sarrsraenmno
341 656 421 694 aaran
436 654 579 693 saccaron.
600 667 633 676 —
649 639 706 708 llly-

119 713 189 770 stice
208 714 354 768 fenerator
371 709 424 765 iste
443 711 533 765 Deum
555 706 706 778 significat,

119 784 168 857 qui
186 800 240 865 pro
262 783 344 853 culpa
363 796 477 852 poenam
501 785 529 835 et
551 794 603 849 pro
624 778 707 860 donis

119 861 276 926 gratiarum
296 851 428 908 meritum
450 853 591 908 bonorum
610 855 705 920 exigit.

120 925 268 983 [lebitones
282 923 337 979 dici
353 927 471 994 possunt
486 923 575 978 llaria
591 927 618 977 et
634 922 706 976 Pha-

118 996 229 1065 risaem,
248 1004 385 1067 quantum
405 993 441 1049 ad
461 992 646 1065 propositum,
663 991 706 1048 rel

119 1068 241 1141 populus
250 1065 381 1123 Gentium
392 1070 420 1121 et
429 1064 576 1133 iudaicus,
588 1064 629 1119 vel
661 1079 706 1118 ec-

119 1146 199 1196 cator
216 1138 342 1194 notorius
361 1143 390 1193 et
406 1135 544 1203 occultus,
562 1135 607 1190 vel
622 1079 706 1190 cidri-

120 1225 170 1266 cus
195 1215 223 1266 et
245 1210 357 1265 laicus:
384 1213 413 1264 et
431 1205 472 1262 sic
489 1206 546 1263 duo
565 1205 708 1262 debitores

119 1286 186 1338 sunt
207 1281 263 1337 duo
278 1277 386 1350 populi,
402 1278 445 1335 vel
466 1278 522 1334 duo
538 1282 628 1333 status
642 1293 707 1348 pec·

119 1358 257 1409 catorum.
269 1349 466 1406 Primidebent
476 1347 649 1420 quingentos
658 1347 707 1404 de·

119 1419 709 1493 uarios,quiapluspeccant3secundiquin-

118 1493 265 1566 quaginta,
274 1492 343 1564 quia
353 1492 456 1547 minus.
470 1492 524 1548 Sed
535 1507 591 1547 non
601 1492 707 1546 habent

119 1565 195 1622 unde
210 1564 342 1631 reddant,
361 1562 429 1634 quia
443 1562 540 1618 nullus
553 1560 704 1642 praedicto-

117 1638 280 1706 rumpotest
287 1632 395 1690 absolvi
407 1632 709 1704 propriisuribusabs-

119 1721 174 1777 qne
190 1704 298 1776 gratia3
315 1709 344 1760 et
357 1705 418 1759 ideo
433 1705 517 1759 dorcet
530 1707 666 1773 utrisque,
678 1702 707 1758 id

117 1782 162 1834 est
181 1777 288 1831 donum
307 1777 461 1846 gratuitum
483 1776 542 1842 dat,
558 1790 608 1845 per
631 1775 706 1845 quod

117 1846 159 1905 eis
178 1847 304 1903 debitum
320 1844 437 1901 dimittit
453 1865 462 1901 :
480 1862 536 1901 non
556 1845 632 1901 enim
646 1844 707 1901 siue

117 1919 194 1976 dono
209 1917 257 1974 llei
272 1916 394 1989 gratuito
407 1917 440 1972 lit
452 1917 541 1989 culpae
555 1916 696 1973 remissio,

155 2013 187 2047 ro
201 1991 282 2045 Fines
299 1991 475 2045 Maeuianae
495 2006 658 2058 uunnnaoun
674 2005 706 2043 ar

119 2079 170 2119 rax
186 2079 237 2117 usi
253 2078 380 2116 comam.
397 2092 431 2100 —
451 2062 530 2116 llicit
544 2067 634 2116 autem
650 2062 705 2116 Do·

118 2133 213 2190 minus
226 2134 263 2187 od
276 2135 353 2187 ittam
368 2148 375 2187 :
388 2134 576 2188 demittuntur
588 2133 640 2186 tioi
648 2147 707 2201 pec-

120 2210 192 2265 cota.
210 2203 317 2259 scilicet
334 2218 388 2258 non
409 2202 500 2257 solum
516 2208 655 2271 quantum
671 2201 707 2257 ad

120 2281 232 2331 reatum
254 2280 282 2329 et
305 2273 426 2343 culpam,
445 2273 596 2328 sedetiam
616 2288 707 2343 quan·

118 2349 181 2401 tum
197 2343 233 2399 ad
252 2348 347 2399 reatus
367 2359 495 2414 poenam3
512 2348 540 2399 et
554 2343 607 2399 hoc
626 2344 659 2398 sst
675 2359 708 2399 eu

122 2414 283 2471 vehementi
298 2429 396 2470 amore
410 2414 458 2469 Dei
471 2421 499 2469 et
514 2415 632 2470 horrore
646 2429 709 2485 pec-

123 2485 180 2543 cati
196 2484 344 2558 praeteriti.
361 2486 383 2541 0
403 2484 466 2541 t'etir
485 2484 585 2554 Maria,
606 2485 649 2542 cui
667 2490 709 2541 tot

123 2557 229 2614 dantur
242 2557 374 2613 munerat
391 2557 461 2612 llam
477 2556 569 2629 primo
584 2557 668 2613 datur
683 2556 708 2613 ei

122 2635 304 2702 peccatorum
324 2627 465 2697 remissio,
484 2632 516 2684 ut
530 2627 575 2684 hic
591 2628 707 2697 dicitur3

123 2700 247 2758 secundo
260 2700 292 2755 nt
302 2699 487 2771 spiritualiter
496 2699 644 2756 familiaris
658 2702 710 2756 Do

121 2771 210 2840 mino,
226 2776 258 2827 ut
276 2771 449 2840 insequenti
471 2771 594 2841 capitulo
613 2772 709 2828 subdi·

120 2846 184 2909 tur;
205 2840 288 2897 tertio
309 2840 341 2895 fit
360 2840 385 2896 ei
409 2841 561 2896 [lominica
580 2858 709 2898 resurre-

122 2910 324 2982 ctionisprima
333 2911 484 2982 apparitio,
494 2917 577 2983 prout
589 2912 709 2970 iuliade

120 2981 328 3040 resurrectione
360 2981 472 3038 ltomini
500 2990 643 3040 narratur.
674 2988 711 3040 Et

123 3059 260 3127 oeperunt
276 3055 325 3123 qui
339 3055 424 3108 simut
438 3056 631 3111 occumbebant
646 3072 710 3112 cum

122 3124 252 3186 Domino,
265 3124 355 3179 dicer'e
365 3127 440 3180 iutro
451 3141 489 3188 se,
500 3123 530 3181 in
541 3127 625 3183 corde
637 3143 689 3183 suo
700 3146 707 3184 ε

122 3198 189 3264 Quia
200 3202 240 3251 est
249 3197 293 3251 dic
300 3198 350 3266 qui
357 3198 441 3251 etium
449 3203 562 3267 peccatu
571 3198 709 3254 dimittit?

11 3318 14 3323 .
122 3268 181 3325 lloc
195 3267 338 3336 dicebant,
354 3266 421 3339 quia
437 3268 642 3326 humanitatem
661 3287 708 3327 er·

122 3339 209 3396 terius
228 3345 424 3467 apparentem,
447 3356 510 3412 quae
535 3357 592 3397 non
616 3347 710 3415 potest

121 3416 241 3541 peccata
280 3410 413 3481 imittere,
432 3416 544 3469 tantum
565 3412 707 3471 videbant.

142 3483 176 3539 ed
185 3481 637 3554 Dominus,cogitationeseorum
646 3502 710 3559 par-

121 3553 291 3624 vipendens,
309 3555 385 3610 dieii
402 3557 440 3610 ad
452 3558 593 3612 mulierem
607 3575 614 3613 ε
628 3559 709 3614 Fides

122 3630 181 3684 tuo,
195 3623 276 3704 idest
289 3640 306 3679 a
317 3627 374 3681 Deo
385 3625 435 3682 tini
448 3626 552 3696 inlusa,
564 3634 590 3683 te
602 3631 709 3684 saluom

122 3695 199 3773 feeit,
215 3709 283 3764 quia
296 3694 351 3751 ista
365 3696 437 3751 fides
451 3697 569 3755 caritate
588 3699 710 3755 tormata

123 3763 185 3829 luit,
205 3769 234 3818 et
254 3762 319 3819 ideo
340 3765 493 3823 habentem
515 3768 542 3824 di
565 3784 630 3824 nurn
652 3769 709 3826 vita

122 3837 230 3890 aeterna
254 3833 328 3890 lecit.
352 3836 513 3894 Secundum
537 3786 707 3907 dreporium,

122 3905 196 3987 tides
210 3920 273 3962 eam
286 3904 393 3961 sairam
403 3906 478 3976 lecit,
492 3907 558 3980 quia
569 3910 622 3966 hoc
630 3911 708 3980 ,quod

120 3976 213 4106 pstetitt,
233 3991 316 4049 posse
335 3976 463 4050 accipere
482 3995 539 4035 non
558 3979 706 4038 dubitavit.

142 4064 207 4120 pern
229 4047 305 4106 enim
321 4049 381 4121 jam
402 4048 438 4106 ab
454 4048 502 4106 illo
518 4058 677 4124 acceperat,
692 4069 710 4111 a

122 4136 178 4201 quo
194 4121 314 4177 salutem
325 4122 480 4193 querebat.
496 4124 574 4179 Vada
586 4127 617 4180 ia
629 4142 707 4197 poce,

121 4191 151 4246 ad
168 4195 211 4248 est
225 4192 255 4248 in
268 4191 362 4263 quiete
377 4198 406 4250 et
419 4192 577 4252 cessatione
591 4211 610 4252 a
623 4195 708 4268 vitiis,

124 4277 183 4319 non
196 4261 387 4322 discordando
399 4279 417 4322 a
430 4265 524 4338 gratia
536 4266 577 4325 tui
591 4267 707 4327 amoris.

763 424 794 478 In
807 437 875 494 pace
888 421 931 478 ire
942 420 1115 493 praecipitur,
1126 426 1157 478 nt
1169 421 1198 477 in
1208 421 1350 492 veritatis,

763 492 863 549 itinere
892 499 1064 564 perseveret,
1082 498 1111 549 et
1134 495 1169 549 ab
1195 509 1229 549 eo
1252 492 1283 549 in
1306 495 1352 552 via

764 564 888 620 scandali
909 565 1027 621 ulterius
1046 581 1102 620 non
1118 564 1252 621 declinet.
1270 565 1352 622 Unde

765 637 929 706 Theophilus
955 653 962 691 :
992 658 1006 687 «
1033 637 1186 706 Postquam
1206 642 1302 693 autem
1324 637 1351 694 ei

764 711 879 778 peccata
895 706 1013 774 dimisit,
1034 724 1091 763 non
1111 707 1185 763 sistit
1205 708 1232 763 in
1249 710 1351 768 remis·

763 778 842 835 sione
853 779 971 850 peccati,
984 779 1033 834 sed
1046 777 1144 849 adJirit
1154 779 1351 849 operationem

762 849 840 906 boni.
863 851 942 905 Unde
962 849 1115 906 subditur:
1134 851 1211 905 Vade
1229 855 1259 905 in
1273 868 1351 921 poce,

763 921 791 977 id
807 927 849 976 est
864 920 894 977 in
905 920 1025 992 iustitia.
1040 923 1110 977 Nam
1122 921 1232 991 justitia
1245 929 1288 978 est
1297 938 1351 994 pax

762 991 887 1048 hominis
899 993 936 1048 ad
951 995 1050 1058 Deum,
1064 992 1135 1048 sicut
1147 998 1295 1063 peccatum
1307 999 1351 1056 est

762 1063 910 1119 inimicitia
933 1063 1007 1119 inter
1031 1066 1119 1119 Deum
1142 1071 1170 1119 et
1193 1064 1348 1121 huminem.

763 1134 847 1201 Quasi
869 1134 977 1190 diceret
998 1152 1005 1189 :
1026 1135 1151 1205 Operare
1170 1135 1267 1191 omnia
1287 1152 1350 1205 quae

762 1206 798 1263 ad
812 1221 910 1278 pacem
920 1205 970 1262 Dei
984 1210 1011 1262 te
1025 1205 1132 1262 ducunt
1145 1225 1153 1260 ε
1168 1227 1181 1255 u
1195 1208 1255 1262 haeo
1269 1209 1351 1263 Theo·

761 1281 866 1349 ptitua.
891 1279 922 1333 ln
948 1278 1001 1333 hoc
1024 1293 1091 1348 ergo
1116 1277 1190 1347 quod
1213 1277 1347 1334 dicitur:

765 1351 842 1406 Vade
856 1352 886 1403 iu
902 1365 977 1418 poce,
996 1353 1111 1403 notatur
1128 1348 1202 1419 quod
1219 1347 1281 1420 ipsa
1298 1347 1350 1405 ivit

762 1419 883 1476 sollicite
896 1435 946 1491 per
958 1420 1033 1475 bona
1044 1435 1141 1490 opera,
1155 1426 1183 1474 et
1195 1420 1273 1490 quod
1287 1418 1350 1492 ipsa

762 1489 862 1549 habuit
883 1506 981 1561 pacem
1001 1490 1030 1546 iu
1047 1490 1230 1546 conscientia.
1247 1492 1269 1547 0
1285 1507 1348 1547 rer-

763 1565 829 1619 hum
854 1561 1020 1618 delectabile
1042 1566 1070 1617 et
1089 1562 1188 1618 suavel
1206 1562 1296 1629 Quam
1314 1561 1348 1618 li·

762 1635 865 1690 benter
876 1633 904 1688 id
918 1633 1084 1703 Magdalena
1096 1632 1212 1700 audivit,
1224 1639 1252 1689 et
1264 1648 1347 1704 quam

760 1704 883 1776 jucunde
897 1704 1024 1772 recessit,
1035 1710 1063 1760 et
1094 1706 1197 1760 erlerte
1210 1705 1245 1760 ad
1259 1707 1349 1761 Deum

763 1791 909 1844 conversa,
926 1776 1058 1847 deinceps
1075 1721 1195 1831 ironeste
1211 1782 1239 1830 et
1252 1780 1349 1831 sancte

763 1846 840 1915 vixit,
856 1863 889 1903 ae
907 1845 1028 1902 Domino
1052 1850 1120 1903 lesu
1139 1852 1167 1901 et
1186 1845 1267 1902 Matri
1288 1846 1349 1927 ejus

763 1922 978 1991 perseveranter
992 1917 1128 1974 adhaesitl
1147 1919 1180 1973 Et
1195 1919 1267 1973 bene
1283 1922 1324 1972 art
1340 1934 1346 1972 :

762 1993 873 2061 inpoce,
880 1994 943 2061 post
951 1988 1146 2045 remissionem
1157 1993 1347 2059 peccatorum,

764 2062 832 2142 quia
851 2059 1015 2143 justificatis
1037 2065 1080 2116 est
1105 2076 1168 2131 pax,
1191 2076 1256 2115 cum
1282 2075 1347 2115 con·

763 2138 880 2190 scientia
904 2148 960 2187 non
983 2133 1142 2199 rourordet3
1165 2131 1215 2186 sed
1237 2135 1349 2186 nonest

762 2221 821 2275 pua
832 2207 928 2273 impiis
940 2208 968 2258 et
980 2202 1165 2259 existentibus
1177 2200 1346 2273 inpeccatis.

762 2275 813 2331 llic
829 2275 918 2331 habes
932 2279 1030 2344 aperte
1048 2273 1123 2345 quod
1138 2273 1243 2330 caritas
1259 2272 1347 2328 reior-

763 2353 822 2402 mat
834 2362 932 2416 pacem
940 2345 1110 2401 interlleum
1119 2351 1146 2400 et
1155 2349 1347 2416 peccatorem,

764 2417 838 2474 uude
852 2423 881 2472 et
895 2418 995 2473 beatus
1011 2418 1109 2473 Petrus
1124 2415 1201 2484 dicit,
1218 2415 1292 2486 quod
1306 2431 1349 2471 co·

762 2493 834 2544 ritus
848 2492 936 2560 operit
949 2489 1153 2543 multitudinem
1165 2494 1347 2558 peccatorum,

752 2558 825 2617 'sinc
841 2575 898 2630 qua
912 2560 1038 2632 prolecto
1051 2560 1221 2628 impossibile
1235 2564 1274 2614 eat
1286 2559 1348 2629 pto·

765 2648 822 2688 cere
841 2636 904 2697 lieo,
922 2646 984 2687 cum
1000 2647 1056 2701 qua
1074 2629 1135 2687 siue
1156 2630 1242 2687 dubio
1259 2629 1351 2701 placet

765 2703 950 2830 auicumqum
975 2711 1004 2758 et
1029 2702 1093 2758 ideo
1113 2704 1186 2758 hanc
1209 2699 1350 2773 precipue

785 2775 901 2830 ebemus
920 2777 975 2829 Deo
998 2774 1113 2829 reterre.
1138 2773 1216 2829 Unde
1233 2772 1349 2828 Ambro-

764 2848 821 2901 sim
839 2863 846 2900 ι
864 2865 877 2896 a
891 2842 1029 2911 Quoniam
1043 2844 1112 2900 nihil
1123 2850 1166 2901 est
1179 2844 1254 2913 quod
1266 2842 1349 2914 digne

764 2916 871 2972 reterre
885 2918 942 2971 Deo
954 2931 1115 2986 possumus.
1133 2914 1204 2983 Quid
1220 2913 1295 2971 cuim
1308 2928 1350 2969 re·

765 2988 889 3044 ieramus
903 3003 954 3059 pro
970 2994 1107 3059 susceptae
1121 2987 1215 3043 camis
1228 2983 1350 3056 injuria?

764 3059 834 3126 Quid
850 3074 900 3129 pro
913 3058 1098 3115 verberibus?
1107 3057 1179 3125 Quid
1194 3073 1244 3130 pro
1255 3070 1348 3122 cruce,

763 3128 853 3196 obitu,
869 3128 1032 3200 sepulturat
1047 3132 1095 3187 Vae
1111 3129 1179 3185 milii
1194 3129 1218 3184 si
1234 3142 1290 3184 non
1305 3125 1347 3182 di·

763 3201 868 3257 lerero.
895 3200 993 3257 Audeo
1019 3200 1124 3269 dicere,
1148 3216 1204 3256 non
1225 3196 1349 3255 reddidit

765 3273 876 3339 Petrus,
893 3277 920 3328 et
935 3269 999 3328 ideo
1034 3273 1076 3329 lus
1091 3271 1197 3328 dilexit.
1213 3271 1274 3326 lion
1287 3267 1349 3325 red·

763 3343 836 3401 didit
846 3343 960 3412 Paulus,
971 3359 1001 3399 re
1023 3343 1214 3415 diditqnidem
1228 3343 1348 3397 mortem

762 3432 815 3488 pro
841 3421 947 3483 morte,
974 3415 1023 3471 sed
1050 3415 1106 3472 alia
1132 3430 1189 3470 non
1213 3409 1348 3493 reddidit,

764 3487 831 3559 quia
848 3487 967 3544 multum
987 3487 1118 3545 debebat.
1137 3485 1301 3542 Reddamus
1315 3481 1348 3538 11·

763 3565 808 3616 cet
830 3573 942 3616 crucem
961 3574 1012 3629 pro
1027 3575 1120 3626 crure,
1138 3559 1222 3613 t'unus
1236 3571 1288 3626 pro
1305 3551 1350 3611 su·

763 3646 842 3699 nere,
871 3630 1010 3700 numquid
1036 3629 1193 3696 reddimus,
1222 3625 1289 3697 quia
1318 3639 1350 3681 ex

763 3699 837 3771 ipso,
852 3708 880 3756 et
898 3715 950 3771 per
970 3699 1073 3771 ipsum,
1095 3705 1123 3756 et
1138 3700 1167 3755 in
1184 3699 1245 3770 ipso
1262 3695 1350 3754 habo-

763 3786 828 3826 mus
839 3768 955 3828 omnia?
967 3772 1130 3828 Reddamus
1142 3786 1210 3841 ergo
1223 3780 1351 3825 amoram

763 3856 815 3914 pro
840 3840 946 3909 debito,
970 3843 1117 3900 caritatem
1144 3856 1196 3914 pro
1221 3851 1350 3905 munere,

763 3911 884 3983 gratiam
909 3928 961 3982 pro
987 3929 1037 3970 san
1060 3914 1135 3972 uinis
1156 3911 1259 3985 pretio.
1285 3908 1352 3966 Plus

763 3984 839 4040 enirn
854 3982 955 4055 diligit,
970 3984 1015 4041 cni
1035 3931 1158 4042 donatur
1171 3981 1295 4055 amplius
1311 3997 1319 4038 z
1335 3998 1350 4031 a

763 4056 824 4111 haec
838 4056 1012 4110 Ambrosias.

802 4148 830 4184 ιι
858 4128 887 4182 lu
911 4142 963 4181 noc
984 4143 1108 4185 noceam
1130 4143 1262 4191 nunnoni
1286 4139 1350 4180 assa

762 4213 967 4255 nesranannuu.
981 4229 1016 4239 -
1029 4200 1116 4256 Nemo
1127 4216 1159 4257 er
1179 4198 1350 4269 odcsperot,

762 4284 847 4328 nemo
872 4269 908 4327 de
933 4267 984 4326 Dei
1008 4215 1206 4329 misericordia
1226 4265 1349 4328 dillldat.
