2880 4942
122 341 152 395 ld
499 335 609 390 Pilllldl
636 335 757 392 euntis
783 335 889 390 dicut
917 335 974 388 hil

121 445 343 516 Chrysestumus.
363 440 443 499 Unde
462 445 491 496 et
509 442 714 510 Aupustinus:

125 537 140 573 «
157 519 186 575 si
203 516 379 574 Christianus
395 529 435 579 es,
450 512 507 583 ipse
522 512 573 568 tibi
590 514 714 569 mundus

126 589 260 646 inimicus
274 593 326 643 est.
342 585 449 655 absque
461 583 578 653 privatis
591 582 714 640 iuimici-

125 660 182 715 tiis.
203 662 265 717 Non
287 659 359 712 euim
386 660 426 711 est
450 656 529 711 uobis
556 657 713 713 colluctatio

123 731 256 787 aduersus
284 744 392 784 curnem
418 733 444 783 et
463 728 646 795 scupuiuem;
665 728 713 783 sed

123 802 256 857 aduersus
282 802 423 870 principes
451 803 477 853 et
502 802 663 870 potestates,
687 802 713 854 et

122 887 137 929 s
157 872 289 927 irituulia
308 873 449 940 nequitiae,
463 869 491 925 id
516 876 557 924 est
579 871 713 926 adversus

145 942 269 999 iabulum
294 948 323 996 et
346 942 462 1010 angelos
487 941 563 1012 ejns3
589 939 657 1011 quia
684 945 713 997 et

143 1013 237 1071 nando
248 1014 371 1083 patimur
381 1014 510 1068 homines
522 1012 711 1083 importunos,

121 1029 169 1142 i‘lie
194 1100 243 1140 eos
266 1085 454 1155 instigatum
474 1083 644 1148 inflammat,
665 1083 712 1139 ille

121 1155 712 1228 tamquamvasasuamovet.httendamus

122 1242 192 1299 ergo
211 1226 283 1282 duos
303 1227 407 1295 hostem
424 1242 507 1297 quem
527 1226 665 1294 videmus,
683 1232 712 1282 et

121 1313 208 1370 quem
222 1314 281 1354 non
303 1299 431 1355 videmus
447 1316 453 1354 :
471 1298 615 1353 hominem
635 1298 712 1353 enim

120 1370 260 1437 videmus,
274 1370 418 1425 ‹liabolum
430 1385 487 1425 nun
499 1370 645 1436 videmus;
661 1369 711 1423 be

119 1441 228 1496 minem
254 1441 416 1512 diligamus,
441 1440 585 1495 diabolum
610 1454 709 1495 cavea-

119 1526 197 1579 mus;
224 1526 276 1580 pro
308 1513 422 1566 homine
452 1525 582 1577 oremus,
612 1516 712 1566 contra

119 1580 265 1638 diabolum
277 1598 408 1638 oremus:
422 1601 436 1634 o
451 1582 512 1636 haec
522 1581 708 1652 nepesinus,

119 1652 199 1708 Unde
219 1654 305 1709 etiam
323 1654 427 1724 legitur
442 1654 471 1707 in
487 1653 544 1707 vita
555 1652 644 1707 sancti
656 1652 709 1708 Co-

118 1722 258 1788 lumbam,
275 1724 351 1793 qrriid
376 1739 439 1778 cum
464 1724 523 1849 ipse
549 1738 599 1793 per
623 1738 711 1792 opaca

119 1793 472 1851 saltusinterderiaambu
486 1800 559 1858 aret,
567 1801 596 1849 et
605 1793 711 1850 librum

33 1927 36 1930 ,
120 1866 249 1923 humeris
268 1866 372 1934 tereos,
394 1868 428 1922 de
449 1867 603 1937 Scriptnris
623 1867 711 1922 sacris

118 1951 215 1995 secum
236 1939 403 2009 disputaret.
417 1939 510 1994 subito
529 1938 665 2010 cogitatio
680 1939 710 1994 in

118 2017 245 2071 mentem
262 2013 328 2078 ruit,
344 2011 413 2080 quid
425 2012 553 2082 eligeret,
566 2010 667 2066 melius
680 2011 710 2066 in

119 2081 266 2138 hominum
288 2081 407 2151 injurius
426 2083 562 2152 incidere,
578 2097 614 2138 an
634 2083 709 2138 lera-

119 2166 184 2207 rum
198 2155 336 2208 saevitiam
352 2155 492 2208 sustinere
517 2153 645 2222 Cumque
658 2170 707 2208 ur·

118 2229 200 2293 geret
226 2223 429 2293 cogitationem
454 2222 533 2277 illata
559 2220 707 2290 severitate,

117 2293 220 2348 crebro
236 2294 359 2347 frontem
374 2295 457 2363 signu
472 2293 564 2347 crucis
581 2306 706 2360 armans,

117 2368 203 2434 atque
217 2378 302 2418 orans
318 2363 392 2416 iuter
406 2380 446 2432 sc,
459 2364 519 2419 ait:
535 2362 633 2417 Uelius
646 2365 715 2418 esse

115 2432 294 2490 ferocitatem
316 2433 468 2489 bestiarum
485 2434 592 2503 absque
611 2431 705 2488 alieno

117 2511 245 2576 peccato,
259 2522 344 2575 quam
360 2508 506 2561 hominum
520 2505 629 2561 rabiem
643 2519 703 2560 sus·

116 2576 210 2634 tinere
228 2594 291 2634 cum
314 2579 418 2634 damno
438 2581 610 2634 animarum.
625 2576 705 2631 Unde

117 2647 309 2721 interrogatus
337 2650 452 2719 quoidam
476 2666 493 2706 a
518 2647 704 2719 philosophis,

116 2734 205 2790 quare
224 2722 371 2776 horribilis
391 2722 474 2776 homo
494 2721 609 2791 gravior
630 2724 705 2774 esset

116 2791 154 2860 ei,
170 2805 256 2861 quam
273 2792 401 2861 quolibet
416 2792 536 2862 pondus,
552 2789 649 2845 taliter
664 2789 703 2844 eis

114 2862 293 2930 respondisse
319 2861 408 2917 lemur
431 2883 438 2917 ι
465 2864 568 2930 Homo,
596 2860 701 2931 inquit,

115 2931 260 2987 horribilis
280 2932 390 3002 pondos
406 2937 448 2987 est
468 2931 555 2988 solius
576 2933 700 3000 animae3

113 3001 170 3056 ulia
183 3017 249 3057 vero
272 3005 397 3073 pondera
411 3004 516 3059 animae
532 3008 560 3059 ct
575 3002 705 3074 corporis

113 3077 190 3127 sunt.
202 3073 281 3129 Unde
292 3076 393 3131 Seneca
405 3092 413 3129 :
426 3093 440 3126 o
456 3075 528 3142 Quid
540 3079 583 3130 est
593 3073 704 3129 homini

113 3142 366 3202 inimicissimum?
378 3146 455 3201 hltcr
468 3149 563 3202 home.
576 3165 589 3195 o
607 3146 705 3204 cavete

113 3213 201 3285 igitur
215 3217 250 3271 ab
272 3218 427 3272 bominibus
448 3234 498 3273 vos
517 3217 657 3273 malitiose
677 3220 706 3272 et

113 3285 249 3344 insidiose
259 3290 295 3344 ad
308 3294 456 3361 peccatum
467 3291 581 3345 trahere
592 3288 704 3344 nitenti-

114 3356 176 3423 bus,
184 3374 220 3415 ne
228 3376 277 3415 vos
288 3360 443 3431 decipiant,
455 3377 489 3416 ne
499 3359 703 3422 vcsseducant,

113 3444 151 3485 ne
169 3444 220 3486 vos
242 3431 389 3488 blanditiis
411 3439 440 3489 et
460 3430 703 3503 persuasionibus,

114 3514 152 3556 ne
170 3516 221 3557 vos
239 3505 324 3558 minis
347 3510 377 3560 ct
395 3503 561 3576 flagellis,a
584 3503 707 3559 veritate

115 3568 230 3626 deviare
247 3573 364 3629 iaciunt.
520 3630 523 3639 ,

51 3655 53 3659 ’
148 3641 309 3706 deusrus
333 3647 483 3701 hrosnocrs
499 3661 618 3701 ruruuus
640 3661 707 3700 rnn-

114 3726 275 3767 securiores
293 3731 430 3772 canorem.
445 3747 480 3756 -
498 3716 618 3770 Trudenl
635 3718 708 3770 euim

111 3796 170 3850 uos,
197 3782 321 3852 primum
345 3789 374 3841 iu
401 3788 536 3853 conciliis,
570 3785 599 3840 id
618 3786 708 3840 estin

110 3853 181 3909 iocis
200 3855 328 3924 privatis,
345 3858 393 3912 ubi
416 3858 617 3913 couvenientes
638 3870 708 3910 con-

94 3923 259 3991 ciliantur,
290 3929 369 3997 quasi
400 3927 607 3983 rationabiliter
638 3941 707 3996 epe-

115 4003 227 4066 rentur‚
248 4014 296 4053 vos
316 3999 421 4054 liudem
441 3996 648 4065 conveniendo,
662 3997 706 4053 vel

112 4068 305 4137 prohibendo,
322 4085 356 4124 ne
371 4069 531 4140 praedicetis
544 4069 573 4125 in
592 4067 707 4125 nomine

112 4152 188 4207 mec,
207 4146 233 4196 et
259 4142 361 4197 deiude
382 4145 564 4212 incorrectos,
577 4140 706 4223 puaella-

116 4206 182 4264 buut
197 4226 244 4267 vos
266 4215 296 4267 in
319 4216 469 4286 spoopopis
484 4214 553 4283 suis,
575 4213 605 4268 rd
622 4212 706 4268 estin

117 4277 239 4349 publicis
253 4287 439 4342 conventibus
453 4290 482 4342 et
501 4281 705 4357 congregatio·

81 4594 223 4654 A

760 440 853 509 nibus,
872 438 919 495 ubi
931 441 1113 506 conveniunt,
1129 441 1181 498 sub
1193 441 1288 514 specie
1311 459 1361 500 cu·

759 511 873 583 jusdam
885 511 1001 582 justitiae
1015 520 1043 566 et
1054 513 1211 568 sanctitatis
1219 532 1228 583 3
1244 521 1273 570 et
1294 519 1359 572 tan-

762 582 826 638 dem
846 585 881 638 ad
903 585 1092 654 magistratus,
1108 584 1136 639 id
1152 591 1194 640 est
1207 586 1358 659 principes

761 669 922 724 synagogae,
954 654 1063 711 scilicet
1088 656 1246 725 pontifices,
1265 663 1293 713 et
1319 657 1360 715 ad

759 728 856 795 Reuss,
868 724 895 779 id
913 732 957 780 est
970 727 1005 780 ad
1021 728 1141 796 majores
1161 728 1315 799 principes,
1331 733 1359 786 el

760 798 798 852 ud
818 797 963 860 Praesides,
991 798 1019 852 id
1043 804 1085 852 est
1105 800 1248 869 principes
1267 800 1359 872 majo-

760 884 815 936 res,
840 868 948 924 scilicet
970 870 1174 939 Romanorum,
1202 871 1355 943 ducemini,

760 940 1357 1012 scilicetviolenter‚nciumausuetemtsci·

761 1009 827 1066 licet
843 1011 1112 1067 condemneminiad
1135 1019 1266 1079 mortem,
1299 1012 1357 1070 uod

760 1081 871 1137 nonlice
886 1083 933 1137 bat
946 1082 1060 1149 triduis,
1076 1085 1142 1154 quia
1157 1029 1357 1142 erantsuffiditi

761 1154 912 1219 Romanis3
936 1160 1048 1224 propter
1061 1172 1112 1225 me,
1129 1156 1156 1210 id
1184 1162 1226 1211 est
1241 1155 1358 1212 contes-

760 1225 869 1279 sionem
883 1227 1004 1280 nommo
1014 1227 1067 1280 mei
1083 1243 1164 1282 :ecce
1180 1227 1305 1296 optimus
1315 1227 1355 1282 ti·

761 1296 837 1351 tulus
856 1300 885 1351 et
900 1295 1099 1352 honestissima
1115 1314 1201 1353 causa
1213 1298 1352 1367 patiendi.

761 1366 841 1434 Quia,
860 1375 890 1420 ut
905 1366 973 1421 dicit
988 1369 1073 1436 Beda,
1090 1368 1156 1423 lelix
1172 1370 1287 1439 injuria,
1305 1370 1352 1426 eni

761 1439 835 1492 Deus
846 1439 987 1492 cstcausai
1000 1440 1076 1494 Unde
1092 1447 1119 1494 ct
1131 1443 1350 1509 chrysostomus:

762 1511 849 1563 «Non
870 1509 945 1563 euim
961 1524 1048 1578 parva
1060 1513 1214 1566 consolatio
1229 1517 1271 1568 est
1285 1526 1351 1582 pro·

760 1586 824 1651 pter
843 1579 986 1635 Christum
1005 1581 1073 1650 pati,
1094 1585 1229 1653 quoniam
1247 1599 1305 1638 non
1321 1588 1353 1641 ut

759 1650 910 1720 perniciosi
922 1659 949 1707 et
960 1652 1048 1707 nocivi
1064 1654 1117 1708 huc
1129 1656 1322 1723 patiebantur.
1335 1672 1351 1708 o

758 1723 869 1790 Ethcc,
890 1725 920 1777 in
947 1728 1132 1779 testimouium
1149 1727 1219 1797 illis,
1241 1724 1351 1782 scilicet

758 1794 864 1849 Judaeis
880 1794 914 1849 de
926 1811 1024 1850 eurum
1037 1797 1232 1865 perversitate,
1244 1797 1349 1853 etGen·

758 1865 843 1934 tibus,
860 1866 895 1921 dc
910 1882 1008 1922 earum
1029 1869 1204 1923 correctione
1219 1887 1226 1938 ;
1244 1869 1299 1923 illis
1313 1868 1350 1924 ad

758 1940 1016 2007 accusationem,ct
1027 1940 1205 1995 Gentibusad
1218 1954 1352 2008 compun-

758 2010 882 2064 ctionem
893 2015 921 2064 et
935 2014 1142 2066 correctionem
1155 2029 1161 2079 ;
1177 2010 1206 2065 iu
1219 2012 1350 2066 testime-

757 2082 836 2137 nium
864 2083 968 2150 quippc
992 2082 1157 2137 salvationis
1185 2082 1352 2153 electorum,

757 2159 785 2207 et
815 2153 843 2205 in
871 2154 1066 2205 testimenium
1086 2153 1278 2207 ‹lamnatiouis
1301 2169 1352 2208 rc·

757 2221 922 2303 proborum,
948 2220 1015 2288 qiua
1037 2227 1138 2275 contra
1165 2222 1226 2274 illos
1250 2228 1278 2276 et
1298 2240 1351 2291 pre

756 2291 816 2346 istis
835 2292 930 2344 teretis
949 2293 1154 2346 testimoninm.
1178 2289 1255 2346 Unde
1269 2292 1347 2347 idem

756 2363 982 2429 chrysostomus:
1000 2379 1013 2413 o
1037 2365 1107 2415 ttrite
1122 2365 1211 2431 liegcs
1230 2367 1258 2416 et
1273 2362 1352 2418 Prae-

754 2433 830 2488 sides
853 2430 975 2500 stabitis,
1001 2435 1031 2487 in
1048 2435 1234 2487 testimouium
1250 2435 1309 2488 illis
1325 2439 1352 2491 et

755 2503 898 2569 Gentibus,
916 2511 947 2558 ut
974 2505 1042 2558 dum
1069 2505 1194 2573 Apostoli
1211 2520 1353 2561 accusan-

755 2581 811 2642 tur,
841 2574 907 2628 dum
935 2576 1108 2643 respondent
1134 2578 1162 2630 in
1190 2577 1351 2646 quibusque

754 2645 904 2716 pretoriis,
917 2646 1021 2701 Christi
1044 2650 1150 2702 veritas
1162 2647 1346 2717 predicetur,

754 2718 919 2774 ludaeorum
942 2717 1062 2786 pertidia
1081 2720 1305 2790 demonstretur,
1322 2725 1353 2776 et

755 2786 894 2844 Gentibus
909 2789 943 2841 ad
961 2791 1080 2844 salutem
1100 2790 1281 2845 credentibus
1293 2805 1351 2864 my·

754 2860 872 2914 sterium
885 2860 1035 2915 reveletur.
1050 2863 1106 2914 »nt
1116 2864 1234 2916 iterum:
1249 2881 1263 2911 o
1277 2863 1352 2919 htors
1413 2892 1416 2897 ·

755 2931 859 3001 quippe
870 2930 1011 2999 justorum
1034 2931 1114 2985 bouis
1130 2934 1157 2986 in
1173 2933 1351 3003 adjutorium

755 3007 807 3069 est,
825 3001 906 3055 mulis
924 3003 952 3055 in
973 3001 1189 3075 testimouium
1221 3008 1252 3057 ut
1280 3004 1347 3061 inde

755 3073 879 3144 perversi
911 3073 973 3127 siue
1002 3083 1183 3130 excusatione
1217 3083 1347 3145 pereant,

755 3144 830 3200 uude
864 3143 944 3197 electi
977 3146 1137 3213 exemplum
1163 3146 1289 3215 capiunt,
1318 3153 1352 3202 ut

754 3216 870 3272 vivant:
889 3236 899 3264 ι
923 3215 983 3269 haec
999 3217 1216 3284 chrysostomus

791 3290 807 3342 5
834 3287 886 3343 Suu
898 3303 947 3340 uos
962 3304 1087 3342 annuum
1102 3306 1157 3343 uos
1177 3306 1241 3345 usse
1257 3307 1353 3347 sonm-

755 3375 830 3414 crros
859 3374 894 3412 nn
913 3375 1140 3415 nesrousromeus
1157 3377 1226 3416 runc
1240 3379 1351 3421 rueren-

754 3448 807 3486 nrs.
824 3459 859 3471 —
872 3430 984 3486 Fuluus
996 3447 1064 3501 ergo
1078 3433 1217 3501 adversis,
1232 3440 1263 3488 ut
1277 3450 1351 3505 prae·

755 3503 817 3558 risa
830 3502 922 3556 minus
934 3501 1039 3557 laedant
1049 3503 1089 3557 sic
1106 3519 1123 3558 a
1138 3504 1257 3561 Uornino
1272 3521 1352 3577 prte-

756 3574 848 3640 dictis,
882 3572 949 3642 quia
982 3580 1022 3627 tot
1055 3575 1214 3630 terroribus
1242 3577 1349 3634 auditis

757 3642 884 3712 discipuli
907 3643 1014 3697 turbari
1045 3653 1186 3712 poterant,
1201 3647 1350 3721 subjungit

755 3716 1347 3785 contraterreresconsolationemdiccns:

757 3785 823 3840 Cum
845 3789 935 3837 eutem
951 3782 1083 3841 inducent
1113 3794 1141 3842 et
1166 3789 1276 3845 tradent
1299 3806 1349 3848 ees

755 3855 791 3910 ad
812 3853 933 3926 judices,
961 3856 1129 3914 adducendo
1155 3861 1347 3932 oppositiones

756 3932 926 3995 contrarios,
942 3930 1128 3984 machinando
1147 3937 1179 3986 ut
1200 3946 1245 3987 me
1261 3947 1347 4006 nege·

755 3996 801 4059 tis.
831 3997 916 4051 nolite
938 4001 1058 4065 copitare
1078 4008 1106 4056 et
1136 4003 1251 4058 solliciti
1269 4019 1344 4076 esse,

754 4083 804 4124 vus
823 4082 881 4137 prae
896 4068 1083 4127 sollicitudine
1098 4074 1345 4147 anxiand0,queli·

754 4144 799 4196 ter
822 4143 871 4194 aut
903 4141 1046 4208 quomedo,
1072 4143 1100 4198 id
1125 4151 1167 4200 est
1192 4146 1227 4201 de
1260 4147 1345 4203 mode

753 4210 916 4294 proterendi
932 4215 1024 4281 quoad
1052 4214 1183 4284 sormam,
1199 4223 1249 4274 aut
1263 4217 1334 4289 quid

751 4283 782 4339 1d
810 4288 863 4352 cst,
880 4281 915 4338 de
944 4285 1028 4340 modo
1056 4285 1221 4345 inveniendi
1250 4258 1344 4364 questi
