2880 4942
180 389 222 444 ull
249 392 371 452 UUAEST.
400 390 541 445 totlttls
568 390 741 445 bartlsrs
766 391 785 444 h
813 390 956 445 canisio
983 391 1219 448 cottltliltbltt.
1299 391 1330 448 83

101 503 134 557 ut
147 511 290 572 pauperes
307 494 474 565 voluntarii,
527 495 693 569 ipauperes
746 499 802 552 tur.
820 497 892 553 Nam
912 512 1003 568 usque
1021 498 1058 555 ad
1076 500 1218 556 Joauuem
1233 498 1289 556 Lex
1303 502 1333 556 et

103 569 205 643 spiritu
219 573 297 625 sunt.
314 567 342 624 Si
357 571 452 625 autem
469 583 488 624 a
507 569 564 624 buc
578 567 692 626 dubitas
747 568 899 640 Propheta
913 569 1077 640 figurantet
1089 571 1269 642 promittunt,
1280 568 1332 628 sed

103 656 227 713 reguum
242 639 390 711 consequi,
414 639 487 696 torte
510 644 628 711 propter
640 641 694 699 do·
745 655 779 697 ea
791 646 859 697 tuuc
873 639 1001 697 inantea
1013 641 1134 724 figurata
1146 647 1175 699 et
1189 641 1332 714 promissa

103 713 208 771 lectum
224 711 330 779 meriti,
345 710 389 767 vel
415 710 525 779 auxilii,
548 711 615 768 audi
629 712 693 768 Aa·
745 713 901 769 succedunt
920 712 1013 785 :quia
1030 728 1059 769 in
1075 714 1148 796 Lege
1167 722 1196 771 et
1212 713 1242 770 iu
1258 716 1331 770 Pro·

102 787 248 860 pastinum
262 782 403 866 dicentem
420 781 494 840 tibi:
511 802 525 836 c
541 781 570 865 §i
586 781 694 866 quaeris
745 783 840 911 ghotis
867 781 974 866 veritas
995 784 1031 840 de
1054 785 1167 842 Christo
1189 791 1252 843 erat
1277 785 1331 843 sub

103 855 246 929 quomodo
274 853 350 911 istud
369 858 463 926 potest
488 854 561 923 lien,
588 855 693 926 quibus
768 870 847 926 guris
861 860 890 911 ct
903 855 1110 927 aenigmatibus,
1125 856 1176 914 sed
1190 858 1331 914 aJoauue

104 926 217 985 meritis
231 924 369 998 quibusve
388 924 510 989 auxiliis,
531 925 596 982 audi
612 943 619 981 :
636 927 693 983 Res
746 932 790 984 est
820 926 969 984 manifeste
989 932 1119 997 ostensa;
1139 944 1225 1001 quem
1254 940 1331 985 enim

102 999 161 1057 ista
172 1003 216 1056 est
233 997 328 1070 posita
346 995 376 1052 in
392 1001 533 1068 potestate
549 996 691 1068 facientis,
747 1000 803 1055 Lex
815 1003 844 1055 et
860 999 1009 1071 Prophetae
1023 1004 1172 1056 venturum
1191 999 1331 1073 praedixe-

144 1070 240 1128 oniam
248 1084 362 1138 repausa
373 1070 500 1124 culmum
510 1072 691 1141 olmpctitur.
746 1075 822 1138 rant,
840 1071 967 1127 loannes
990 1072 1102 1128 venisse
1130 1072 1264 1139 ostendit,
1287 1069 1331 1127 di·

101 1086 233 1213 ff'egnum
261 1140 408 1203 coelorum.
439 1155 457 1197 o
487 1141 584 1200 homo.
615 1140 693 1197 aliud
747 1157 839 1198 reus:
858 1144 926 1197 Ecce
947 1143 1046 1211 Apsus
1068 1145 1127 1198 Uet.
1148 1145 1183 1198 Et
1202 1140 1332 1213 quamvis

103 1227 163 1269 nou
187 1210 287 1284 querit
309 1210 444 1283 pretium,
469 1211 525 1268 nisi
549 1210 691 1283 teipsum3
748 1217 813 1285 post
832 1212 971 1269 Joauuem
990 1213 1106 1270 luerunt
1124 1214 1285 1285 Prophetis,
1301 1215 1333 1270 ut

103 1287 214 1341 tantum
228 1282 313 1351 valet,
330 1287 467 1354 quantum
482 1287 539 1351 est3
556 1287 584 1340 te
598 1283 646 1352 da,
664 1288 693 1340 et
745 1285 871 1355 Agabus,
899 1289 929 1339 et
956 1289 1078 1356 quatuor
1102 1284 1170 1341 llliae
1198 1281 1332 1357 Philippi,

101 1353 222 1412 habebis
239 1353 329 1412 illud:
345 1353 412 1425 quid
434 1354 559 1411 turbaris
574 1359 602 1410 te
626 1370 691 1438 pre·
746 1361 915 1412 nontamen
935 1355 972 1412 do
985 1355 1097 1412 Christo
1111 1355 1140 1412 iu
1155 1371 1240 1413 carne
1262 1370 1333 1412 ven·

101 1425 165 1483 tio?
191 1424 321 1482 Christus
348 1425 531 1498 semetipsum
562 1426 690 1496 tradidit,
746 1433 811 1483 tuno
836 1432 902 1482 sunt
920 1426 1075 1495 vaticinati,
1091 1432 1121 1485 ut
1136 1427 1333 1500 praecedentes

100 1502 134 1555 ut
151 1501 180 1554 te
206 1496 367 1567 acquireret
390 1513 507 1569 reguum
528 1500 586 1555 Deo
598 1497 690 1555 Patri:
746 1500 781 1555 de
812 1497 915 1570 quibus
941 1504 1051 1556 tantum
1078 1502 1122 1556 est
1148 1499 1194 1556 hic
1224 1513 1331 1556 sermo.

103 1567 146 1627 ita
161 1569 344 1641 temetipsum
367 1568 415 1637 da,
444 1574 475 1625 ut
505 1568 545 1626 sis
568 1585 691 1641 reguum
746 1569 825 1626 Unde
842 1571 918 1626 Beda
933 1589 941 1625 ι
958 1591 973 1622 c
988 1571 1043 1627 Lex
1063 1575 1093 1628 et
1114 1572 1264 1644 Prophetae
1283 1584 1333 1628 us·

104 1642 178 1715 ejus,
196 1647 227 1697 ut
242 1657 300 1698 uon
314 1645 415 1712 regnet
435 1646 583 1713 peccatum
598 1641 692 1698 intuo
746 1658 802 1714 que
827 1642 864 1697 ad
895 1643 1047 1711 loannem,
1082 1643 1131 1699 uia
1159 1659 1215 1699 nou
1239 1640 1333 1714 potuit

101 1712 217 1795 mortali
231 1726 360 1794 corpore,
382 1711 433 1769 sed
447 1711 575 1795 Christus
598 1712 629 1769 in
643 1728 691 1769 ac·
746 1713 822 1795 ultra
836 1718 986 1795 venturum
1000 1729 1019 1786 p
1063 1658 1177 1784 (hetari,
1191 1714 1266 1786 quod
1281 1714 1330 1770 Jo-

101 1789 286 1857 quisitionem
300 1789 379 1840 vllae.
392 1804 407 1834 u
425 1785 460 1840 Et
473 1788 595 1841 iterum:
612 1785 693 1841 «Ve-
747 1800 832 1841 annis
856 1800 1000 1856 praecomo
1026 1786 1087 1856 jain
1111 1784 1223 1842 venisse
1244 1784 1332 1842 clare·

102 1855 169 1913 nale
182 1856 287 1924 babeo,
302 1855 381 1926 quid,
395 1854 537 1912 Domine?
550 1857 691 1927 Regnum.
746 1855 806 1911 bat.
824 1875 839 1907 u
863 1856 941 1912 Unde
963 1860 992 1911 et
1010 1856 1204 1925 Augustinus:
1221 1874 1236 1908 o
1256 1858 1333 1911 luter
1354 1886 1357 1891 ·

100 1926 308 1995 Quoemittur?
321 1929 490 1999 Paupertate
503 1942 633 1998 reguum,
644 1926 694 1982 do-
748 1941 850 1982 omues
868 1925 979 1982 divinas
993 1927 1188 1995 auctoritates,
1205 1928 1333 1996 Evange-

99 1998 315 2071 loregaudium,
328 1998 425 2055 labore
438 1997 563 2068 requies,
573 1996 694 2069 ignomi·
748 1996 817 2053 lium
831 1996 934 2053 merito
948 1996 1070 2053 excellit.
1085 1997 1165 2064 Quod
1186 1995 1263 2052 enim
1279 1997 1333 2052 bea

99 2070 152 2128 nia
168 2069 270 2142 gloria,
288 2074 381 2125 morte
393 2068 451 2125 vita
466 2088 475 2123 ε
491 2088 506 2119 u
519 2070 580 2125 baec
593 2070 693 2137 Aepu-
748 2074 778 2124 et
804 2069 953 2139 Propheta
974 2069 1099 2124 futurum
1125 2066 1332 2140 praenuntiave-

100 2144 202 2199 stinus.
219 2142 299 2198 Unde
319 2146 347 2197 et
361 2142 568 2209 chrysostomus
584 2157 591 2195 ε
610 2162 624 2191 a
640 2139 692 2208 Qui
748 2145 826 2205 runt,
854 2140 908 2195 hoc
935 2139 1077 2196 redditum
1102 2146 1187 2212 atque
1209 2155 1270 2195 conr
1293 2138 1334 2195 le·

100 2212 225 2285 seipsum
234 2211 352 2269 donavit
363 2211 537 2282 bominibus,
549 2213 691 2282 quomodo
720 2210 724 2319 q
747 2217 808 2268 tum
823 2209 852 2267 in
868 2211 1019 2283 Evangelio
1036 2211 1256 2269 demonstratur.
1272 2154 1334 2267 Bou

99 2284 183 2355 regni
194 2284 238 2341 sui
249 2282 413 2340 societatem
424 2300 482 2340 non
495 2283 593 2340 dabit?
605 2303 619 2337 o
630 2285 693 2340 haee
747 2284 932 2340 observamus
944 2290 1206 2356 sacramentaque
1221 2285 1249 2339 in
1259 2285 1334 2366 Lege

99 2357 317 2427 chrysostomos.
338 2354 429 2483 Igitur
443 2371 501 2411 non
515 2371 607 2424 cures,
623 2355 691 2427 quid
746 2361 774 2411 et
804 2355 953 2427 Prophetis
979 2362 1123 2438 praecepta
1151 2362 1235 2425 sunt,
1266 2368 1334 2427 quia

100 2426 148 2484 vel
161 2432 347 2500 quantummo
368 2444 386 2483 o
405 2426 508 2483 coelum
524 2431 645 2496 constet;
662 2431 692 2484 et
744 2431 853 2483 mutata
867 2433 933 2484 suut
954 2427 1168 2501 :intelligamus
1184 2442 1253 2499 ergo
1270 2439 1335 2498 quas

98 2497 169 2571 quid
176 2498 364 2570 velquautum
373 2500 408 2555 de
417 2497 575 2555 commodis
586 2514 635 2555 seu
644 2498 690 2555 lu-
744 2497 783 2554 ibi
806 2498 942 2569 praedicta
960 2505 1036 2568 suut,
1056 2506 1085 2556 et
1103 2505 1251 2556 teneamus
1269 2512 1334 2568 quie

100 2569 158 2626 ciis
166 2569 371 2642 temporalibus
381 2570 561 2642 perdas3aut
570 2569 637 2640 quid
646 2569 691 2626 vel
745 2568 784 2626 ibi
798 2569 937 2640 promissa
947 2575 1024 2625 sunt.
1038 2590 1054 2620 r
1066 2570 1146 2650 Unde
1157 2569 1242 2649 etiam
1251 2570 1336 2650 plep-

101 2645 243 2714 quantum
258 2641 294 2698 de
310 2640 498 2698 incommodis
514 2657 563 2697 seu
579 2640 692 2697 damnis
746 2646 879 2696 sostomus
894 2659 904 2694 ε
921 2659 934 2693 a
953 2642 1028 2711 Ergo
1045 2639 1111 2695 linis
1124 2654 1334 2712 promissionis,

97 2716 157 2769 tem
178 2712 304 2769 oralibus
333 2712 487 2782 sustineas,
513 2716 546 2769 ut
570 2727 692 2784 reguum
745 2714 872 2768 loannes
891 2715 943 2767 est.
964 2711 991 2768 Sl
1012 2716 1109 2768 autem
1127 2710 1196 2767 linis
1214 2709 1336 2782 promis·

99 2728 181 2852 ulad),
195 2784 300 2855 dequo
313 2789 370 2841 tam
386 2783 511 2855 gloriosa
524 2783 690 2856 dictasunt,
746 2782 835 2864 sionis
849 2785 975 2865 loannes
992 2788 1046 2851 est,
1062 2788 1091 2840 et
1114 2782 1227 2839 initium
1246 2780 1336 2840 beati-

102 2855 199 2926 rapias
214 2861 243 2912 et
260 2855 417 2928 possideas.
745 2854 919 2926 tudinisipse
927 2861 979 2912 est.
988 2857 1179 2928 Quacumque
1187 2856 1262 2912 euim
1272 2868 1335 2926 pro-

140 2932 172 2984 ιδ
195 2930 319 2986 Joauuss
337 2944 434 2985 usurus
461 2944 523 2984 surr
540 2944 621 2984 innan
644 2945 693 2983 vn·
746 2926 1013 2984 missasuntseculo
1028 2929 1085 2997 isti,
1099 2928 1236 3000 usquead
1249 2929 1335 2983 Joau·

101 3017 191 3057 rsasu
222 3018 254 3055 ur
284 3017 376 3055 novas
398 3016 495 3055 seusu.
516 3031 552 3041 —
581 2999 688 3056 Deinde
744 2999 1218 3081 nemBaptistampromissasuut.
1233 3002 1270 3054 Ex
1286 2997 1333 3055 illo

103 3070 237 3129 subditur
258 3088 264 3127 :
284 3072 381 3129 Omnes
403 3074 474 3127 enim
502 3074 645 3143 Prophetae
664 3075 690 3127 et
743 3076 840 3126 autem
857 3086 917 3142 jam
933 3087 990 3127 uon
1005 3071 1210 3144 promittuntur
1226 3072 1333 3138 lutura,

101 3146 171 3208 Les,
188 3159 252 3214 quae
271 3148 354 3199 erant
375 3143 411 3199 de
430 3142 541 3200 Christo
556 3149 687 3210 veuturo,
744 3141 794 3197 sed
813 3157 857 3205 ea,
882 3158 944 3212 quae
964 3143 1032 3199 olim
1054 3143 1196 3215 promissa
1221 3142 1335 3197 fueraut

102 3214 289 3282 duraverunt,
311 3218 340 3270 et
356 3216 589 3285 prophetaverant
602 3230 689 3283 usque
744 3212 945 3292 adimplentur.
957 3215 1053 3284 Usque
1067 3214 1178 3270 adeum
1191 3212 1243 3266 luit
1257 3226 1333 3337 ssses'

102 3287 143 3343 ed
154 3288 295 3352 Joorrncm,
313 3285 399 3341 idest
420 3301 510 3356 usque
528 3285 566 3341 ad
580 3290 690 3355 tempus
745 3299 777 3338 ex
798 3283 845 3338 illo
860 3288 955 3338 autem
975 3283 1061 3354 coepit
1074 3298 1138 3340 esse
1152 3297 1199 3337 res
1217 3298 1223 3336 :
1241 3303 1255 3330 »
1293 3296 1334 3337 aec

102 3356 224 3415 loannis
238 3362 267 3413 et
280 3355 367 3413 etiam
382 3355 486 3414 Christi
501 3373 508 3412 :
526 3355 592 3425 quia
608 3354 689 3412 Chri·
745 3355 964 3421 chrysostomus.

103 3432 169 3486 stus
187 3433 216 3485 et
233 3430 358 3486 Joanues
376 3428 493 3482 luerunt
517 3426 597 3497 quasi
622 3441 690 3480 sou·
784 3429 814 3490 rt
828 3426 944 3480 Joauurs
956 3439 1024 3479 saus
1038 3442 1071 3480 ur
1085 3439 1233 3479 audeonus.
1248 3453 1281 3464 -
1294 3424 1335 3479 Ue

103 3500 335 3571 temporanei,ex
347 3499 499 3554 tuuceuim
509 3500 691 3553 cessaverunt
746 3494 996 3551 commendatione
1022 3495 1109 3552 etiam
1135 3493 1264 3563 loannis,
1293 3492 1334 3551 sic

104 3570 210 3643 legalia
246 3577 274 3628 et
301 3569 477 3644 prophetica.
506 3567 558 3625 Ubi
585 3567 690 3624 Christi
747 3564 817 3621 dicit
831 3567 990 3622 Bmordus
1009 3585 1018 3621 ε
1039 3586 1053 3621 o
1079 3569 1205 3623 loannes
1229 3566 1333 3640 ubique

104 3644 218 3715 tempus
236 3642 406 3710 ostenditur,
422 3646 452 3698 ut
466 3655 551 3713 quem
569 3639 608 3695 illi
627 3655 692 3696 veu·
748 3638 851 3708 major,
867 3639 896 3695 in
912 3637 1044 3696 omnibus
1063 3637 1227 3722 singularis,
1245 3638 1334 3696 mira·

103 3717 201 3772 turum
215 3730 278 3771 esse
290 3715 434 3783 dixerunt,
443 3715 570 3771 loannes
580 3712 690 3769 venisse
746 3710 812 3767 bilis
833 3727 919 3782 super
938 3726 1048 3768 omnes.
1063 3714 1133 3780 Quis
1152 3710 1193 3769 sie
1209 3711 1334 3785 gloriose

105 3786 287 3853 ostenderet;
313 3802 371 3841 uon
395 3786 470 3857 quod
495 3790 564 3841 tunc
587 3786 641 3841 Lex
661 3790 690 3842 et
746 3783 930 3840 annuntiatus
951 3783 1014 3841 est?
1032 3783 1101 3852 Quis
1117 3782 1157 3840 sic
1172 3784 1335 3857 specialiter

105 3856 258 3930 prophetia
272 3856 378 3913 luerint
392 3856 559 3925 annihilata,
571 3856 629 3913 imo
641 3856 692 3912 im·
745 3853 775 3909 in
804 3855 905 3912 matris
935 3863 1027 3925 utero,
1044 3855 1152 3929 Spiritu
1172 3857 1279 3912 Sancto
1296 3854 1335 3910 le·

105 3928 194 4000 pleta,
210 3934 239 3984 et
257 3928 433 4001 imperfectio
451 3928 563 3984 illarum
579 3934 688 3985 amota:
719 3931 723 4051 ι
746 3924 822 4006 gitur
850 3927 938 3984 luisse
963 3926 1111 3999 repletus?
1131 3929 1220 3994 Quem
1240 3921 1334 3996 legisti

106 3999 175 4071 quia
188 4016 222 4056 ex
236 4005 303 4056 tune
321 3998 471 4072 praedicari
491 3998 577 4070 coepit
596 4000 690 4070 perle-
720 4062 722 4068 ¹
746 4004 822 4054 iutra
841 3999 941 4055 matris
957 4006 1069 4056 uterum
1091 3998 1268 4054 exsultasset
1281 3996 1334 4050 Cu·

106 4069 165 4128 ctio
178 4071 357 4142 Evaugielica.
379 4074 421 4128 lta
435 4073 560 4127 loannes
578 4069 691 4126 initium
747 4072 791 4127 'us
810 4070 986 4127 nativitatem
1001 4068 1096 4125 vidisti
1115 4066 1272 4122 Ecclesiam
1287 4080 1333 4121 ce·

105 4145 151 4199 est
176 4142 321 4213 Evangelii
343 4148 372 4198 et
399 4143 539 4198 terminus
560 4140 642 4212 Legis
663 4146 691 4196 et
757 4142 877 4199 ebrare‘l
891 4140 960 4207 Quis
975 4141 1015 4195 sie
1032 4153 1103 4211 puer
1126 4151 1253 4193 eremum
1269 4150 1333 4192 eon·

105 4213 323 4295 Prophetarum.
341 4215 396 4270 Lex
416 4213 491 4269 euim
512 4218 541 4269 et
565 4212 690 4284 prophe·
718 4234 722 4291 q
746 4211 871 4284 cupivit?
893 4212 961 4278 Quis
981 4205 1204 4290 itausublimuiter
1221 4205 1334 4291 'legitur

103 4283 145 4340 tia
165 4282 204 4340 ibi
224 4284 337 4353 liniunt,
350 4283 398 4341 ubi
419 4283 447 4339 ld
466 4283 541 4356 quod
560 4283 691 4354 praetlgu·
718 4296 722 4333 ῑ
746 4282 957 4341 conversatus?
984 4281 1051 4346 Quis
1078 4283 1275 4350 poenirentiam
1304 4283 1334 4336 et

103 4360 278 4413 ravcrautet
291 4355 542 4428 prophetaverant,
555 4353 691 4426 adimple·
717 4376 721 4429 q
745 4368 867 4426 reguum
895 4351 1034 4408 coelorum
1057 4349 1167 4424 primus
1185 4350 1333 4409 ostendit?
