2880 4942
384 351 424 406 bs
452 350 633 406 PATIENTIA
660 352 693 406 ll
718 353 886 409 inlausts
916 355 1087 409 biberint.
1312 366 1344 421 ⁴9

105 459 268 525 meierum.
288 458 482 530 respondeatis
510 455 694 532 interrogan-

102 535 192 601 tibus,
208 534 252 589 vel
267 533 421 603 loquamini
443 532 551 587 discere
574 532 693 587 volenti·

104 606 172 674 bns;
199 605 314 661 dubitur
338 603 521 666 enimvobis,
549 602 694 660 sciliceta

104 678 190 736 Patre
201 678 352 740 luminum,
369 677 399 730 iu
417 677 469 730 illa
492 676 570 743 hora,
588 674 693 731 scilicet

103 749 143 807 sd
166 747 398 820 respondendum
423 752 592 818 opportuna,
626 747 695 817 quid

103 822 270 893 loquamini,
295 819 323 875 id
349 826 391 874 est
416 822 445 874 et
468 817 635 886 sapientiam
665 820 695 874 in

102 896 210 956 mente,
231 898 260 948 et
285 891 479 962 eloquentiam
499 889 528 945 in
553 906 613 946 ore.
634 891 695 946 Non

102 962 258 1022 confidatis
285 963 320 1019 de
345 960 569 1018 scientiavestra
585 967 613 1017 et
637 964 696 1018 elo·

102 1037 233 1109 quentia,
249 1034 299 1090 sed
322 1034 356 1089 de
383 1032 479 1089 divina
497 1033 695 1158 (providentia,

102 1108 174 1180 quia
200 1107 320 1178 Spiritus
345 1106 464 1162 Sanctus
519 1105 613 1159 oeebit
646 1121 696 1160 vos

103 1182 189 1247 tune,
202 1184 231 1234 et
244 1177 304 1233 sine
330 1176 575 1248 praemeditatione
590 1182 696 1244 vestra,

105 1249 180 1323 quid
194 1250 221 1304 lo
243 1250 268 1304 ui
283 1255 422 1319 oporteat.
438 1250 499 1307 Non
513 1250 585 1302 euim
596 1264 643 1303 vos
660 1264 698 1303 es-

106 1323 149 1379 tls
162 1323 213 1392 qui
251 1323 380 1391 quimini‚
396 1319 425 1374 id
443 1327 496 1387 est,
515 1335 573 1375 non
590 1336 622 1374 ex
637 1319 697 1375 solo

103 1392 224 1466 ingenio
246 1398 340 1448 vestro
365 1392 521 1459 procedunt
544 1392 632 1447 rerba
649 1408 697 1447 ve·

101 1468 176 1535 stra,
191 1463 239 1519 sed
257 1480 289 1519 ex
309 1462 430 1534 Spiritus
442 1465 555 1534 gralia:
575 1465 697 1527 Spiritus

102 1535 182 1594 enim
195 1538 288 1592 Patris
301 1537 387 1591 vestri
402 1540 447 1590 est
467 1538 517 1605 qui
531 1536 654 1605 loquitur
667 1538 699 1590 in

102 1608 195 1675 codis,
212 1613 243 1663 ut
257 1606 286 1662 in
301 1606 429 1679 organis;
446 1606 512 1677 quia
526 1605 597 1662 sicut
613 1622 696 1677 orga-

104 1694 146 1737 na
160 1680 276 1735 mittunt
301 1678 524 1734 modulationem
538 1678 573 1733 ad
590 1684 697 1734 motum

105 1751 305 1822 temperantis,
318 1751 358 1805 sic
377 1749 481 1805 bonnm
497 1750 573 1821 quod
594 1752 697 1820 praeili-

106 1828 188 1880 calor
207 1822 342 1892 loquitur,
362 1821 397 1876 ad
414 1822 590 1876 voluntatem
608 1821 698 1876 Patris

106 1893 283 1965 inspirantis.
305 1893 357 1950 Per
382 1892 436 1948 boc
451 1899 557 1957 autem,
579 1898 609 1946 ut
631 1891 698 1947 dicit

106 1965 327 2034 chrysostomus,
347 1964 383 2020 ad
412 1966 618 2033 Prophetarum
649 1979 698 2018 eos

105 2036 276 2110 dignitatem
304 2035 427 2101 redusit,
447 2035 496 2105 qui
520 2036 628 2089 scilieet
649 2036 699 2088 liei

105 2109 219 2181 Spiritu
232 2112 297 2163 sunt
316 2109 408 2163 locuti.
427 2108 505 2163 Unde
527 2107 698 2174 Greyorius:

107 2198 124 2233 a
140 2182 180 2235 lie
195 2180 218 2235 si
238 2180 372 2235 membris
400 2179 458 2234 suis
488 2179 700 2233 infirmantibus

106 2251 185 2309 dicat
205 2269 214 2305 a
233 2252 324 2306 Nolite
343 2251 554 2320 pertimescere,
584 2265 633 2304 vos
662 2248 698 2303 ad

106 2320 696 2392 certamenaceeniiisseilegopraeliabor3

106 2409 157 2450 sos
171 2393 258 2450 verba
276 2393 368 2458 editis,
380 2393 428 2449 sed
444 2408 496 2464 ego
511 2409 573 2448 snm
589 2394 637 2463 qni
654 2393 696 2448 lo·

106 2480 189 2538 qnor.
204 2485 218 2515 »
235 2462 310 2521 lline
325 2465 428 2520 l‘aulus
441 2467 481 2520 ait
497 2482 503 2521 :
520 2466 566 2520 An
585 2466 698 2533 ceperi-

104 2542 227 2595 uentum
240 2539 365 2606 quaeritis
378 2535 438 2605 ejus
453 2538 502 2606 qui
514 2538 543 2590 iu
555 2552 597 2590 me
611 2538 700 2605 loqui·

107 2613 156 2666 tur
172 2609 323 2666 Christus?
337 2609 434 2664 Securi
450 2623 518 2679 ergo
533 2605 612 2662 ibant
622 2621 696 2678 quo·

105 2695 231 2750 cumque
260 2679 448 2735 ducebantur.
472 2680 593 2735 Securus
620 2679 695 2732 cuim

105 2751 144 2810 ad
166 2750 298 2821 pralium
323 2749 412 2818 radit,
430 2752 479 2822 qni
495 2751 596 2805 talibus
611 2750 697 2805 armis

106 2829 137 2881 et
148 2823 200 2878 sub
214 2823 263 2878 tali
287 2823 414 2892 principe
434 2828 558 2893 pugnat;
578 2837 697 2877 securus

106 2895 144 2952 ad
158 2894 311 2950 concilium
329 2894 430 2965 pergit,
447 2892 495 2964 qui
509 2893 557 2947 tali
571 2895 698 2962 prolocu-

106 2969 170 3023 tore
186 2981 302 3021 causam
315 2981 394 3021 suam
412 2965 547 3019 (telendit.
566 2964 643 3020 Unde
657 2965 698 3020 ait

107 3037 339 3107 chrysostomus:
354 3054 368 3088 a
385 3036 451 3093 Cura
473 3042 564 3091 autem
588 3037 698 3091 tradent

107 3124 166 3176 ros,
180 3111 266 3164 nolite
279 3109 393 3163 solliciti
415 3124 471 3163 esse
493 3109 625 3178 quomodo
648 3115 698 3164 aut

107 3181 180 3308 ium
194 3182 367 3250 loquumiui;
384 3195 447 3235 mea
460 3184 502 3234 est
512 3182 587 3235 enim
602 3196 696 3235 eausa.

121 3252 176 3308 deo
193 3265 242 3307 vos
262 3251 334 3307 mibi
347 3252 544 3307 tantummodo
565 3267 699 3320 personas

107 3328 251 3394 praestate,
269 3331 366 3394 elego
384 3323 463 3379 robis
477 3338 608 3391 seusum3
633 3338 699 3378 iiam

106 3396 260 3452 sollicitum
274 3409 333 3450 csse
349 3401 415 3450 ante
426 3396 565 3466 judicium
587 3409 644 3447 sion
659 3400 701 3448 est

105 3468 280 3539 praeparatio
296 3464 348 3535 rei,
363 3468 413 3521 sed
433 3466 527 3536 polius
542 3465 700 3533 desperatio

106 3538 146 3595 de
166 3538 233 3593 er.
253 3536 341 3593 Sinite
361 3553 430 3610 crgo
450 3537 527 3592 utin
547 3550 633 3590 eausa
651 3552 702 3591 sua

106 3610 185 3666 Deus
197 3607 331 3679 loquatur
348 3624 398 3679 pro
418 3607 506 3677 vobis,
525 3607 574 3678 qui
593 3609 700 3663 consci-

108 3680 218 3738 entiam
245 3680 447 3751 interrogantis
474 3680 612 3751 agnoseit.
641 3682 701 3736 Non

107 3753 186 3809 enim
203 3756 246 3806 est
274 3752 405 3821 possibile
418 3757 451 3807 ut
463 3767 512 3807 rex
531 3753 580 3823 qui
598 3751 702 3807 milites

107 3838 175 3880 suos
190 3823 278 3878 mittit
290 3824 326 3878 ad
339 3823 455 3888 bellum,
472 3839 530 3879 non
545 3831 658 3893 praestet
671 3823 702 3878 il·

108 3895 145 3952 lis
166 3909 248 3950 arina
259 3895 410 3950 adversum
425 3894 544 3951 hostem.
561 3894 614 3962 Qui
634 3910 702 3967 crgo

109 3966 250 4024 sollicitus
278 3971 320 4021 est
348 3967 417 4036 quid
444 3966 587 4037 loquatur,
603 3969 631 4022 in
651 3983 703 4023 sua

108 4036 252 4119 sapientia
265 4041 369 4107 sperat,
384 4053 448 4108 quae
459 4044 501 4093 cst
513 4041 603 4109 prima
619 4052 705 4094 causa

109 4124 216 4167 ruinas.
230 4110 300 4165 Nam
316 4109 346 4163 in
362 4111 602 4179 persecutionibus
616 4112 704 4166 virtus

110 4182 162 4239 Dei
186 4196 244 4236 non
269 4181 436 4251 requiritur,
458 4182 510 4236 nisi
531 4180 706 4252 praeeesserit

110 4252 219 4309 fides.»
239 4253 319 4308 Unde
334 4258 362 4307 et
375 4254 559 4325 Hieronymus
579 4273 588 4310 c
605 4274 619 4307 u
635 4255 706 4310 Cum

109 4340 192 4400 ergo,
217 4327 332 4394 propter
356 4322 508 4393 Christum,
527 4327 658 4383 ducimur
670 4324 707 4381 ad

173 4421 240 4477 Vtra
255 4422 318 4474 issu
334 4421 546 4485 estimandum
564 4424 597 4474 Il.

746 460 865 532 judiees,
892 462 1066 519 voluntatem
1083 471 1195 523 tantum
1212 477 1340 529 nostram

750 549 801 614 pro
815 533 925 589 Christo
936 534 1070 591 debemus
1078 536 1190 595 ullerre.
1208 543 1341 600 Ceterum

749 605 963 675 ipserristus,
980 606 1028 677 qui
1054 608 1082 663 in
1111 611 1194 667 nobis
1220 614 1341 685 babital,

749 675 882 746 loquetur
897 693 947 747 pro
962 693 1001 741 se.
1020 686 1049 734 et
1066 681 1185 747 Spiritus
1201 686 1296 742 Sancti
1312 686 1343 743 in

751 749 948 818 respondendo
966 749 1059 819 gratia
1079 754 1307 814 ministrabitur:
1324 779 1340 809 n

751 821 812 876 baec
825 823 1016 890 Hieronymus.
1035 824 1087 878 Per
1102 826 1154 879 lioe
1170 834 1265 883 tamen
1283 844 1341 886 non

752 891 873 947 intendit
895 893 1044 948 excludere
1066 895 1277 955 meditationem
1296 916 1342 958 rc·

751 964 920 1033 spondendi,
937 970 965 1019 et
978 965 1052 1020 viam
1068 969 1232 1036 providendi
1245 972 1280 1026 de
1297 989 1342 1030 re-

751 1035 936 1105 sponsionc,si
955 1042 1067 1106 tempas
1076 1044 1104 1093 et
1118 1041 1242 1098 scientim
1253 1042 1342 1100 lacul-

753 1113 795 1161 tas
809 1107 904 1170 adsit‚·
920 1107 968 1162 sed
998 1110 1173 1178 promittitur
1194 1114 1343 1186 securitas,

753 1178 776 1233 si
797 1179 849 1232 isla
868 1177 1013 1247 deficiant,
1034 1181 1110 1249 quod
1133 1186 1160 1237 et
1180 1182 1344 1254 frequenter

754 1248 947 1319 contingebat,
973 1251 1001 1305 in
1028 1250 1170 1319 primitiva
1195 1256 1344 1313 Erclcsia:

755 1321 823 1389 quia
852 1326 920 1375 tune
944 1337 1018 1391 saepe
1034 1321 1130 1378 fideles
1153 1325 1292 1383 illitterati
1317 1334 1346 1384 et

754 1390 895 1461 simplices
909 1392 1005 1448 subito
1021 1393 1208 1451 trahebantur
1223 1399 1258 1453 ad
1271 1398 1347 1471 judi-

754 1479 801 1519 ees
815 1469 843 1518 et
858 1464 1004 1535 Praesides,
1018 1471 1047 1519 et
1059 1467 1130 1521 Ueus
1143 1469 1265 1537 providit
1280 1471 1346 1529 illis.

754 1535 835 1591 Unde
849 1551 905 1590 non
921 1536 1026 1592 debent
1039 1544 1153 1609 propter
1166 1541 1219 1594 bne
1229 1549 1345 1599 contur-

755 1607 826 1669 bari,
842 1606 866 1662 si
880 1608 932 1662 ista
946 1608 1088 1678 triticiam,
1103 1612 1170 1680 qiiia
1183 1613 1347 1671 bominibus

754 1677 789 1734 de
805 1681 861 1732 er
872 1680 1079 1735 conlidentibus
1091 1682 1210 1750 Spiritus
1226 1688 1346 1742 Sanetus

754 1765 812 1804 non
840 1750 936 1805 delicit
956 1751 982 1805 iu
1011 1753 1185 1821 suecessitate,
1204 1773 1269 1811 rain
1288 1772 1346 1813 non

755 1828 872 1890 possunt
899 1822 983 1876 aliter
1008 1839 1168 1880 occiirrere.
1204 1829 1236 1881 Et
1265 1829 1345 1898 item,

754 1893 821 1962 quia
840 1891 869 1947 in
888 1894 936 1947 tali
953 1909 1018 1946 casu
1036 1893 1140 1950 snitieit
1165 1897 1201 1951 ad
1224 1898 1346 1955 salutem

755 1963 883 2018 conliteri
903 1967 1100 2018 constanterin
1112 1968 1236 2036 generali
1250 1968 1347 2039 fidem,

754 2033 833 2104 quod
851 2041 944 2103 potest
960 2034 1051 2089 iacere
1070 2037 1190 2106 quilibet
1207 2039 1346 2094 Christia-

755 2120 818 2171 nus,
836 2111 1098 2176 quantamcumque
1118 2106 1154 2162 sil
1173 2110 1299 2179 simplex.
1313 2113 1348 2168 nt

754 2183 833 2248 patet
848 2194 881 2231 ex
896 2179 1038 2247 predictis
1051 2180 1127 2248 qnod
1144 2196 1198 2235 uisu
1222 2184 1347 2251 loquitur

756 2249 802 2303 bie
830 2249 864 2304 de
890 2248 984 2304 veritis
1022 2251 1223 2320 praedicatoris.
1258 2255 1347 2311 Debet

755 2320 831 2377 enirn
847 2321 1018 2392 praedicator
1030 2325 1108 2378 nerlii
1128 2325 1214 2379 divini
1235 2342 1346 2395 praeco·

753 2393 844 2464 gitare
869 2393 992 2464 qualiter
1018 2394 1119 2450 debeat
1146 2399 1264 2452 serluim
1296 2398 1347 2454 Dei

754 2480 937 2534 proponere:
959 2465 1041 2520 aliter
1061 2473 1186 2522 tentaret
1207 2471 1308 2535 Ueuin,
1323 2469 1348 2524 si

753 2536 912 2607 negligeret
931 2537 965 2589 de
982 2538 1035 2590 boc
1051 2537 1187 2605 cogitare,
1206 2541 1274 2593 ilum
1302 2546 1365 2594 ta-'

754 2621 819 2661 men
830 2610 865 2660 ‹le
882 2608 935 2660 boe
950 2614 1060 2675 tempus
1071 2617 1262 2677 opportunum
1279 2625 1346 2679 pos-

753 2679 791 2733 sit
814 2677 929 2733 babere.
952 2679 1029 2732 llane
1057 2680 1188 2747 probibet
1212 2680 1346 2736 Dominus

754 2747 944 2820 provisionem
960 2747 989 2803 in
1009 2750 1146 2819 dicendis,
1167 2758 1299 2807 ornatum
1316 2760 1344 2808 et

754 2821 871 2875 nimiam
897 2820 1127 2890 sollicitudinem,
1154 2839 1203 2891 per
1224 2824 1345 2880 ririiltum

753 2893 898 2962 temporis.
920 2893 1012 2947 iat-ile
1038 2902 1080 2948 est
1101 2893 1176 2949 enisu
1196 2898 1345 2952 veritatem

754 2963 859 3031 dicere,
875 2980 938 3034 qum
952 2966 1013 3019 sine
1024 2972 1125 3022 ornatu
1141 2969 1301 3038 persuadet,
1315 2972 1344 3023 ut

753 3034 908 3105 recipiatur
926 3030 1039 3107 ultique.

789 3112 805 3161 6
820 3107 1041 3163 Pnusscurinsau
1056 3127 1206 3167 raricsruu
1218 3126 1300 3166 erran
1312 3128 1346 3165 su

754 3195 841 3232 sulcis
859 3194 891 3232 un
905 3196 1078 3235 uslauseinais.
1095 3214 1123 3221 —-
1137 3184 1171 3236 Et
1183 3198 1218 3237 ne
1230 3184 1260 3237 in
1270 3181 1347 3237 auxi·

755 3252 792 3306 bo
819 3252 974 3304 amicorum
1001 3258 1051 3305 aut
1081 3258 1230 3320 parerituin
1256 3254 1347 3307 eonii-

755 3322 834 3389 dant,
862 3321 1008 3392 sulijuugit
1028 3322 1164 3377 Dominus
1188 3321 1349 3393 graviorem

756 3393 992 3462 persecutionem,
1017 3408 1079 3461 qum
1096 3400 1139 3446 est
1158 3391 1193 3447 ab
1209 3392 1307 3447 aniieis
1320 3401 1350 3447 et

757 3461 931 3533 parentibus.
950 3462 1032 3527 Quia.
1056 3463 1213 3518 secundum
1248 3464 1348 3532 Grepo-

756 3536 840 3602 mum,
857 3533 918 3601 plus
932 3534 959 3586 iu
980 3533 1060 3588 nobis
1079 3550 1113 3589 ea
1138 3541 1281 3591 toiaiienta
1295 3550 1350 3591 sse-

757 3604 847 3673 viuat,
865 3619 929 3673 lpum
945 3603 1050 3661 abillis
1068 3604 1200 3677 patimur,
1226 3607 1261 3663 de
1286 3607 1350 3679 qui·

758 3677 809 3733 bus
834 3680 1089 3747 praesumebamus;
1112 3677 1258 3750 quoniam,
1282 3694 1350 3738 cum

757 3750 863 3804 damno
886 3750 1022 3818 eorporis,
1045 3752 1119 3806 mala
1144 3768 1194 3807 nos
1221 3750 1353 3809 cruciant

756 3822 866 3877 aniissae
889 3822 1024 3878 caritatis.
1047 3824 1126 3879 Unde
1149 3825 1187 3879 ait
1213 3841 1220 3881 ε
1251 3823 1355 3880 trudet

759 3898 849 3948 autem
880 3894 971 3960 frater
995 3897 1122 3964 fratrem,
1147 3901 1228 3966 puter
1250 3896 1350 3965 lilium,

759 3970 787 4020 et
806 3965 879 4018 lilius
896 3971 1026 4033 parentes
1040 3969 1070 4021 iu
1094 3973 1216 4034 retortam,
1242 3966 1352 4018 scilieet

760 4035 882 4091 infidelis
893 4036 1105 4104 lidelosn.Quia‚
1120 4043 1149 4092 ut
1160 4040 1200 4092 ait
1214 4038 1353 4102 llierouy-

759 4121 831 4175 mus,
848 4122 904 4161 non
922 4116 965 4162 est
980 4108 1054 4163 inter
1069 4124 1117 4163 eos
1134 4108 1207 4162 ullus
1222 4105 1295 4159 lidus
1310 4105 1353 4160 al·

761 4180 860 4245 lectus,
879 4194 1000 4249 quorum
1026 4180 1136 4233 diversa
1158 4178 1227 4232 tides
1246 4174 1351 4232 existit.

763 4251 839 4306 Unde
854 4254 882 4303 et
897 4251 1106 4321 chrysostomus
1126 4267 1134 4302 ε
1156 4268 1170 4300 u
1189 4250 1275 4302 Nemo
1289 4264 1355 4319 spe·

762 4328 807 4377 ret
824 4322 853 4376 in
870 4324 1006 4392 patronis,
1021 4335 1106 4376 ntimo
1123 4321 1152 4376 in
1177 4320 1287 4390 amicis,
1304 4336 1341 4377 au

1279 4419 1297 4473 i
