2880 4942
136 313 167 367 lb

140 422 271 482 custodia
304 428 404 480 nostra
426 422 564 494 quotidie,
590 423 643 550 (qui
673 424 725 479 etsi

136 497 196 569 jam
209 495 251 551 sui
263 496 391 566 corporis
403 509 502 552 somno
518 510 574 551 non
610 492 724 561 ormiat,

137 583 288 627 caveamus
307 574 403 623 tamen
427 582 464 622 ne
488 565 578 622 nostri
600 565 726 637 eorporis

134 654 235 696 somno
260 637 342 694 nohis
371 638 495 695 dormiat
524 644 552 694 et
583 639 721 708 quiescat.

134 709 245 767 Dormit
259 708 336 765 enim
349 710 464 779 quando
485 708 521 766 ab
544 709 722 765 orationibus

136 786 164 838 et
178 780 260 837 bonis
273 781 408 851 operibus
423 796 575 848 cessamus,
589 786 617 836 et
632 781 720 836 susei-

136 851 243 909 tandus
265 860 333 908 ωηο
357 859 399 908 est
422 851 452 907 in
475 852 557 908 nobis
572 852 681 908 crebris
697 857 725 908 et

136 922 244 978 devotis
268 923 408 993 precibus,
430 928 459 978 et
475 924 536 995 ipse
561 922 630 979 lacit
653 928 723 979 tnnc

135 994 382 1064 tranquillitatem,
408 995 475 1066 quia
499 996 573 1063 fecit
590 1012 651 1050 oum
669 1000 725 1050 ten·

139 1067 245 1121 tatione
265 1072 451 1193 prouentum:
473 1066 524 1122 sed
540 1066 609 1122 latui
630 1067 723 1136 ipsum

134 1137 225 1209 magis
246 1152 263 1192 o
285 1137 410 1193 dormire
425 1137 543 1204 laniunt,
559 1138 586 1192 in
602 1139 654 1194 hoc
668 1139 723 1193 sei-

134 1206 203 1263 licet
215 1209 291 1280 quod
314 1210 405 1282 magis
420 1209 461 1275 ad¹
472 1210 631 1266 humanum
652 1225 723 1265 eon-

134 1278 242 1345 silium,
279 1295 366 1351 quam
400 1281 437 1338 ad
463 1281 591 1337 divinum
628 1281 724 1337 conlu-

135 1348 228 1422 giunt.
256 1352 337 1407 Unde
364 1353 542 1424 Augustinus
571 1371 579 1407 :
606 1368 620 1404 <v
648 1351 722 1408 Nihil

134 1425 193 1477 tam
207 1424 328 1478 maxime
342 1424 506 1491 suggeritur
520 1423 646 1478 humano
658 1440 723 1478 eor·

136 1489 166 1547 di
180 1492 216 1546 ab
231 1491 410 1548 invisibiliter
424 1494 653 1564 expugnantibus
667 1493 724 1548 ini-

497 313 607 367 PlllllAE
634 311 754 367 PhllllS
780 311 887 365 curun
914 310 999 364 xlvi

782 420 813 477 in
836 422 927 478 Deum
952 419 1115 492 profecerit,
1139 423 1220 476 tanto
1246 422 1369 494 amplius

782 492 893 549 invenit
925 494 978 549 uod
994 491 1093 549 durius
1108 497 1219 562 portet3
1235 493 1265 549 in
1276 510 1367 554 exem·

782 563 829 635 plo
851 509 983 620 videlicet
1007 563 1201 620 israelitarum
1226 566 1275 636 qui
1299 573 1368 625 tune

781 636 905 692 duriusa
919 638 1067 692 Pharaone
1076 642 1144 691 sunt
1156 635 1266 706 afflicti,
1281 653 1370 709 quan-

781 707 816 762 do
840 724 892 777 per
915 709 1030 779 Moysen
1045 712 1073 763 et
1090 709 1186 762 Aaron
1203 709 1238 762 ad
1261 715 1367 767 terram
1387 750 1390 760 .

779 778 975 848 promissionis
995 784 1063 835 sunt
1088 779 1192 837 vocati.
1213 779 1294 845 Quod
1308 781 1365 837 llo·

779 850 872 906 minus
894 851 981 907 etiam
1005 866 1056 906 suo
1080 851 1207 919 exemplo
1230 852 1367 923 ostendit,

779 921 894 992 quando
907 930 971 993 post
984 922 1159 1049 BaKtismum
1183 928 1212 976 et
1223 922 1364 993 jejunium

779 994 953 1051 tentationes
979 994 1025 1050 dia
1046 992 1083 1048 oli
1111 992 1227 1062 pertulit
1253 1010 1260 1061 ;
1291 1011 1366 1066 saepe

779 1063 855 1120 enim
881 1071 943 1135 post
963 1064 1181 1121 conversionem
1199 1080 1251 1119 nos
1267 1065 1367 1122 diabo-

778 1136 822 1191 lus
839 1138 932 1193 acrius
945 1141 1048 1207 tentat,
1063 1150 1157 1208 qnosa
1167 1151 1220 1191 sua
1232 1138 1368 1194 servitute

778 1208 914 1264 recedere
927 1207 1090 1265 considerat
1104 1225 1110 1275 ;
1125 1207 1174 1261 sed
1190 1208 1236 1262 ille
1252 1208 1367 1279 quinon

778 1279 922 1343 dormitat,
948 1295 1036 1351 neque
1059 1279 1177 1333 dormiet
1201 1279 1367 1335 custodiens

779 1350 876 1421 lsrael,
902 1351 982 1421 quasi
1009 1349 1112 1406 dormit
1141 1349 1171 1404 in
1201 1350 1279 1419 navi,
1303 1365 1368 1407 cum

778 1427 904 1477 mentem
940 1421 993 1478 viri
1024 1421 1094 1493 justi
1123 1423 1198 1477 inter
1225 1422 1363 1491 procellas

777 1493 970 1549 tentationum
982 1494 1081 1549 durius
1093 1495 1231 1563 permittit
1239 1493 1364 1567 fatigari.

134 1562 226 1631 micis,
249 1563 304 1617 nisi
323 1564 399 1634 qnod
425 1564 500 1620 Deus
525 1580 583 1620 non
610 1569 652 1618 est
676 1564 725 1619 ad·
778 1562 905 1635 Cumque
931 1566 1017 1621 sentit
1043 1566 1212 1621 tentationes
1236 1581 1288 1621 sua
1314 1566 1367 1623 vir-

133 1634 215 1716 jutor
230 1649 237 1701 ;
255 1640 286 1687 ut
307 1634 488 1705 requirentes
507 1634 563 1691 alia
581 1635 724 1704 adiutoria
747 1640 750 1719 l
776 1638 837 1690 tute
855 1651 990 1706 superare
1010 1651 1067 1692 non
1088 1652 1179 1707 posse,
1196 1636 1306 1693 aceedit
1328 1638 1366 1694 ad

134 1705 314 1760 inveniamur
340 1705 468 1775 invalidi,
494 1711 522 1762 et
544 1706 580 1761 ab
601 1706 724 1764 inimieis
777 1705 1014 1777 omnipotentiam
1027 1705 1078 1764 Dei
1093 1724 1254 1778 recurrens,
1269 1713 1368 1766 etsus·

135 1775 204 1846 ipsis
220 1778 388 1846 capiamur:
409 1797 424 1830 u
451 1777 512 1833 haeo
534 1779 722 1846 Augustinus.
777 1777 846 1835 citat
858 1777 1008 1834 Dominum
1023 1795 1087 1836 eum
1099 1780 1204 1835 mentis
1216 1780 1367 1838 devotione

134 1846 241 1904 Volens
255 1864 323 1920 ergo
346 1849 381 1904 ad
395 1847 562 1905 servitutem
578 1849 722 1906 lleiacce-
777 1847 818 1903 illi
844 1851 1086 1923 appropinquans,
1114 1858 1142 1906 et
1168 1867 1247 1906 suam
1275 1849 1364 1924 fragi-

134 1917 380 1983 dere,secundum
400 1920 551 1977 concilium
569 1922 722 1992 Sapientis,
746 1942 749 2001 ς
775 1921 885 1978 litatem
915 1923 1061 1979 humiliter
1094 1924 1294 1994 recognoscit,
1331 1937 1365 1979 ae

135 1999 279 2062 praeparet
304 2007 335 2048 se
369 1992 406 2048 ad
432 1993 604 2050 tentationes
631 1992 749 2050 immi-³
776 1995 902 2051 divinam
919 1997 1084 2066 potentiam,
1101 2000 1129 2049 et
1146 1995 1195 2049 Dei
1209 1994 1368 2050 misericor·

133 2073 245 2123 nentes.
267 2064 338 2120 Cum
364 2063 440 2120 enirn
466 2066 529 2137 quis
556 2082 573 2121 a
596 2064 670 2122 vitiis
694 2071 723 2122 et
745 2032 749 2159 J
776 2066 853 2122 diam
874 2067 1053 2124 devotissime
1073 2067 1138 2121 totis
1156 2066 1264 2121 viribus
1282 2080 1365 2122 men·

134 2138 259 2205 pcccatis
286 2151 315 2191 se
340 2135 509 2191 subtrahere
531 2136 663 2205 voluerit,
689 2143 722 2193 ut
745 2168 748 2183 =
775 2140 810 2193 tis
836 2139 988 2208 implorare
1013 2153 1071 2192 non
1096 2146 1196 2201 cessat,
1219 2151 1367 2207 quousque

136 2205 190 2260 soli
218 2208 277 2261 Deo
304 2220 416 2273 vacare,
443 2205 473 2259 id
503 2214 544 2261 est
571 2207 721 2262 intendere
776 2209 805 2262 in
831 2210 874 2261 sui
904 2208 1077 2274 adjutorium
1107 2207 1234 2260 divinum
1262 2207 1367 2266 excitet

134 2275 244 2347 possit3
261 2275 413 2331 commotio
428 2290 533 2345 magna
547 2275 580 2330 nt
594 2277 624 2332 in
648 2277 721 2330 mari
774 2275 922 2344 auxilium,
939 2280 1007 2330 tunc
1031 2277 1107 2330 enim
1131 2291 1251 2345 surgens
1273 2276 1362 2346 impe·

134 2360 184 2403 seu
205 2347 323 2413 mundo,
338 2344 367 2399 id
384 2350 427 2399 est
450 2347 607 2414 persecutio
628 2346 724 2402 multi·
774 2354 820 2404 rat
838 2347 929 2402 ventis
946 2353 974 2402 et
989 2348 1081 2414 mari;
1100 2346 1167 2415 quia
1186 2352 1363 2406 tentamenta

133 2417 209 2491 pler,
234 2418 315 2489 cujus
339 2430 424 2472 causa
449 2421 491 2471 est
513 2417 624 2489 triplex,
650 2416 724 2473 scili-
775 2418 881 2474 diaboli
908 2418 1086 2488 insurgentia
1111 2423 1211 2473 contra
1237 2423 1364 2476 mentem

134 2497 180 2547 eet
202 2508 209 2547 ε
238 2488 375 2560 impulsus
403 2493 564 2557 ventorum,
591 2490 645 2544 hoc
678 2494 722 2544 est
775 2490 828 2545 viri
842 2490 912 2561 justi
934 2490 1136 2560 conquiescere
1154 2488 1232 2557 tacit,
1248 2495 1276 2544 et
1294 2506 1363 2549 eum

133 2562 255 2619 tentatio
276 2558 446 2628 adiabolo;
472 2561 596 2616 turbatio
619 2561 720 2630 maris,
773 2561 827 2618 sibi
850 2562 939 2618 libere
957 2562 1064 2618 servire
1088 2561 1236 2633 permittit.
1255 2561 1298 2616 Fit
1310 2576 1362 2618 au·

133 2634 189 2691 hoc
204 2641 247 2690 est
258 2632 379 2689 tentatio
393 2647 410 2687 a
422 2633 530 2688 munde
545 2653 551 2697 ;
567 2632 720 2688 commotio
772 2639 831 2690 tem
855 2643 924 2690 tunc
943 2648 1047 2705 magna
1069 2634 1271 2706 tranquillitas,
1296 2635 1363 2704 quia

134 2707 320 2778 tempestatis,
334 2705 388 2760 hoc
399 2710 442 2760 est
456 2703 576 2761 tentatio
592 2719 719 2775 acerne,
772 2705 895 2775 expulsis
931 2705 1071 2762 malarum
1098 2707 1288 2761 tentationum
1313 2720 1360 2762 ra·

134 2793 204 2851 quas
224 2778 396 2833 tentationes
411 2781 510 2831 eontra
530 2791 560 2831 se
576 2777 663 2830 sentit
676 2775 719 2831 iu·
772 2778 892 2847 dicibus,
909 2778 1027 2833 virtutes
1050 2777 1165 2845 animae,
1188 2782 1216 2831 et
1236 2792 1269 2832 ea
1294 2791 1358 2848 quae

135 2863 265 2931 surgere.
294 2846 422 2903 Proeella
450 2846 526 2901 enim
556 2846 720 2903 tentationis
772 2851 852 2976 Eritis
880 2865 936 2905 non
962 2849 1023 2904 sine
1050 2848 1200 2904 tormidine
1226 2849 1359 2905 ‹inserva-

135 2934 168 2976 οη
192 2919 300 2976 rnvidia
320 2916 427 2973 diaboli
452 2924 571 2972 conatus
585 2920 639 2974 viri
651 2919 720 2990 justi
792 2925 832 2989 at,
844 2921 1023 2991 postmodum
1038 2920 1115 2975 velut
1130 2919 1298 2975 naturaliter
1310 2934 1362 2990 per

134 2992 241 3048 abono
263 2987 409 3061 proposito
429 3003 607 3046 commovere
630 2996 718 3060 optat,
773 2992 878 3047 bonam
900 2992 1133 3047 consuetudinem
1154 2989 1294 3046 custodire
1318 2991 1363 3046 in·

134 3062 288 3134 aliquando
311 3075 462 3131 pravorum
478 3059 721 3142 persecutionibus
773 3064 851 3134 cipit,
866 3064 994 3135 gaudens
1011 3078 1074 3118 eum
1091 3064 1231 3134 l’ropheta
1250 3069 1278 3116 et
1294 3077 1362 3117 can·

134 3135 268 3201 exterius,
298 3132 452 3202 aliquando
478 3133 601 3202 rmpulsu
628 3134 719 3188 malo·
773 3139 836 3191 tans
864 3158 870 3191 ι
901 3136 1042 3191 Declinate
1067 3150 1084 3189 a
1109 3151 1151 3189 nte
1177 3134 1305 3202 maligni,
1336 3136 1362 3189 at

133 3203 416 3277 rumcogitatiunum
438 3202 557 3259 interius
582 3219 721 3260 nonnum·
772 3205 917 3263 scrutabor
936 3206 1070 3261 mueedoto
1093 3208 1144 3261 Dei
1166 3207 1238 3269 men
1265 3205 1362 3274 sicque

133 3291 220 3349 quam
244 3275 330 3333 etium
363 3291 396 3332 ex
425 3274 538 3347 propria
555 3246 721 3348 lragilitatc,
774 3278 987 3350 transnavigato
1009 3276 1093 3347 inari,
1115 3283 1144 3332 et
1167 3278 1251 3348 hujus
1270 3273 1360 3332 seculi

133 3351 228 3406 carnis
252 3347 376 3405 stimulo.
402 3345 485 3419 Quia¹
500 3355 607 3420 quanto
631 3347 722 3419 magis
774 3349 907 3405 lluctibus
921 3349 1046 3418 calcatis,
1060 3349 1097 3405 ad
1113 3356 1226 3419 portum
1238 3346 1359 3404 lelieiter

134 3422 198 3494 quis
213 3423 271 3478 Deo
288 3419 516 3493 appropinquare
543 3420 678 3491 voluerit,
694 3424 723 3477 et
776 3421 906 3492 pervenit
916 3419 1055 3494 paradisi.

682 3596 812 3656 ORATIO

170 3741 291 3797 Domine
315 3743 380 3797 lesu
400 3741 521 3810 Christe,
543 3743 651 3813 impera
674 3743 891 3816 suggestionum
915 3747 945 3798 et
964 3741 1156 3799 tentationum
1183 3743 1300 3802 tlatibus
1321 3752 1351 3803 et

134 3813 276 3882 motibus;
290 3814 354 3868 veni
369 3819 398 3868 et
416 3814 536 3885 gradere
553 3830 638 3885 super
655 3815 749 3871 cordis
764 3815 878 3883 fluctus,
895 3818 927 3870 ut
946 3830 1048 3869 serena
1060 3818 1088 3869 et
1109 3814 1262 3886 tranquilla
1282 3817 1353 3875 liant

134 3885 231 3939 omnia
256 3899 329 3940 mea.
346 3884 513 3956 Requieseat
537 3885 565 3940 in
586 3891 624 3955 te,
649 3887 724 3942 Deus
745 3901 834 3954 meus,
853 3900 902 3941 eor
917 3900 1012 3941 meum
1027 3904 1035 3957 ς
1049 3902 1098 3941 cor
1117 3903 1195 3942 mare
1216 3903 1351 3959 magnum

132 3959 244 4011 tumens
267 3955 401 4011 tluetibus
424 3956 546 4012 dormiat
569 3958 605 4014 ab
628 3959 759 4013 omnibus
781 3972 845 4027 quaa
868 3956 922 4012 sub
938 3957 1009 4013 coelu
1031 3963 1109 4021 suut,
1127 3960 1245 4029 vigilans
1261 3961 1290 4016 in
1306 3967 1347 4032 te,

133 4034 274 4099 quatenus
288 4028 443 4098 amplectar
458 4033 486 4083 te
507 4044 593 4084 unum
612 4029 719 4085 bonurn
739 4044 843 4096 meum,
858 4033 887 4083 et
902 4029 1076 4098 contempler
1100 4033 1128 4084 te
1142 4031 1239 4086 lumen
1256 4031 1351 4088 oeulo-

131 4112 197 4155 rum
212 4114 355 4166 meorum,
368 4104 397 4155 et
409 4099 586 4155 letabundus
598 4107 749 4157 cantemet
764 4100 856 4156 dicam
870 4117 877 4157 :
893 4102 952 4169 Epo
972 4100 1078 4156 dormio
1099 4104 1125 4155 et
1144 4117 1291 4161 cormeum
1305 4105 1349 4160 oi-

135 4172 230 4241 gilet3
247 4180 277 4231 et
291 4170 362 4231 illud
376 4191 384 4230 a
398 4173 432 4230 ln
440 4187 512 4246 pace
528 4174 559 4229 in
573 4172 707 4247 idipsum,
722 4174 859 4231 dormiam
872 4176 899 4229 et
910 4175 1089 4245 requiescam.
1104 4175 1204 4232 Amen.
