2880 4942
396 325 436 380 DE
462 326 615 382 inlisit
641 327 761 383 DDffll
787 328 824 381 l!
847 327 1036 381 humil.
1287 328 1332 379 ts

108 435 210 506 mlta.
232 435 281 491 sed
306 434 341 492 de
364 435 610 506 inconvenienu'e;
630 451 690 493 non
742 444 800 506 tur,
813 434 896 493 stibi
910 434 1049 491 mirmula
1062 434 1324 503 comsanen-

106 508 185 567 enim
198 507 368 564 wureuieus
378 505 443 577 init,
459 509 526 579 quia
536 506 617 580 digni
631 524 689 565 uon
740 524 798 577 nis,
810 507 1241 578 enimndoiiunninSmpt-n,
1251 522 1321 562 inne

107 586 198 638 munt
215 581 250 635 Et
261 594 349 636 causa
361 579 456 635 statim
473 579 618 644 subditur.
631 581 689 636 su'-
742 581 866 638 Sidonia
877 579 1327 651 pmrmngrecepinsesiusn»

106 652 174 711 hcet
190 674 198 707 ι
217 657 329 723 propter
344 651 566 707 &meduiiimen
584 666 687 721 mrim,
741 652 833 720 riiice‚
843 652 941 723 ibique
949 651 1007 706 dun
1018 650 1246 707 mineuhiecit:
1259 652 1325 720 quin

109 730 315 795 propterquam
323 723 410 780 etiam
421 721 556 779 Dominus
564 724 688 780 niobe-
741 723 834 781 lmine
845 730 876 780 et
887 724 983 779 oleum
994 737 1055 779 non
1067 720 1180 789 deiecit,
1189 730 1220 777 et
1233 721 1324 777 titium

106 800 169 866 ten,
192 795 261 866 qun
290 795 380 865 ipsum
406 795 492 851 etiam
518 802 689 876 praesentem
742 797 835 853 vidum
849 803 1003 858 mortuum,
1017 794 1238 849 scilieetiunam
1258 795 1327 848 Pru-

106 866 243 924 hnbeutes
261 865 415 934 Christum,
436 866 612 938 agnitionem
632 869 688 936 sui,
742 867 1028 939 phetamsuscittrit
1038 866 1325 937 Nouergoininuel,

107 938 199 995 verbis
211 944 241 993 et
252 937 340 1010 signis
353 939 395 994 eis
406 938 689 1064 inferentemnibil·
743 937 792 997 ubi
807 941 900 996 scuta
916 939 1007 994 essu:
1024 942 1113 1005 nnat,
1128 937 1179 993 sed
1196 935 1227 992 iu
1250 936 1329 993 Sido

105 1011 219 1066 ominus
232 1009 369 1064 increduli
379 1025 430 1080 per
451 1009 581 1066 arabant.
592 1011 624 1065 ln
636 1012 691 1066 hoc
743 1012 803 1079 uia,
811 1012 984 1081 operabatur
992 1009 1146 1066 miracula:
1158 1009 1226 1079 quia
1234 1008 1328 1064 illue

105 1087 196 1163 petet,
212 1081 286 1151 quod
304 1080 374 1136 hdes
389 1080 508 1136 maxime
523 1088 691 1153 cooperatur
745 1083 830 1139 lsrael
841 1098 899 1138 non
912 1088 996 1138 erant
1008 1082 1050 1137 ita
1060 1081 1265 1141 denotantem
1278 1081 1327 1135 illa

106 1167 138 1208 in
163 1152 306 1207 miraculis
329 1151 477 1220 iaciendis,
495 1151 693 1224 quiapropter
745 1153 1028 1224 mulierSareptana3
1041 1152 1145 1235 etquis
1154 1149 1329 1220 Eliaspersc

103 1223 327 1278 increduiitatem
355 1222 500 1279 subtracta
521 1227 590 1279 suut
615 1224 687 1294 illis3
744 1227 889 1282 cntionem
908 1225 1067 1295 patiebatur
1084 1240 1115 1279 in
1134 1228 1211 1278 terra
1230 1221 1326 1289 lsrael,

103 1293 218 1365 aliquas
238 1299 332 1349 tamen
351 1296 468 1349 virtutes
483 1294 521 1352 ibi
541 1294 618 1365 lecit,
634 1294 689 1352 sci-
745 1312 809 1368 quae
822 1295 966 1352 debuisset
980 1296 1035 1352 sibi
1050 1309 1112 1352 esse
1123 1301 1206 1368 grata
1219 1299 1247 1349 el
1262 1309 1327 1365 gra-

103 1364 173 1420 licet
188 1380 292 1435 paucos
308 1365 438 1423 infirmos
451 1364 548 1423 fideles
563 1372 592 1422 et
605 1366 690 1423 devo·
744 1372 826 1427 tissa.
845 1367 965 1439 Sarepta
987 1367 1056 1423 urbs
1077 1368 1201 1423 Sidoniae
1221 1370 1274 1427 est,
1298 1365 1325 1419 iu

102 1442 159 1501 tos,
184 1436 315 1492 manibus
338 1437 445 1493 deificis
467 1437 618 1509 impositis,
642 1456 690 1495 cu·
744 1442 839 1497 littore
855 1441 942 1496 maris
955 1439 1020 1508 site,
1036 1445 1101 1495 ante
1121 1440 1202 1508 cujus
1216 1441 1326 1508 portam

101 1507 210 1575 raudo;
225 1509 301 1578 quod
315 1515 390 1577 patet
404 1524 436 1564 ex
450 1508 503 1564 hoc
516 1510 691 1582 quodsupra
743 1511 902 1568 ostenditur
923 1512 1002 1567 locus
1027 1510 1074 1567 ubi
1100 1510 1173 1567 Elias
1194 1510 1270 1563 venit
1291 1507 1328 1563 nd

102 1579 261 1636 dixerunt:
285 1581 361 1636 Unde
381 1581 446 1635 huic
466 1583 605 1652 supientia
623 1584 688 1642 mc.
743 1584 857 1640 viduam
883 1582 1010 1654 ejusdem
1034 1582 1127 1649 urhis3
1151 1580 1255 1637 deiude
1283 1586 1326 1634 est

101 1655 131 1706 ei
154 1653 295 1706 uirtutes?
319 1650 428 1707 Dicitur
453 1651 481 1706 in
507 1655 612 1722 llarco,
632 1670 689 1710 uon
742 1654 1135 1727 quaedamcaprlla,ubicrat
1150 1653 1327 1709 coenoculum

99 1725 226 1796 potuisse
235 1725 337 1791 fucere,
350 1724 419 1794 qiiia
433 1722 533 1791 uoluit,
547 1732 576 1779 et
591 1741 690 1782 revera
743 1727 844 1798 inquo
864 1726 982 1798 quievit,
1003 1733 1032 1781 et
1052 1726 1100 1782 ubi
1124 1726 1212 1781 lilium
1236 1724 1328 1777 virture

101 1809 164 1851 non
189 1795 300 1864 decuit,
328 1799 440 1866 propter
469 1796 689 1853 incredulitatem
742 1801 896 1855 suscitavit.
911 1799 1006 1866 Quare
1015 1804 1110 1853 autem
1120 1800 1249 1852 roratione
1260 1794 1327 1849 Elim

102 1881 215 1933 eorum;
230 1881 297 1935 non,
312 1872 344 1921 ut
359 1871 479 1938 negetur
496 1867 622 1938 potentia
633 1869 691 1925 ab·
743 1872 868 1926 Murum
890 1878 930 1925 est
950 1871 1056 1933 cuium,
1078 1873 1105 1923 ei
1128 1870 1206 1935 fectu
1227 1869 1326 1934 sumes,

99 1936 206 2004 soluta,
223 1938 273 1993 sed
291 1938 431 2008 ordinata,
452 1952 485 1993 nc
504 1941 690 2009 congruitatis
744 1942 868 1997 ostendit
884 1943 1018 2004 Basilius,
1035 1938 1131 1995 dicens
1147 1961 1154 1994 ι
1171 1957 1186 1990 o
1204 1939 1239 1992 Ut
1251 1936 1326 1990 euim

101 2013 133 2065 et
148 2009 296 2078 decentiae,
311 2025 368 2080 qua
384 2025 415 2065 se
433 2008 610 2080 disposuerat
633 2027 690 2066 non
743 2014 852 2083 aspexit
876 2028 909 2067 ex
932 2012 1080 2068 saturitate
1104 2024 1161 2064 nain
1184 2008 1326 2063 modicum

100 2079 255 2149 iacturum,
271 2080 340 2151 quia
361 2096 418 2136 uon
447 2087 509 2138 erat
535 2080 637 2137 decens
662 2086 691 2138 ct
744 2083 876 2155 generari
890 2082 939 2138 Dei
955 2082 1151 2153 opprobrium,
1165 2095 1214 2149 per
1224 2079 1326 2132 tarnem

102 2168 262 2224 congruum
277 2153 355 2225 quod
369 2152 409 2208 ihi
423 2152 560 2209 miracula
573 2153 688 2222 laceret,
745 2155 800 2210 illis
824 2155 967 2226 jejunium
991 2151 1101 2222 attulit,
1130 2167 1185 2223 quo
1215 2151 1326 2219 cuipam

102 2230 133 2281 et
147 2224 257 2279 multa:
273 2224 342 2280 lides
356 2224 433 2280 euim
454 2224 632 2282 credentium
648 2231 691 2281 est
745 2227 940 2299 illorum,quae
950 2227 979 2281 iu
992 2223 1160 2281 immensum
1170 2222 1322 2287 crescebat,

99 2294 251 2353 meritoria
269 2295 304 2352 de
319 2312 456 2368 congruo,
472 2296 548 2368 quod
562 2297 603 2352 eis
618 2296 690 2353 siant
743 2297 907 2354 cohibuit.»
923 2299 984 2354 Non
1001 2313 1070 2368 ergo
1094 2312 1168 2352 nuuc
1185 2296 1325 2350 mirentur

99 2368 251 2425 miracula.
262 2368 329 2423 ideo
339 2375 435 2424 autem
447 2368 556 2439 aliquas
570 2371 688 2425 virtutes
744 2369 882 2441 homiues,
896 2369 920 2426 si
934 2377 1051 2440 propter
1067 2383 1167 2424 corum
1181 2363 1325 2422 lasciviam

101 2439 144 2495 ibi
168 2437 245 2510 lecit,
270 2445 301 2494 ut
324 2439 421 2496 fideles
447 2440 640 2507 confirmaret,
660 2448 689 2497 et
742 2441 793 2497 liat
816 2442 913 2498 tames.
935 2443 1051 2497 Elisaeus
1072 2442 1159 2496 ctiam
1181 2437 1323 2495 niu-lacis

100 2509 234 2567 infideles
265 2512 472 2567 assumtionem
504 2512 539 2566 dc
573 2519 688 2583 peccato
743 2513 851 2569 derisus
875 2519 904 2568 et
927 2517 1160 2582 contemptus,a
1197 2510 1322 2564 Nisum

100 2598 155 2639 suo
171 2597 228 2637 non
244 2582 392 2650 haberent,
408 2583 575 2653 dumopcra
589 2582 688 2638 diviui-
744 2587 813 2656 Syro
834 2585 936 2639 devote
960 2590 1003 2638 est
1025 2583 1169 2653 quattus,
1194 2593 1280 2648 qlltitn
1305 2592 1322 2631 a

100 2653 170 2711 latis
182 2652 211 2708 in
227 2654 686 2725 cosiderent3ncesecitmu1tos,
743 2655 822 2726 lepra
840 2669 893 2710 sua
911 2652 1019 2709 curavit
1034 2671 1041 2708 :
1057 2654 1124 2724 quia
1145 2652 1324 2706 ‹lerotioncm

100 2741 140 2783 ue
155 2723 284 2781 infideles
294 2725 415 2796 amplius
429 2721 645 2794 damnarentur,
660 2725 689 2781 id
743 2728 804 2798 ejus
826 2727 960 2798 agnovit,
984 2723 1034 2796 qui
1060 2729 1126 2780 ante
1149 2728 1324 2777 curationem

101 2802 145 2855 est
155 2797 217 2868 plus
233 2799 411 2868 punirentur,
420 2797 488 2853 dum
501 2797 607 2854 scilicet
620 2813 687 2853 con·
744 2798 835 2854 bonus
850 2797 915 2865 iuit;
930 2797 998 2869 quia
1009 2795 1152 2868 perillum
1165 2795 1238 2849 Deus
1252 2790 1324 2847 salu-

101 2875 275 2927 temuerent.
296 2869 375 2925 Unde
393 2867 435 2925 ait
454 2869 688 2939 t'brpsostomus:
743 2875 801 2926 tem
822 2870 909 2944 Syriae
925 2870 1012 2939 dedit,
1025 2876 1054 2926 et
1074 2873 1136 2939 post
1149 2867 1325 2923 curationem

101 2958 119 2995 c
134 2941 229 2996 Pauca
254 2939 322 2996 iecit
343 2940 439 3012 sigua,
465 2956 502 2996 ue
525 2940 653 2998 dicerent
678 2958 685 2999 :
743 2942 835 2999 adhuc
854 2943 1002 2999 meliorne
1017 2941 1097 2998 valde
1112 2946 1209 3013 gratus
1226 2940 1282 2993 Deo
1300 2939 1328 2990 et

101 3010 198 3069 Hostis
212 3019 255 3068 est
267 3011 359 3075 nobis,
375 3017 404 3067 et
418 3011 544 3083 proprios
556 3013 685 3085 despicit,
744 3015 843 3071 Elisaeo
857 3015 918 3071 luit
932 3015 1048 3071 Duravit
1066 3030 1135 3086 ergo
1153 3013 1278 3069 alienum
1299 3011 1326 3061 el

100 3082 129 3142 si
153 3082 228 3138 iacta
250 3087 342 3139 essem
363 3083 454 3155 signa,
470 3089 499 3140 et
519 3100 577 3140 nos.
591 3087 689 3157 utique
743 3086 898 3156 Gentilem
913 3087 962 3142 sed
974 3087 1328 3142 noncoucivesetcousor-

101 3153 330 3215 credidissemus.
338 3156 455 3235 Propter
463 3155 517 3212 hoc
526 3171 595 3228 ergo
608 3156 685 3224 lecit,
742 3164 797 3225 tes,
809 3165 1029 3228 proptereorum
1037 3173 1106 3226 erga
1117 3158 1205 3211 Deum
1214 3148 1330 3229 iugrati-

103 3230 138 3284 ut
149 3226 226 3298 quod
240 3241 323 3282 suum
336 3230 379 3282 est
392 3227 524 3298 impleam
537 3228 587 3284 sed
600 3228 689 3285 couti·
744 3228 882 3295 tudinem,
893 3229 964 3352 guia
978 3242 1097 3308 regnum
1110 3225 1194 3279 lsrael
1203 3223 1328 3300 declina-

100 3297 179 3368 nuit,
193 3303 224 3352 ut
246 3313 303 3353 non
325 3298 388 3354 illos
410 3299 531 3368 amplius
553 3299 689 3354 condem·
744 3299 890 3354 reratadi
912 3290 1329 3364 ololatrum,coleudoscihcet

102 3373 156 3427 net
169 3384 178 3424 ε
192 3387 208 3419 o
222 3369 284 3425 haec
299 3370 513 3440 chysostomus.
744 3368 848 3424 vitulos
859 3382 1039 3437 aureosquos
1051 3361 1326 3421 leceratierohuam.

138 3444 157 3498 8
170 3440 318 3498 Ειιιιιιιυιι
330 3458 411 3498 suun
426 3441 560 3497 Dnmsros
574 3456 609 3494 uu
623 3440 692 3495 Eum
745 3440 774 3495 Si
784 3453 854 3509 ergo
866 3438 912 3494 isti
924 3436 1102 3492 famosissimi
1114 3433 1262 3515 Prophetas
1272 3443 1329 3483 non

101 3528 137 3571 ιτ
151 3512 269 3569 Eusno.
287 3543 316 3554 „
334 3513 376 3568 nd
387 3511 431 3568 sui
444 3516 542 3568 autem
556 3511 691 3567 excusati·
744 3509 860 3566 iueruut
868 3507 976 3577 accepti
987 3510 1181 3578 compatriotis
1191 3516 1259 3563 suis,
1271 3513 1328 3579 non

100 3598 201 3653 ouem,
219 3599 307 3665 quare
326 3585 385 3654 ipse
400 3581 538 3639 Dominus
557 3582 692 3653 lupatria
745 3584 860 3651 propter
870 3593 962 3647 suam,
972 3578 1021 3636 sed
1035 3577 1328 3658 propter-compatris

97 3670 166 3726 sun,
185 3655 233 3712 ubi
251 3660 383 3727 acceptus
406 3671 464 3711 non
490 3657 562 3724 erat,
588 3654 691 3709 mutos
744 3659 839 3710 tarum
861 3651 1000 3709 malitiam
1021 3656 1050 3708 et
1070 3647 1219 3715 insidiam;
1240 3644 1329 3701 multo

102 3728 223 3784 mmet
243 3743 298 3784 noa
317 3729 395 3795 lecit,
413 3726 539 3782 ostendit
561 3727 689 3798 exemplo
743 3726 843 3782 lortius
855 3739 907 3780 uec
920 3723 1043 3781 minores
1055 3718 1327 3794 Prophetaeluerunl

100 3798 173 3858 nita
198 3804 227 3854 et
250 3799 353 3869 Elisaei,
370 3798 445 3870 quod
466 3796 598 3854 similiter
621 3799 689 3855 Pro·
742 3794 851 3869 accepti
873 3794 1325 3868 inputriasua.E1quopalet

101 3870 199 4001 ffitte
209 3876 319 3926 veteres
330 3872 360 3927 in
371 3870 472 3943 majori
484 3869 595 3927 honore
605 3869 689 3927 habe·
743 3884 842 3927 rerum
856 3870 1003 3941 essequod
1018 3869 1127 3925 dixerat
1142 3889 1148 3924 :
1164 3866 1236 3934 Quis
1250 3875 1327 3918 nemo

162 3947 212 3998 tur
232 3941 309 4012 apud
333 3948 491 4012 extraneos,
507 3956 593 4014 quam
614 3943 689 4013 apud
743 3940 881 4014 Propheta
891 3946 1071 4012 accepissent
1084 3939 1292 4010 inpetricsue.

103 4011 294 4084 domesticam
312 4020 341 4070 et
359 4013 436 4086 quod
454 4014 536 4085 plura
553 4014 690 4070 miracula
779 4015 919 4087 pilumni
937 4014 1098 4071 Succusana
1114 4027 1145 4066 ar
1164 4010 1279 4064 Ninum
1298 4017 1326 4055 ns

101 4082 249 4144 umbem
269 4084 345 4155 apud
369 4083 488 4155 alienos,
505 4099 592 4157 quam
614 4085 690 4157 apud
743 4099 828 4140 sensu
856 4100 965 4142 nomm.
998 4114 1030 4126 -
1055 4081 1324 4157 litorelitcr'autema

102 4156 529 4215 suosuliasenimatodaeisex
550 4156 690 4213 silebatur
744 4155 839 4220 vidua,
854 4156 890 4212 de
911 4170 968 4228 qun
989 4154 1096 4210 dictum
1114 4155 1169 4215 est,
1185 4143 1326 4226 signillcut

101 4232 133 4286 et
145 4228 398 4296 contemnebatur3
413 4227 524 4286 eDent‘
549 4243 581 4283 us
594 4233 689 4284 autem
744 4227 871 4282 mimam
882 4225 1079 4298 peccatricem,
1089 4235 1155 4293 quas
1165 4222 1273 4300 privata
1283 4218 1326 4269 est

103 4303 135 4359 et
156 4299 259 4357 alienis
273 4297 465 4371 recipiebatur
483 4305 515 4357 et
531 4299 692 4357 honorabe-
743 4297 919 4368 mwxibcu
936 4292 1088 4367 spouusui
1106 4291 1225 4358 christu
1240 4283 1327 4344 modo
