2880 4942
425 367 467 422 DE
494 367 696 425 bhbbbtlco
722 369 811 425 duco
838 371 877 424 br
904 371 1004 425 toro.
1276 374 1325 430 itt

99 489 172 532 mus.
184 471 236 531 Ubi
246 471 321 529 onim
331 469 389 527 ait:
403 473 492 528 Facite
502 471 624 528 arborem
636 473 679 528 bo

97 551 195 602 namet
204 546 324 613 fructum
333 543 392 611 ejus
402 543 512 612 bonum;
522 547 565 600 est
574 560 679 617 praece·

99 623 177 690 ptum
186 616 307 682 salubre,
319 615 362 671 cui
370 615 532 672 obedientia
543 631 678 673 necessa-

97 689 140 745 ria
148 694 199 745 est.
209 686 325 756 Quando
333 691 428 743 autem
438 686 507 743 dicit
516 705 523 743 ε
532 690 624 743 Ραιιιε
633 705 678 744 or-

98 761 185 816 borem
197 761 308 827 molum,
319 765 345 815 et
356 761 479 825 fructum
491 759 551 828 ejus
562 761 676 825 molum,

97 848 152 888 non
175 836 217 888 cst
237 835 420 902 praeceptum,
441 834 474 887 ut
492 830 612 901 faciatis,
628 831 679 888 sed

94 902 210 959 monitio
225 907 254 959 ut
270 901 396 959 caveatis
412 919 419 958 :
437 921 451 953 ιι
468 902 529 958 haec
543 903 678 971 emosti-

92 990 154 1030 nuo.
172 973 290 1041 Deinde,
304 974 386 1054 quasi
401 971 578 1044 explanando
589 979 618 1029 et
631 989 678 1045 ap·

92 1043 677 1114 tandodictamsrmilitudineml'harisaeis,

93 1116 219 1174 ostendit
233 1114 365 1171 salsitatis
379 1130 478 1172 eorum
490 1115 614 1172 radicem
627 1118 679 1173 lta-

94 1188 142 1244 dix
156 1186 233 1243 enim
248 1186 303 1242 ista
317 1193 379 1242 erat
396 1185 502 1243 invidia
517 1191 546 1243 et
559 1186 675 1258 odium;

95 1261 170 1331 quia,
183 1259 247 1314 licet
268 1257 403 1314 Pharisaei
421 1257 526 1315 Scribae
545 1263 573 1314 et
586 1259 678 1330 Legis·

93 1329 177 1402 periti
201 1329 294 1401 primo
320 1329 505 1401 cognoverint
521 1329 674 1401 Christum,

94 1402 237 1472 menquia
265 1400 350 1473 coepit
368 1401 577 1471 reprehendere
596 1401 664 1459 vitia

92 1488 203 1539 eorum,
212 1471 277 1528 ideo
288 1472 583 1543 conceperuntodium
593 1473 675 1530 etin·

91 1542 197 1599 sidiam
213 1548 312 1599 contra
331 1542 440 1613 ipsum;
457 1544 607 1615 exquibus
622 1561 675 1601 ex-

92 1614 200 1682 caecati,
215 1613 378 1670 ceciderunt
391 1631 408 1670 a
420 1614 513 1686 prima
526 1614 628 1672 notitia
643 1617 674 1671 in

91 1701 237 1753 errorem,
254 1684 319 1755 quia
334 1685 401 1741 talia
416 1691 583 1758 pervertunt
589 1686 673 1758 judi-

91 1756 165 1814 cium
174 1756 295 1812 rationis
306 1763 430 1824 rectum;
442 1763 513 1814 etex
522 1763 589 1815 tunc
599 1758 673 1815 iuce-

90 1828 297 1901 peruntomnia
305 1829 378 1884 lacta
386 1830 446 1900 ejus
454 1828 635 1900 interpretari
644 1830 675 1887 in

91 1900 208 1970 malum,
223 1900 259 1956 ad
275 1899 480 1957 diffamandum
494 1899 597 2027 ipsum.
622 1902 674 1958 Os·

92 1971 183 2028 tendit
196 1988 264 2042 ergo
290 1971 354 2027 illos
369 1987 429 2029 esse
461 1987 566 2027 meam
588 1973 674 2030 arho-

91 2059 152 2100 rem
167 2059 200 2099 ex
211 2043 287 2099 mala
303 2042 409 2111 radice,
424 2047 453 2098 et
467 2043 557 2100 malos
567 2043 675 2101 fruetus

91 2114 241 2183 dare,eum
251 2113 675 2172 intentioneeordiseorumma·

733 471 906 531 locutionem
925 472 994 543 oris,
1015 474 1187 534 locutionem
1214 477 1320 550 cordis,

734 549 763 602 et
784 544 955 602 locutionem
969 546 1073 617 operis.
1095 548 1151 604 Per
1165 547 1224 606 oris
1243 550 1320 608 enim

733 616 915 686 locutionem,
932 617 1064 674 universa
1087 635 1153 747 (ὲυεε
1181 625 1256 690 actu,
1276 621 1320 679 val

733 688 867 760 cogitatu,
883 688 926 744 vel
943 705 1074 747 sermone
1113 708 1129 748 e
1147 692 1233 749 eorde
1252 709 1320 764 pro·

733 759 863 817 teruntur
873 760 1010 818 Dominus
1018 761 1171 890 significat.
1181 765 1252 820 llam
1260 780 1320 821 ver·

733 831 802 889 bum
816 848 867 904 pro
878 832 1036 904 factoquan
1058 850 1132 904 oque
1166 834 1215 891 oni
1230 836 1317 904 solet;

732 904 809 961 unde
831 902 918 960 lsaias
940 904 975 961 de
998 905 1116 962 Ezechia
1142 850 1210 963 ij
1230 923 1237 963 :
1258 910 1320 968 Non

732 977 790 1056 [ult
808 976 919 1031 bobum
936 976 1009 1046 quod
1026 993 1080 1034 reon
1097 979 1248 1035 ostenderet
1267 981 1316 1044 eie,

733 1046 763 1103 1d
777 1050 821 1103 est
834 1062 880 1103 res
890 1045 976 1118 digna
984 1048 1082 1105 verbo.
1095 1048 1146 1105 Ubi
1162 1052 1318 1120 oberosto

734 1134 795 1173 mus
810 1140 817 1174 ε
835 1136 850 1170 o
870 1119 903 1173 Et
919 1118 982 1174 ride
998 1118 1035 1175 ad
1048 1120 1186 1191 majorem
1200 1137 1320 1178 accusa·

733 1187 842 1246 tionem
854 1189 1005 1258 malorum,
1016 1194 1044 1246 ct
1058 1192 1194 1263 majorem
1207 1192 1320 1249 laudem

733 1261 885 1329 bonorum,
904 1260 979 1332 quod
999 1260 1068 1317 dicit
1086 1278 1093 1317 :
1111 1265 1157 1318 Ee
1176 1263 1321 1319 abundun-

734 1335 775 1388 tio
800 1333 891 1388 cordis
915 1348 944 1388 os
972 1333 1106 1402 loquitur,
1131 1332 1232 1402 idest,
1257 1349 1322 1391 cum

733 1405 819 1459 homo
839 1403 948 1460 locutus
972 1403 1058 1460 luerit
1073 1406 1190 1461 verbum
1213 1405 1321 1463 bonum

732 1475 775 1531 vel
802 1474 925 1541 malum;
947 1491 982 1530 ne
1030 1479 1092 1533 utes
1120 1476 1187 1548 quia
1208 1481 1321 1533 tantum

731 1544 800 1602 honi
824 1546 866 1602 vel
886 1545 953 1602 mali
973 1491 1059 1603 haget
1083 1546 1111 1603 in
1128 1547 1213 1603 corde
1228 1563 1319 1618 quan·

731 1623 792 1673 tum
807 1616 932 1674 ostendit
943 1617 973 1673 in
984 1618 1081 1687 verbo,
1091 1619 1142 1675 sed
1157 1618 1245 1676 multo
1260 1634 1320 1676 am·

730 1689 814 1761 plius.
832 1690 870 1744 Ex
891 1689 1067 1747 abundantia
1086 1689 1161 1747 enim
1184 1689 1253 1749 boni
1272 1690 1317 1747 vel

731 1759 807 1825 mali,
825 1776 888 1832 qum
903 1765 946 1817 est
961 1759 989 1816 iu
1004 1761 1101 1830 corde,
1112 1778 1317 1834 sermoproce·

730 1831 781 1888 dit.
798 1832 880 1899 Quod
904 1830 981 1888 euim
999 1833 1121 1890 exterius
1139 1833 1254 1903 dicitur,
1275 1838 1319 1890 εει

730 1901 1144 2045 llhllltl¹t.ell⁸..lbl
1159 1901 1319 2047 {lilerio

730 2045 819 2116 enim,
828 2046 904 2117 quod
917 2044 1022 2102 dictum
1034 2051 1077 2102 est
1088 2048 1124 2103 ab
1138 2045 1190 2116 eis,
1203 2045 1243 2103 ita
1257 2062 1318 2104 ma·

731 2116 790 2174 lum
805 2122 858 2186 est,
874 2117 1001 2189 excogita
1019 2117 1145 2174 radicem
1166 2118 1318 2174 verborum

90 2185 153 2242 litia
179 2186 306 2242 abundet
330 2186 455 2255 iuvidiae,
482 2185 550 2243 dicit
576 2203 644 2259 ergo
666 2202 673 2244 :
731 2204 817 2260 quam
835 2194 878 2245 est
891 2189 979 2247 malet
994 2211 1008 2240 ιι
1024 2190 1085 2246 haec
1100 2190 1316 2260 chysostomus.

89 2260 235 2326 Propentes
259 2273 309 2314 seu
334 2261 475 2326 ponimino
502 2261 672 2329 viperarum,
730 2263 764 2316 Et
776 2261 852 2329 idco,
864 2266 895 2317 ut
906 2260 975 2317 dicit
984 2261 1142 2331 Greoorius,
1158 2261 1316 2319 curandum

90 2327 120 2384 id
135 2337 178 2385 est
191 2328 317 2385 venerati
336 2327 386 2385 filii
409 2335 613 2387 venenatorum
627 2333 674 2388 Ju·
728 2336 783 2402 est,
795 2336 823 2388 et
836 2331 914 2389 omni
927 2331 1057 2389 custodia
1068 2348 1147 2389 mens
1160 2332 1314 2402 servanda3

91 2400 237 2470 daeorum3
257 2400 324 2472 quia
346 2416 485 2458 venenum
504 2401 617 2458 invidiae
639 2418 673 2458 ex
729 2420 786 2460 non
802 2403 958 2461 animante
973 2405 1070 2462 oculos
1087 2404 1200 2462 Domini
1215 2409 1317 2461 trans-

90 2470 191 2528 eestris
205 2472 370 2545 parentibus
384 2471 518 2540 traxistis,
540 2473 586 2545 qui
606 2489 671 2545 per·
728 2475 825 2532 volant
846 2475 1033 2547 cogitationes
1052 2482 1169 2545 nostrae,
1192 2480 1221 2532 et
1240 2475 1317 2532 nulla

89 2542 179 2600 secuti
198 2547 265 2599 sunt
284 2545 441 2616 Prophetas
456 2560 489 2601 ex
506 2543 624 2608 invidia,
644 2549 673 2601 et
729 2552 874 2603 momenta
889 2547 1026 2618 temporis
1037 2563 1089 2629 per
1104 2562 1211 2603 annum
1222 2551 1315 2602 trans·

88 2629 140 2671 nos
154 2630 189 2671 ex
209 2614 308 2671 eadem
331 2615 442 2671 ratione
469 2615 672 2687 persequimini
728 2624 797 2674 eunt
815 2617 876 2674 sina
891 2622 965 2674 statu
984 2617 1190 2675 retributionis.
1202 2620 1236 2673 Et
1250 2616 1317 2688 quia

88 2701 135 2742 me
147 2691 259 2768 patrem
274 2685 427 2756 Christum,
439 2690 467 2743 ει
483 2693 606 2744 matrem
619 2689 671 2744 Ec·
728 2690 949 2745 exabundantia
963 2690 1054 2745 cordis
1066 2691 1237 2760 obloquitur,
1250 2688 1315 2745 ideo

88 2757 215 2826 alesiam,
229 2760 363 2828 quomodo
375 2760 490 2829 potestis
504 2759 573 2815 bono
584 2760 670 2829 ιοᾳιιι,
728 2760 801 2817 bene
820 2759 970 2832 sequitur:
990 2763 1081 2817 Bonus
1100 2764 1177 2818 bomo
1194 2761 1228 2815 de
1247 2760 1316 2816 bono

88 2845 149 2885 eum
169 2832 232 2884 sitis
248 2831 339 2885 molt?
356 2828 441 2897 Quasi
460 2828 567 2887 diceret
585 2848 592 2886 :
608 2832 672 2887 Non
728 2835 855 2889 thesauro
870 2848 931 2900 suo,
948 2831 1035 2890 idest
1053 2833 1089 2890 de
1107 2833 1184 2890 bona
1199 2830 1314 2888 intenti·

87 2899 208 2973 potestis
230 2901 266 2957 de
293 2916 339 2956 me
355 2902 431 2958 boua
457 2901 545 2972 loqui,
565 2901 672 2959 invidia
727 2904 987 2973 oneetvoluntate,
1001 2921 1064 2977 quae
1076 2904 1150 2962 sicut
1163 2905 1316 2961 thesaurus

87 2971 273 3045 prohibente;
295 2988 357 3028 cum
385 2972 461 3029 enim
494 2972 556 3030 sitis
583 2976 671 3031 arhor
727 2975 909 3034 absconditus
930 2976 999 3034 latet
1020 2976 1140 3035 interius
1159 2975 1188 3033 iu
1208 2980 1315 3044 mente,

87 3042 174 3112 mala,
190 3059 247 3099 non
266 3041 396 3116 poteritis
421 3044 542 3102 fructum
562 3047 670 3103 bonum
723 3050 832 3120 profert
854 3050 923 3105 bono
948 3048 1139 3121 cogitationis,
1163 3046 1315 3106 locutionis

87 3113 177 3183 serre3
195 3114 273 3171 utilia
285 3114 399 3187 quidem
412 3116 476 3172 aliis
494 3123 614 3199 possunt
628 3117 671 3173 lo·
727 3125 755 3176 ει
767 3120 875 3192 operis;
894 3125 921 3176 et
934 3123 1024 3176 molus
1039 3124 1117 3177 bomo
1131 3121 1247 3177 domolo
1261 3121 1318 3175 the-

87 3185 148 3315 gui,
164 3185 214 3242 sed
235 3202 293 3243 uon
312 3186 458 3244 meritoria
478 3187 542 3246 sibi.
562 3189 613 3245 Ubi
632 3186 673 3245 ait
727 3207 809 3247 sauro
823 3208 874 3247 suo
888 3192 995 3262 profert
1013 3195 1098 3254 molo,
1119 3190 1188 3273 quia
1200 3195 1315 3246 contra·

11 3307 14 3316 .
109 3260 294 3326 brysostomuo
309 3275 316 3315 :
334 3280 348 3309 o
363 3260 423 3314 Nou
443 3263 536 3330 potest
553 3259 626 3328 lieri,
641 3263 673 3316 ut
728 3261 778 3317 riae
792 3277 885 3317 causae
895 3263 1002 3317 habent
1011 3267 1171 3318 contrarios
1186 3262 1314 3317 ellectus.

87 3327 145 3385 alia
160 3329 290 3399 germina
306 3329 510 3412 producantur,
527 3328 583 3385 nisi
602 3345 671 3400 qua·
728 3336 767 3388 hc
782 3331 805 3387 si
825 3331 922 3387 dicat:
939 3334 996 3387 Vos
1014 3332 1082 3388 mali
1106 3330 1185 3400 estis,
1200 3331 1265 3386 ideo
1281 3331 1316 3386 da

87 3398 124 3456 lis
148 3399 234 3456 luerit
258 3400 338 3456 radix
360 3400 390 3455 in
419 3406 504 3456 terra.
535 3399 674 3456 Voluntas
728 3403 862 3459 thesauro
877 3400 972 3458 cordis
987 3402 1084 3471 vestri,
1101 3417 1158 3457 non
1173 3400 1227 3456 nisi
1242 3399 1317 3457 mala

87 3469 165 3528 euim
178 3471 326 3528 hominum
339 3469 419 3526 radix
439 3475 481 3526 εει
495 3488 502 3539 ;
518 3471 607 3527 verba
620 3488 671 3527 au·
728 3471 873 3545 profertis.
890 3472 1050 3529 Secundum
1079 3474 1204 3530 Gtossom
1229 3470 1317 3540 enim,

85 3545 145 3598 tem
159 3549 188 3599 et
201 3559 298 3616 opera,
314 3543 497 3599 tructussunt
508 3541 671 3599 voluntatis.
729 3545 881 3601 thesaurus
895 3542 989 3600 cordis
1008 3549 1051 3601 est
1066 3542 1197 3612 intentio,
1212 3558 1244 3599 ex
1261 3558 1318 3614 qua

86 3612 154 3670 Ideo
168 3615 253 3685 quale
266 3631 316 3670 cor
327 3612 521 3685 unusquisque
532 3613 673 3684 hahuerit,
729 3617 802 3672 Deus
806 3613 1016 3688 judicatopera3
1024 3614 1258 3698 undealiquaudo
1266 3613 1317 3670 mi·

85 3683 156 3740 talia
178 3690 206 3741 et
224 3686 311 3742 rerba
333 3684 468 3757 loquitur,
486 3689 513 3742 et
527 3700 615 3757 opera
630 3686 672 3742 la·
728 3703 800 3744 nora
808 3688 1111 3760 majorem,etmajora
1119 3702 1259 3744 minorem
1267 3687 1316 3743 ha·

86 3755 126 3812 cit
142 3774 149 3812 :
167 3775 181 3809 o
197 3755 257 3812 haec
273 3759 488 3826 chrysostomus.
727 3760 797 3816 hent
809 3758 979 3816 mercedem.
989 3759 1069 3832 Saepe
1080 3759 1157 3817 euim
1168 3758 1315 3831 majorain

124 3832 155 3895 ab
170 3829 229 3894 Quo
245 3846 327 3885 seusu
343 3846 377 3884 nx
392 3846 563 3886 aauununrm
578 3846 672 3887 connis
727 3847 843 3903 genere,
854 3828 958 3887 minori
970 3830 1041 3888 bunt
1049 3831 1178 3900 caritate,
1186 3836 1214 3888 et
1224 3847 1240 3887 e
1251 3846 1316 3886 con-

85 3914 118 3953 οε
143 3916 294 3962 eouuurun.
312 3903 398 3956 -Et
420 3900 484 3958 ideo
513 3902 672 3959 subditur=
727 3902 917 3972 vers03sicut
933 3918 1009 3975 saepe
1023 3903 1128 3976 aliquis
1151 3903 1251 3975 majori
1269 3917 1315 3957 ca·

84 3972 131 4026 Ea
144 3971 317 4027 abundantio
335 3975 407 4028 onim
421 3974 512 4029 cordis
530 3989 560 4028 oo
586 3975 673 4044 loqui·
727 3973 812 4031 ritate
831 3975 881 4031 dat
899 3975 1121 4047 eleemosynam,
1141 3988 1227 4046 quam
1243 3971 1315 4052 alius

85 4045 150 4110 tur;
164 4042 232 4114 quia
245 4045 362 4100 verbum
377 4043 501 4101 exterius
524 4048 569 4101 εει
583 4043 671 4116 signi·
728 4050 823 4102 cantat
845 4048 961 4103 missam
989 4064 995 4103 :
1017 4047 1141 4117 ideoque
1160 4045 1206 4099 hic
1221 4058 1316 4124 'magis

85 4112 231 4169 sscatirum
247 4113 392 4171 interioris
409 4121 570 4189 conceptus.
587 4116 671 4184 Quasi
728 4123 855 4174 meretur
868 4119 904 4175 de
920 4118 1110 4188 eleemosyna,
1122 4130 1207 4186 quam
1221 4113 1268 4169 rlle
1280 4114 1316 4170 de

84 4183 193 4241 diceret
209 4203 215 4240 :
231 4186 285 4241 Cor
299 4189 424 4242 vestrum
436 4187 553 4258 plenum
568 4193 611 4244 est
626 4204 670 4244 re·
728 4187 824 4244 missa.
847 4189 938 4253 Unde,
960 4188 1132 4260 paupercula
1153 4185 1237 4240 vidua
1254 4184 1317 4241 mit·

84 4271 173 4325 neno,
193 4261 222 4313 et
239 4261 349 4313 eructat
378 4257 414 4314 da
438 4260 570 4330 plenoh
590 4263 670 4332 parte
727 4259 813 4315 tendo
826 4261 855 4317 in
874 4257 1108 4339 gazophylacium
1130 4255 1240 4340 templi
1259 4256 1315 4313 duo

85 4331 183 4386 autem
201 4333 293 4385 totum
317 4327 456 4401 intellige,
486 4329 595 4389 scilicet
620 4346 672 4404 per
727 4331 847 4401 minuta,
861 4331 1011 4404 parificata
1024 4333 1068 4386 ost
1081 4328 1161 4387 druto
1176 4329 1312 4396 Zachae03
