2880 4942
179 436 182 441 ,
208 371 251 425 bi:
278 369 376 427 VERB.
406 369 499 433 bort,
527 368 624 423 Phor.
653 369 723 431 011)ss
750 369 878 432 obibit!
905 371 1014 426 anino
1041 343 1223 427 intinniit.
1292 375 1335 432 isa

100 484 230 540 mentum
244 474 392 534 suavitatis
403 491 410 544 ;
422 474 505 532 malis
517 480 614 532 antem
627 478 688 531 erat
743 476 825 533 casti.
840 477 906 533 Haec
917 476 990 533 tides
1008 494 1059 549 per
1073 478 1257 537 dilectionem
1269 497 1336 554 ope-

99 550 253 623 insipidus,
277 563 400 620 quorum
428 546 524 604 anima
550 562 688 605 nauseam
743 565 811 605 rans
831 554 873 605 est
888 565 959 621 opus
976 550 1037 619 Dei,
1054 556 1086 605 nt
1100 549 1212 608 initium
1226 560 1255 608 et
1269 554 1336 611 linis

100 624 235 690 habebat,
251 635 336 692 supcr
351 619 414 676 cibo
428 618 477 675 illo
490 620 606 692 quando
624 619 690 676 ede·
744 620 838 677 omnis
865 621 944 691 boni,
965 622 1034 692 quia
1052 636 1103 693 per
1127 622 1214 678 fidem
1238 640 1337 682 ieram

101 696 179 754 bant.
196 691 242 750 Sic
255 690 434 747 Eucharistia
448 690 533 762 digne
548 692 689 748 sumenti·
744 693 831 749 hoino
845 690 1047 762 incorporatur
1062 694 1130 750 Deo.
1152 694 1231 751 Unde
1243 696 1340 765 ituna-

101 768 166 833 bus,
181 769 224 822 est
243 763 307 819 vitae
323 761 479 846 spiritualis
495 763 645 832 solatium3
661 767 691 818 ot
743 767 834 820 atinus
850 782 857 821 :
875 763 1029 820 «Credere
1053 762 1082 820 in
1104 780 1179 833 eum,
1199 771 1243 822 est
1271 783 1336 824 cre-

99 837 215 908 indigne
226 836 412 917 sumentibus,
426 833 625 915 estjudicium.
640 833 691 891 llle
744 835 839 892 dendo
852 850 960 904 amare,
975 835 1119 893 credendo
1131 837 1262 909 diligere,
1276 854 1336 896 cre-

99 924 168 980 ergo
186 913 229 964 est
252 922 318 963 iere
339 921 423 978 panis
437 909 513 973 ritae,
531 921 581 962 seii
599 905 691 974 viius,
745 907 838 963 dendo
864 908 893 963 in
910 923 975 964 eum
995 907 1047 977 ire,
1067 913 1096 964 ct
1115 908 1177 965 e'us
1198 909 1337 968 membris

99 986 128 1039 et
139 980 175 1037 de
185 979 257 1036 coelu
268 977 453 1044 descendens,
461 976 509 1048 qui
517 981 610 1049 potest
622 993 693 1049 prae-
746 977 934 1049 incorporari.
950 981 1015 1105 ¹8⁸³
1038 982 1082 1035 est
1102 924 1175 1036 fides
1195 997 1281 1052 quam
1301 981 1338 1039 de

99 1067 216 1110 servare
236 1051 369 1130 amente
385 1049 541 1104 secundum
554 1047 692 1117 animam,
747 1048 832 1106 nobis
846 1050 933 1120 exigit
981 1066 1044 1119 eus,
1059 1067 1124 1122 quae
1140 1067 1191 1123 per
1207 1052 1338 1110 dilectio·

102 1126 132 1181 et
155 1122 224 1178 dare
249 1125 337 1175 vitani
361 1126 513 1188 aeternam;
534 1118 599 1175 tulis
625 1134 693 1176 iero
747 1136 813 1177 nem
829 1125 973 1190 operatur.
992 1122 1114 1178 Credere
1136 1138 1205 1192 ergo
1228 1127 1258 1180 in
1274 1140 1341 1184 eum

102 1192 186 1266 panis
207 1196 249 1248 cst
274 1192 396 1248 Verbum
415 1191 607 1260 incarnatum,
636 1205 694 1247 non
749 1197 793 1249 est
814 1193 987 1249 manducare
1006 1194 1111 1261 cibum,
1127 1193 1174 1265 qui
1194 1202 1291 1252 manet
1308 1194 1340 1254 in

104 1269 201 1323 autem
214 1263 298 1319 datus
313 1265 436 1334 aldoyse
447 1262 477 1318 in
490 1263 615 1330 deserto,
627 1261 695 1334 quia
748 1263 836 1320 vitam
854 1276 999 1320 aeternam.
1017 1264 1121 1336 thuid
1143 1281 1228 1337 paras
1242 1267 1343 1326 dentes

102 1335 197 1402 multi,
220 1334 269 1405 qui
295 1349 328 1390 eir
361 1333 409 1389 illo
441 1335 695 1402 manducaverunt,
749 1341 779 1392 et
793 1335 942 1391 ventrem?
957 1335 1057 1395 Crede.
1072 1345 1099 1391 et
1111 1337 1338 1395 manducastitii

103 1405 210 1464 mortni
224 1410 289 1461 sunt
304 1405 333 1460 in
348 1407 455 1474 anima,
465 1412 493 1461 ct
509 1411 600 1462 morte
615 1409 696 1461 aeter·
749 1407 811 1463 haec
827 1409 1012 1475 Annuntinnc.
1036 1407 1108 1465 Caro
1134 1408 1210 1464 onim
1234 1409 1340 1467 Christi

104 1494 153 1535 na.
169 1479 202 1533 lit
215 1482 285 1533 tunc
302 1478 377 1532 inter
391 1482 487 1533 cetera
505 1476 575 1533 dixit
592 1476 633 1533 eis
647 1477 694 1532 Je-
749 1477 852 1551 duplex
862 1485 905 1534 est
919 1496 926 1546 ;
940 1477 1106 1550 spiritualis,
1122 1479 1230 1537 scilicet
1242 1482 1340 1538 Eccle-

105 1566 155 1607 sus
176 1548 263 1604 rerba
287 1547 447 1619 spiritualia
469 1547 504 1603 de
528 1564 649 1621 corpore
666 1552 696 1603 et
749 1549 811 1617 sia3
832 1548 1000 1618 materiatis,
1019 1566 1105 1622 quam
1128 1552 1286 1625 assumpsit
1304 1553 1342 1611 de

104 1619 243 1704 sanguiue
261 1635 312 1676 suo
332 1636 340 1674 :
357 1622 452 1684 Punic,
473 1617 578 1691 inquit,
603 1619 696 1675 idest
749 1623 837 1678 Beata
855 1622 972 1694 Virgine
992 1621 1090 1678 Maria.
1110 1623 1250 1681 comestio
1270 1640 1339 1708 ergo

104 1698 249 1765 signatum
263 1706 314 1762 per
328 1705 442 1762 panem,
455 1707 605 1761 paemene,
622 1705 697 1746 suni·
749 1693 782 1749 iit
799 1693 909 1749 duobus
929 1692 1021 1749 modis
1043 1710 1051 1750 τ
1074 1692 1259 1765 spiritualiter
1278 1713 1340 1753 sci-

104 1780 170 1823 mus
189 1762 341 1845 ·Saccrdos,
360 1763 432 1818 dabo
450 1761 697 1819 sacramentaliter
749 1764 826 1832 licet,
851 1764 967 1835 qnando
988 1765 1052 1836 quis
1071 1766 1203 1823 Ecclesiae
1220 1767 1341 1838 unitur;

105 1841 135 1894 et
154 1835 347 1908 spiritualiter,
360 1833 409 1915 'iel
438 1834 539 1890 saltem
561 1834 696 1907 spiritua·
751 1841 780 1893 ct
794 1835 1048 1905 sacramentaliter,
1063 1839 1176 1907 quando
1191 1840 1300 1910 Corpus
1311 1844 1342 1896 et

106 1908 172 1966 liter
186 1906 379 1987 manducanti,
395 1922 457 1961 coro
476 1923 536 1962 meu
551 1912 591 1962 cst
604 1906 698 1961 latens
752 1909 873 1975 Sanguis
888 1907 918 1963 in
932 1906 1016 1963 altari
1030 1909 1245 1966 sumitur.Unde
1260 1909 1343 1981 panis

109 1980 163 2037 snb
187 1977 281 2050 specie
305 1993 398 2050 panis,
414 1992 466 2048 pio
488 1977 589 2033 mnndi
610 1976 698 2033 totius
751 1978 783 2035 in
799 1977 883 2034 altari
904 1985 948 2034 est
969 1984 1178 2035 sacramentum
1207 1981 1342 2053 Corporis

109 2051 168 2107 vita
183 2051 379 2116 subicientem
395 2049 462 2105 etsi
481 2047 511 2105 in
527 2048 698 2120 quibusdam
753 2049 869 2118 Christi,
886 2049 962 2177 Quod
974 2054 1018 2106 est
1030 2051 1058 2105 in
1071 2049 1208 2123 Ecclesia,
1222 2058 1251 2108 et
1266 2054 1343 2124 quod

111 2138 171 2179 nun
195 2121 293 2190 elficit,
309 2121 394 2246 culpa
415 2136 514 2176 eorum
533 2125 586 2177 est.
603 2122 637 2175 Et
650 2121 700 2174 ito·
754 2120 875 2193 sumpsit
908 2120 1036 2178 ellaria.

110 2209 177 2251 rum
189 2211 197 2248 ι
209 2195 273 2253 Nisi
285 2209 349 2248 man
368 2195 519 2248 *maeoniis
533 2207 642 2248 carnari
656 2193 700 2246 Fi·
794 2198 810 2261 b
825 2195 1009 2249 Munnunario
1027 2194 1275 2251 Carnannairiiinii
1296 2211 1347 2253 nii·

111 2267 146 2322 tii
163 2263 435 2344 homiiiisiiivilieam
449 2263 586 2320 advitam
599 2268 700 2334 gratim
758 2282 813 2322 nuii
840 2266 950 2321 Cniiisri
978 2282 1120 2320 senueris!
1141 2283 1346 2325 irivieiiiaisrinii.

112 2341 142 2395 et
165 2335 275 2407 gloriae,
292 2340 318 2391 et
336 2334 391 2391 nisi
412 2336 537 2391 biberitis
555 2335 615 2405 ejus
635 2350 700 2390 san·
758 2368 793 2378 -
813 2338 847 2392 Et
860 2351 923 2393 cuin
939 2337 1000 2392 haec
1015 2335 1132 2393 dixisset
1145 2336 1174 2392 in
1191 2354 1347 2412 synagoga,

112 2411 224 2478 quinem
239 2407 341 2462 intima
350 2413 549 2479 aspergentem
564 2411 592 2463 ct
606 2421 703 2462 enien-
758 2408 808 2465 iibi
828 2408 906 2464 locus
919 2407 1078 2464 communis
1093 2413 1121 2464 et
1139 2409 1272 2480 publicus
1284 2415 1350 2466 erat

113 2480 240 2548 dantem,
254 2495 308 2534 non
319 2478 456 2534 habebitis
467 2481 555 2534 citum
569 2481 599 2533 in
612 2478 701 2541 uobis,
759 2478 1005 2545 docendi,docens
1020 2478 1048 2533 in
1061 2478 1270 2551 Capharnaum,
1279 2496 1349 2607 duae

114 2551 205 2610 idest
223 2549 417 2623 pigmenta,
433 2546 701 2620 gratimetgloriae.
759 2555 822 2608 erat
836 2549 1211 2622 metropolisGalilaem3per
1241 2569 1276 2608 uo
1306 2567 1351 2609 os·

112 2624 148 2681 Et
161 2622 264 2679 iterum
280 2640 287 2703 ς
304 2622 357 2688 Qui
371 2622 521 2702 manducat
531 2636 639 2701 curnem
651 2635 704 2700 mc-
760 2618 1106 2691 tenditurquodChristus
1114 2621 1207 2693 palam
1217 2568 1349 2694 docebat,
1371 2681 1375 2688 ,

111 2711 170 2765 um,
183 2710 246 2765 quan
261 2708 364 2774 pignus
377 2698 421 2749 est
435 2697 510 2760 ritae,
525 2706 659 2779 quoniam
673 2706 704 2746 in
761 2692 834 2749 sicut
848 2692 958 2748 habens
969 2692 1127 2750 doctrinam
1136 2709 1247 2763 sanam,
1257 2701 1352 2751 elnon

112 2782 199 2824 carne
218 2770 261 2821 est
280 2765 371 2820 deitas
388 2780 451 2836 quae
471 2763 604 2834 viviticat,
622 2769 647 2818 ct
662 2763 704 2844 bi·
762 2768 924 2836 suspectam
936 2781 943 2832 ;
955 2769 984 2820 et
998 2764 1060 2821 haec
1071 2764 1191 2822 dicendo
1202 2767 1352 2824 caritatem

115 2839 156 2895 bit
169 2853 257 2893 mecm
276 2839 439 2904 sanquinem
458 2839 527 2908 potu
547 2833 703 2905 spirituali;
762 2852 843 2893 suam
861 2834 944 2892 nobis
963 2837 1193 2895 commendasset
1213 2839 1242 2894 in
1256 2839 1351 2895 dando

133 2912 165 2966 ni
179 2908 308 2991 inquam,
323 2909 473 2964 munducat
485 2913 511 2963 et
527 2908 595 2963 bibit
611 2911 641 2963 ut
655 2905 704 2961 de·
762 2910 871 2981 Corpus
884 2912 912 2965 et
930 2908 1101 2980 Sanguinem
1114 2926 1212 2979 suum;
1224 2913 1307 2967 multi
1316 2925 1352 2966 ec

113 2927 174 3050 get,
190 2978 298 3037 scilicet
322 2994 380 3036 non
401 2979 493 3037 solum
510 2982 704 3035 sacramenta·
763 2982 911 3052 discipulis
926 2981 996 3050 ejus,
1006 2980 1035 3037 id
1051 2988 1095 3037 est
1109 2998 1142 3038 ex
1157 2981 1201 3038 his
1217 2981 1265 3055 qui
1285 2995 1354 3039 eum

114 3053 191 3122 liter,
219 3052 271 3108 scil
300 3049 386 3108 etiarn
411 3051 609 3134 spiritualiter,
625 3051 706 3132 habet
763 3053 966 3124 sequebantur,
994 3068 1029 3108 ea
1055 3056 1202 3179 lamfflnam
1222 3053 1353 3110 carnales

113 3127 203 3182 uitam
226 3130 367 3187 aceniam,
391 3140 458 3195 quia
484 3124 571 3179 hahet
592 3136 707 3194 princi·
765 3129 882 3196 propter
896 3124 1052 3178 caecitatem
1067 3140 1116 3179 cor
1138 3125 1162 3179 is
1177 3141 1233 3180 non
1249 3122 1354 3179 intelli·

116 3196 197 3270 pium
223 3195 370 3252 i'ii'isicans
390 3197 420 3251 in
440 3199 589 3251 aeternum.
607 3195 641 3248 Et
653 3192 707 3248 ite·
766 3201 878 3265 gentes,
895 3194 945 3249 sed
960 3192 1113 3249 carnaliter
1128 3194 1310 3265 accipientes.
1326 3196 1355 3249 et

115 3283 196 3327 rum:
209 3268 346 3325 Cnromeu
359 3272 471 3323 cerecst
481 3263 606 3327 sinesin
619 3278 709 3336 quaii-
766 3265 965 3329 abhorrentes,
986 3265 1216 3334 murmurabant,
1232 3270 1260 3320 et
1279 3266 1357 3318 dice·

116 3344 178 3397 tuin
200 3344 243 3394 est
267 3340 418 3412 conjuncta
437 3337 530 3394 Verbo
554 3334 615 3401 Dei,
632 3333 709 3405 quod
766 3334 963 3402 runt,scilicct
978 3336 1168 3406 secreteapud
1180 3334 1355 3405 discipulos:

117 3419 163 3471 est
175 3408 255 3466 cibus
272 3426 329 3481 quo
346 3408 446 3464 vivunt
459 3406 558 3477 angeli
570 3423 586 3486 ς.
597 3410 623 3461 et
641 3421 709 3460 sun·
766 3409 859 3462 limus
874 3409 915 3461 est
929 3407 975 3460 liic
993 3421 1092 3467 sermo,
1118 3411 1203 3488 atque
1221 3403 1357 3474 diflicilia,

116 3485 181 3553 nnis
197 3497 272 3537 meus
292 3497 353 3537 cere
374 3485 414 3535 est
433 3484 524 3551 potus,
541 3491 608 3547 quia
633 3479 710 3531 totus
769 3480 832 3548 quis
842 3482 935 3548 potest
951 3493 1010 3531 enm
1026 3476 1135 3539 audire,
1154 3477 1184 3532 id
1199 3482 1242 3535 est
1256 3473 1348 3532 intelli

117 3568 220 3627 purus,
235 3553 305 3609 nihil
321 3552 432 3609 habens
451 3552 486 3606 de
506 3545 649 3604 contrario
662 3546 711 3602 ad·
768 3564 847 3620 gere,
861 3553 889 3604 et
904 3547 929 3603 ei
946 3546 1083 3604 obedire?
1093 3549 1200 3606 Durum
1216 3547 1291 3606 enim
1304 3563 1358 3620 pu·

117 3623 249 3683 mistum.
265 3626 299 3680 Et
316 3632 411 3680 cetera
425 3617 623 3693 hujuscemodi
640 3616 712 3674 dixit
768 3621 878 3689 tabant,
894 3619 930 3675 ad
946 3618 1181 3690 intelligendum
1201 3626 1229 3678 el
1245 3617 1360 3677 inaudi-

116 3702 187 3754 tunc
205 3694 256 3753 eis.
273 3695 400 3763 Qualiter
422 3698 520 3750 autem
536 3691 598 3763 ejus
623 3691 712 3746 verba
767 3691 865 3761 bilem,
901 3690 938 3747 ad
964 3690 1136 3748 laciendum.
1166 3695 1223 3750 Hoc
1252 3698 1359 3762 aulem,

116 3766 279 3849 intelligere
303 3767 471 3833 debeamus,
489 3766 550 3836 ipse
574 3761 712 3819 Dominus
769 3763 925 3821 secundum
938 3763 1137 3833 lucusianum,
1153 3764 1291 3822 Dominus
1304 3763 1361 3820 dis-

116 3845 243 3912 exponit,
260 3838 380 3895 dicens:
401 3839 455 3905 Qui
478 3835 629 3891 munducat
649 3851 711 3890 car·
790 3835 917 3893 ensatiiie
935 3834 1075 3907 permisit,
1090 3841 1122 3892 ut
1149 3837 1222 3893 bene
1238 3832 1363 3892 docenti·

118 3927 182 3969 nem
200 3927 300 3978 nicom,
315 3915 347 3966 ut
370 3908 548 3980 spiritualem
567 3906 671 3987 cibum,
686 3910 713 3962 et
770 3852 824 3965 Rus
837 3923 953 3964 eausam
968 3908 1113 3979 patientiae
1135 3913 1164 3963 et
1189 3903 1362 3964 consolatio·

120 3982 196 4045 ln'bit¹
216 3998 306 4038 meum
332 3984 506 4050 sanquinem,
521 3983 554 4035 ut
579 3980 714 4050 spiritua·
771 3978 937 4046 nis,contra
952 3979 1019 4036 mali
1040 3984 1142 4034 nantes
1156 3994 1255 4035 eurum
1273 3975 1363 4031 dietas

119 4053 178 4112 lem
205 4059 315 4125 putum,
331 4056 362 4108 in
387 4068 429 4109 me
455 4055 560 4120 manet,
574 4065 627 4123 per
648 4047 715 4105 iiie
772 4051 926 4122 praeberet,
940 4066 1006 4107 cuni
1019 3995 1152 4121 discipuli
1168 4048 1253 4104 etiam
1269 4044 1364 4103 verbis

122 4124 399 4193 conformationem,
419 4129 445 4181 et
463 4138 512 4195 epo
533 4125 565 4178 in
588 4123 649 4186 illo,
664 4135 716 4192 per
775 4119 880 4177 Christi
896 4122 1050 4178 detrahere
1068 4125 1253 4192 praesumant.
1271 4120 1366 4175 Sciens

120 4195 223 4280 gratiae
235 4195 483 4253 inhabitationem.
498 4192 629 4253 Proiecto
643 4191 717 4248 fides
775 4197 867 4248 nutem
877 4195 966 4261 iesus,
976 4194 1025 4264 qui
1036 4195 1182 4247 scrutatur
1194 4190 1367 4260 cardamate

121 4285 155 4325 in
172 4269 258 4326 corde
278 4273 339 4337 tuo,
354 4272 396 4324 est
422 4266 554 4325 Christus
575 4263 606 4320 in
630 4262 718 4320 corde
776 4263 878 4320 dehoc
898 4263 1008 4319 occulte
1027 4268 1242 4331 murmurarent,
1259 4260 1367 4331 statim,

122 4344 191 4410 tno;
207 4339 291 4397 crede
311 4355 378 4412 ergo
401 4336 433 4395 in
455 4352 533 4407 cum,
548 4341 577 4394 et
594 4335 718 4394 mandu-
777 4335 852 4395 dieii
862 4337 901 4392 eis
912 4356 920 4394 z
930 4337 987 4392 lloc
999 4349 1047 4391 vos
1061 4332 1300 4392 scanduliautllit
1313 4329 1374 4395 soli

187 4434 260 4492 Vm
275 4435 344 4492 iasii
359 4434 481 4502 (isaim
496 4430 590 4488 Tonas
605 4429 643 4488 11.
1269 4431 1299 4484 13
