2880 4942
78 350 81 357 '
136 341 167 396 ta
483 335 593 390 rutuli
620 336 739 391 rubris
766 335 872 391 CAPUT
897 332 1009 388 xlvii.

134 469 245 533 Venisti
279 468 331 523 bue
360 467 424 519 oute
453 466 560 533 tempus
591 461 717 518 debitum

133 551 177 603 tor
197 555 261 597 uere
284 552 334 593 uos
350 553 356 592 :
372 535 505 591 Sciebant
530 533 652 588 enimin
672 533 718 589 die

131 614 231 691 judieii
255 610 309 665 sibi
341 606 465 662 futuram
494 605 717 675 damnationem,

134 694 163 746 et
179 702 209 742 se
223 679 377 739 mittendos
399 678 427 733 iu
451 677 592 748 abyssum.
609 683 639 732 et
663 682 721 732 tor·

134 755 272 833 quendos,
301 750 350 805 sed
374 749 433 820 jem
460 745 588 819 torqueri
604 764 632 803 se
647 748 720 803 diee-

134 830 246 893 cebant;
263 823 340 895 quia,
352 819 506 876 secundnm
514 821 720 889 Hieronymum,

153 898 285 956 raesentia
306 890 459 949 salvatoris
480 897 654 947 tormentum
679 896 722 947 est

133 917 307 1030 gantonem.
325 965 405 1021 Unde
420 964 625 1031 chrysostomus
639 982 647 1017 :
660 964 721 1017 «Et-

136 1045 212 1101 enim
227 1037 445 1107 tlagollabantur
458 1033 638 1090 invisibiliter
652 1049 721 1106 pun-

132 1117 170 1172 cti
186 1122 214 1171 et
231 1112 318 1173 inliti,
333 1115 361 1163 et
376 1105 569 1162 intolerabilia
582 1106 721 1177 patientes

131 1205 165 1245 ex
182 1180 437 1258 praesentiusue.»
453 1179 513 1247 Vel,
528 1176 592 1234 ideo
605 1185 720 1249 torque-

131 1262 245 1322 bantur,
255 1258 331 1328 quia,
344 1251 560 1322 suspicabantur
572 1250 647 1321 quod
657 1266 721 1306 mot

135 1334 212 1390 exire
228 1337 256 1386 et
275 1328 424 1384 alaesione
448 1337 559 1377 cessare
588 1337 722 1392 cogeren-

134 1409 203 1459 tur:
226 1416 303 1459 nam.
331 1394 486 1450 seeundum
512 1395 718 1461 Hieronymum,

132 1487 267 1543 magnum
283 1472 456 1523 tormentum
481 1469 524 1519 est
543 1463 719 1518 daemonibus

131 1543 279 1602 alaesione
296 1536 442 1594 bominum
466 1549 587 1597 cessure,
605 1539 720 1604 propter

27 1634 32 1644 ·
130 1615 227 1672 odium
241 1611 316 1683 quod
331 1625 400 1680 erga
414 1623 465 1663 nos
479 1607 594 1676 habent,
611 1611 640 1661 et
656 1614 719 1661 tan-

129 1691 160 1743 to
175 1684 289 1758 gravius
302 1682 458 1750 dimittunt,
484 1682 591 1750 quanto
616 1675 720 1732 diutius

149 1757 324 1813 ossedernnt.
335 1752 437 1808 Caveat
449 1765 517 1821 ergo
533 1749 614 1805 laesus
626 1764 644 1804 a
657 1749 719 1805 dia·

128 1773 206 1893 Boio,
224 1833 255 1883 ut
268 1827 323 1881 cito
348 1825 409 1893 ejus
421 1823 521 1894 jugum
541 1819 716 1892 disrumpat,

130 1900 198 1971 quia
214 1904 293 1955 tanto
314 1894 432 1959 lucilius,
446 1898 553 1965 quanto
569 1894 718 1965 citiusejus

131 1969 435 2031 dominiumevitatur.

167 2065 182 2101 o
201 2044 258 2100 Cun
271 2058 367 2097 aanor
381 2055 553 2096 ueneremur
563 2038 647 2093 Lemo
658 2036 672 2091 t
683 2067 717 2077 -

129 2116 164 2169 Et
177 2111 371 2182 interrogabat
387 2126 434 2166 eos
446 2113 527 2167 lesus
543 2111 576 2165 de
591 2109 715 2176 nomine,

129 2199 186 2239 non
202 2184 270 2253 quia
285 2184 441 2252 ignoraret,
459 2181 508 2234 sed
521 2186 553 2233 ut
564 2179 716 2234 multitudo

129 2255 292 2310 daemonum
306 2267 339 2305 ex
354 2249 529 2305 confessione
554 2262 653 2303 eorum
669 2264 717 2316 ap·

100 2330 253 2396 ,pareret
293 2327 322 2375 et
351 2320 443 2391 magis
476 2318 612 2374 credibile
643 2324 716 2372 esset

128 2396 204 2467 qnod
228 2399 271 2449 tot
297 2392 441 2447 daemones
456 2391 483 2445 in
500 2390 609 2446 duobus
625 2388 716 2444 bomi-

127 2467 212 2523 nibus
225 2465 355 2531 luissent;
372 2468 411 2531 et,
424 2468 465 2532 ut,
481 2459 610 2517 confessa
625 2465 714 2530 peste,

127 2539 217 2595 rirtus
231 2535 469 2608 curantisgratior
480 2533 624 2589 emicaret.
636 2531 714 2588 Unde

128 2611 280 2667 dixerunt:
296 2610 379 2676 Legio
392 2608 462 2662 mibi
474 2620 571 2661 nomeu
585 2607 635 2670 est,
646 2605 714 2674 puio

127 2684 210 2738 multi
224 2696 338 2747 sumum
360 2679 399 2736 Le
421 2677 448 2734 io
478 2682 573 2734 autem
600 2677 715 2746 proprie

126 2753 231 2811 dicitur
249 2766 385 2807 numerus
401 2696 606 2805 determinatus
618 2761 713 2803 arma-

126 2829 221 2880 torum
241 2823 271 2877 in
300 2822 434 2887 exercitu,
459 2823 488 2875 et
517 2820 642 2874 eontinet
666 2835 714 2874 sex

126 2894 217 2951 millia
229 2891 527 2962 sexcentnssexaginta
538 2907 595 2962 sex,
609 2894 638 2946 et
648 2890 713 2946 inde

126 2964 230 3022 dicitnr
256 2963 341 3035 Legio
368 2961 398 3018 in
430 2963 615 3031 daemonibus,
647 2960 713 3033 quia

126 3034 251 3093 militant
264 3039 363 3090 contra
377 3050 438 3104 nos,
453 3042 482 3090 et
492 3034 570 3106 quia,
585 3032 637 3089 etsi
653 3049 710 3088 non

124 3112 243 3179 possunt
254 3106 526 3162 hominibusnoeere
538 3105 567 3161 in
578 3120 710 3176 persona,

123 3178 225 3237 saltem
252 3182 390 3249 appetunt
407 3177 447 3234 eis
474 3192 576 3234 nocere
599 3175 629 3232 in
643 3176 711 3232 sub·

128 3249 244 3309 stantia.
277 3250 343 3306 ldeo
367 3251 503 3320 ropubuut
524 3265 594 3317 eum,
615 3247 639 3303 si
664 3264 712 3304 eos

126 3323 253 3395 ejiceret,
268 3338 302 3377 ue
314 3338 342 3378 se
354 3324 504 3395 expelleret
518 3325 599 3377 entra
620 3321 710 3389 repto-

125 3410 198 3462 nem,
215 3395 300 3451 idest
323 3395 528 3451 habitationem
551 3391 710 3462 hominum,

125 3466 170 3523 vel
180 3468 210 3521 tn
224 3466 356 3539 abyssum
371 3473 400 3522 et
412 3468 441 3523 in
454 3465 597 3523 internum
612 3463 709 3521 :loeus

125 3537 200 3593 enim
241 3537 344 3595 interni
370 3539 491 3595 debetur
523 3535 710 3603 daemonibus,

143 3607 327 3664 ermittuntur
354 3615 450 3665 tamen
477 3608 553 3665 inter
583 3607 712 3663 homines

124 3622 255 3759 {abitare
269 3694 357 3759 usque
377 3678 574 3749 adjudicium,
591 3685 622 3734 ut
645 3677 710 3747 glo-

124 3762 226 3804 mosior
248 3748 283 3802 sit
295 3750 414 3804 motoria
435 3749 590 3805 electorum
612 3750 642 3804 in
663 3763 711 3802 su·

124 3819 271 3890 peratione
290 3819 451 3876 daemonum
466 3821 647 3893 tentantium,
660 3819 710 3874 sed

120 3889 712 3964 penuttteretetatuporeos,tupredtutsal-

124 3966 183 4019 tem
193 3961 234 4017 sic
246 3963 275 4017 in
288 3962 325 4019 ali
347 3978 382 4018 uo
395 3962 556 4036 ellligerent
565 3965 707 4021 homines:

124 4034 193 4107 quia
209 4031 314 4105 ubique
359 4031 469 4090 omines
492 4036 522 4092 in
546 4037 711 4093 moestitiam

123 4105 237 4163 mittere
251 4104 376 4170 student,
390 4111 419 4161 et
439 4106 475 4163 dc
490 4108 649 4178 perditione
665 4123 712 4164 eo·

126 4191 190 4232 rum
215 4177 351 4251 gaudent.
367 4178 439 4234 Ecce
455 4178 616 4237 daemonum
635 4178 712 4235 infir

120 4247 213 4329 milas,
227 4249 295 4321 quin
313 4247 352 4306 nil
367 4254 484 4321 possunt
496 4250 548 4307 nisi
562 4250 692 4324 permissi
699 4268 710 4322 3

120 4333 144 4373 s1
163 4335 231 4393 ergo
255 4321 346 4392 porcis
362 4335 465 4380 nocere
490 4337 549 4380 non
568 4327 710 4395 poterant,

777 462 830 518 nisi
842 463 981 534 permissi,
996 461 1085 519 multo
1098 463 1191 518 minus
1201 462 1366 523 hominibus

776 534 856 590 laetis
868 537 904 591 ad
919 535 1071 603 imaginem
1097 534 1168 604 llei3
1188 541 1301 603 oportet
1317 537 1368 610 igi·

776 610 823 662 tur
838 609 925 662 Deum
941 607 1032 661 solum
1052 605 1162 672 timere,
1191 607 1254 662 illos
1268 614 1367 666 nutem

777 684 960 735 contemnere
977 695 985 746 3
1002 678 1032 732 in
1057 694 1113 749 quo
1139 678 1225 733 etiam
1247 686 1367 749 apparet

776 766 875 805 eorum
893 751 999 822 vilitas,
1014 749 1081 821 qnia
1097 748 1207 821 ingredi
1227 752 1325 806 volunt
1337 753 1366 808 in

777 837 885 892 porcos

811 891 838 949 3.
848 892 1035 949 Cun'Donmns
1045 892 1366 953 rnnursenrr'nnuoursns

775 981 929 1021 rnonnssnn
946 983 972 1019 ru
989 963 1115 1019 roncos‘l
1140 968 1215 1019 -Et
1237 971 1365 1036 permisit

776 1037 925 1108 Dominus,
950 1035 1131 1092 coneedendo
1159 1036 1218 1090 illis
1257 1040 1368 1107 petitio·

777 1123 840 1164 nem
856 1108 992 1235 iffsorum,
1007 1106 1082 1179 quod
1094 1111 1170 1177 patet
1184 1123 1234 1178 per
1247 1125 1366 1181 sequen·

776 1185 833 1235 tem
847 1197 862 1235 e
886 1187 988 1248 ectnm;
997 1195 1061 1235 nam
1073 1194 1222 1247 porcorum
1236 1196 1363 1252 gregem,

776 1253 823 1324 qui
833 1249 913 1322 juxta
931 1253 1127 1322 pascebantur,
1144 1249 1318 1322 invaserunt,
1335 1261 1363 1310 et

777 1325 832 1377 duo
853 1322 941 1380 millia
956 1325 984 1378 in
997 1328 1098 1395 stagno
1119 1322 1293 1379 Genezarctb
1313 1341 1362 1381 sen

776 1395 934 1453 Tiberiadis
951 1394 1167 1450 submerserunt
1183 1411 1191 1463 ;
1209 1397 1290 1450 etsie
1303 1397 1360 1453 dae·

777 1467 898 1524 moniaci
913 1465 1024 1522 liberati
1038 1472 1103 1521 sunt
1122 1472 1150 1520 ct
1174 1468 1274 1524 curati.
1293 1471 1363 1524 Per·

776 1539 853 1595 misit
878 1542 973 1594 autem
990 1537 1044 1593 hoe
1058 1539 1193 1594 Dominus
1220 1554 1276 1595 non
1297 1556 1363 1610 pro·

776 1614 839 1680 pter
853 1625 951 1666 eorum
966 1611 1188 1679 persuasionem,
1209 1611 1250 1665 vel
1270 1616 1301 1666 ut
1314 1612 1364 1670 im·

777 1682 852 1750 piam
875 1696 974 1737 corum
1012 1682 1142 1747 impleret
1176 1682 1362 1752 voluntatem,

776 1755 825 1809 scd
850 1757 965 1824 propter
985 1752 1170 1822 multiplicem
1198 1770 1312 1810 reusam
1336 1761 1364 1811 et

775 1825 936 1882 utilitatem.
949 1826 1117 1892 -Quarum
1130 1828 1219 1894 prima
1235 1832 1286 1896 est,
1297 1827 1364 1897 quia

775 1895 847 1954 sorte
871 1894 1001 1952 homines
1030 1897 1105 1951 illius
1131 1903 1215 1952 terrre
1240 1898 1363 1967 pcccatis

757 1968 833 2025 suis
861 1969 931 2025 illud
959 1969 1093 2024 damnum
1113 1969 1166 2024 sibi
1187 1969 1248 2024 beri
1269 1970 1363 2024 deme·

773 2046 902 2098 ruerant.
927 2073 946 2080 --
966 2041 1105 2108 Secunda,
1122 2046 1153 2095 ut
1166 2056 1198 2095 ex
1218 2046 1319 2095 eventu
1334 2046 1363 2096 et

771 2113 892 2182 jacturae
906 2112 1101 2182 magnitudine
1115 2119 1250 2179 appareat
1273 2112 1363 2167 bomi-

773 2183 856 2237 nibus
888 2198 973 2252 quam
1004 2183 1061 2235 sint
1088 2183 1225 2241 crudeles,
1255 2188 1283 2234 et
1306 2199 1362 2239 no-

772 2256 868 2306 centes
886 2250 942 2306 sibi
967 2249 1087 2304 subditis
1111 2254 1139 2303 ct
1156 2251 1360 2318 obtemperan-

771 2321 856 2386 tibus,
883 2325 912 2376 et
937 2320 1012 2392 quod
1031 2320 1160 2374 homines
1182 2335 1252 2389 quos
1270 2324 1361 2393 inagis

771 2392 871 2447 odiunt
885 2392 947 2462 plus
959 2391 1130 2459 affligerent,
1152 2392 1175 2446 si
1203 2392 1275 2446 Deus
1291 2408 1360 2462 per-

771 2463 905 2533 mitteret,
921 2468 950 2518 et
968 2464 1008 2519 eis
1018 2463 1126 2518 liceret.
1148 2463 1226 2519 Unde
1243 2464 1360 2534 Chryso-

769 2539 891 2592 stomus:
909 2554 923 2588 u
943 2537 976 2591 Et
991 2535 1119 2605 permisit
1133 2535 1187 2590 illis
1205 2536 1301 2590 rolens
1315 2537 1359 2591 ln-

770 2607 852 2675 riam,
868 2622 952 2679 quam
978 2611 1078 2662 contra
1095 2608 1224 2662 homines
1251 2608 1360 2665 liabent

770 2678 924 2742 demones,
953 2678 1084 2734 omnibus
1100 2679 1307 2746 ‹leinonstrare,
1330 2686 1361 2736 et

770 2750 847 2819 quod
864 2751 953 2806 multo
971 2751 1067 2821 pejora
1080 2751 1184 2805 vellent
1195 2750 1359 2808 hominibus

770 2821 911 2893 inlligerc,
927 2822 950 2877 si
965 2825 1090 2892 possent,
1108 2820 1210 2877 virtute
1229 2838 1285 2876 non
1303 2823 1358 2878 im-

768 2892 858 3020 Kediti
874 2893 994 2962 divina;
1016 2898 1044 2948 et
1059 2893 1126 2963 quia
1148 2895 1176 2948 in
1195 2893 1359 3020 bominibfls

789 2980 842 3020 ane
878 2964 1156 3020 demonstrationem
1194 2964 1257 3020 lieri
1297 2966 1359 3035 cjs

769 3034 859 3117 pietas
881 3051 939 3092 non
959 3035 1081 3106 ferebat,
1101 3036 1175 3107 ipsos
1203 3036 1231 3091 in
1259 3051 1358 3105 porcos

768 3113 875 3163 intrare
904 3106 1041 3177 permisit,
1070 3112 1101 3163 ut
1128 3108 1183 3163 illis
1209 3107 1299 3163 virtus
1329 3113 1358 3164 et

766 3177 846 3234 furor
860 3179 1022 3235 daemonum
1035 3179 1173 3235 videatur.
1198 3184 1222 3230 o'
1236 3209 1269 3218 —
1286 3180 1357 3235 Ter-

766 3250 817 3321 tia,
845 3250 1001 3307 secundum
1029 3251 1161 3306 eumdem
1195 3250 1356 3319 chrysosto-

765 3338 851 3392 mum,
865 3328 897 3378 ut
915 3322 1065 3378 addiscant
1079 3337 1187 3388 omncs,
1219 3321 1355 3393 quoniam

768 3410 860 3467 noque
888 3394 1024 3451 adversus
1049 3409 1151 3465 porcos
1181 3396 1286 3449 audent
1310 3394 1354 3450 vel

768 3472 896 3539 possunt,
924 3463 978 3523 nisi
1005 3466 1078 3522 Deus
1107 3465 1277 3522 concesserit
1310 3465 1354 3521 vel

767 3537 939 3608 permiserit.
955 3567 987 3578 -
1005 3538 1121 3606 Quarta,
1147 3543 1263 3607 propter
1282 3535 1355 3592 salu-

767 3614 825 3664 tem
851 3609 1010 3672 bominum,
1036 3613 1068 3664 ut
1095 3607 1162 3664 indc
1191 3608 1355 3665 bominibus

767 3678 867 3734 salutis
880 3680 991 3736 occasio
1007 3680 1194 3750 praeberetur,
1209 3685 1237 3734 el
1250 3684 1280 3736 ut
1302 3680 1354 3736 ho·

767 3750 858 3805 mines
885 3748 1010 3823 regionis
1041 3750 1116 3807 illius
1140 3751 1283 3807 discerent
1302 3752 1353 3807 [tei

765 3821 911 3891 virtutem,
926 3828 954 3878 et
972 3820 1080 3895 ineius
1102 3824 1235 3879 venirent
1259 3823 1354 3895 cogni-

765 3891 873 3948 tionem
888 3908 895 3961 ;
910 3893 995 3966 hujus
1016 3895 1092 3950 enim
1119 3895 1278 3965 occasione,
1304 3896 1354 3965 qut·

762 3964 924 4092 Horrebant,
948 3966 1093 4035 stupescat,
1121 3970 1147 4021 et
1179 3967 1234 4022 baeo
1257 3964 1354 4022 omnia

787 4036 929 4093 ominibus
951 4039 981 4093 tu
1003 4039 1145 4095 unitatem
1168 4042 1194 4093 et
1214 4041 1244 4093 tu
1267 4037 1353 4092 utilas

765 4109 974 4165 amttooerunt.
1015 4137 1049 4150 -
1085 4109 1199 4176 Quinta,
1237 4112 1354 4179 propter

766 4178 934 4260 dignitatem
971 4179 1095 4236 bominis
1132 4180 1351 4251 ostendendam,

765 4250 874 4307 scilicet
885 4256 992 4324 quanto
1006 4250 1120 4325 dignior
1142 4253 1179 4307 sit
1200 4253 1288 4308 bomo
1302 4250 1351 4307 be·

736 4386 739 4395 ¹
764 4318 835 4393 stiis,
857 4337 921 4381 cnm
950 4328 1068 4396 propter
1084 4323 1204 4380 salutem
1229 4322 1352 4382 duorum
