2880 4942
260 280 298 333 tls
327 274 502 330 inlustro
528 272 683 330 citrino
712 277 753 333 Π
779 277 870 334 (ἓᾶΰο
898 276 1118 336 libuttttttrtt.
1287 283 1333 339 3³9

127 402 194 445 uum
208 392 251 443 est
262 399 353 457 poenae
361 388 391 439 et
402 378 581 454 tempestatis
595 379 625 437 in
635 381 694 438 rita
749 381 779 440 di
798 383 895 456 hrains,
910 386 1077 446 curretiam
1094 385 1171 447 circa
1191 388 1257 447 ritas
1277 405 1331 451 ns·

105 405 201 516 futura
212 476 220 528 ;
233 461 262 516 at
277 474 292 515 e
308 470 456 521 converso,
471 451 584 525 quaudo
598 456 693 534 estse·
749 455 876 515 cessaria
892 473 995 529 parum
1009 458 1126 518 inerunt
1138 459 1258 520 studiosi
1272 477 1279 530 ;
1301 467 1331 521 et

105 530 213 588 renites
229 530 260 588 iu
280 543 399 600 vespere
423 530 452 584 et
469 524 562 594 tarde,
583 524 694 608 scilicet
747 543 848 586 eorum
869 529 983 589 devotio
1003 530 1041 586 ad
1055 532 1237 603 praesentiam
1253 532 1333 594 Chri·

104 602 136 660 in
148 603 213 658 vito
238 604 307 670 tine,
328 600 443 671 siguum
462 603 505 655 est
529 601 692 654 serenitatis
747 598 795 669 sti,
814 600 880 675 quia
895 603 934 659 sic
948 601 1180 674 inseparabiliter
1199 605 1332 667 adhara-

104 681 133 731 et
146 674 348 732 consolationis
359 671 425 729 ritas
440 671 553 728 iuturae.
568 672 614 751 Et,
637 670 691 751 llo·
746 672 815 731 bant
829 672 866 743 ei,
878 674 954 745 quod
969 674 1205 738 necessariavitre
1216 677 1332 739 luerent

104 746 209 815 minus,
224 749 403 816 inuenissent
419 745 614 815 spiritaliora
637 756 691 824 sae·
747 744 845 814 obliti3
861 750 890 803 et
908 762 993 818 quam
1010 748 1150 807 modicam
1169 749 1264 809 carnis
1280 767 1332 812 cu-

103 825 136 877 ut
155 820 191 877 de
213 821 362 877 hominum
387 816 480 875 saluto
505 814 629 897 laetatur,
651 817 693 872 ita
746 832 808 874 ram
823 817 967 878 habebant
979 818 1009 879 in
1019 819 1137 892 reliquis
1151 821 1332 896 necessariis,

105 909 191 963 super
216 907 317 949 eorum
341 889 420 947 dolet
439 888 598 955 erroribus,
622 887 690 943 atta
746 887 864 970 quinae
883 889 1019 952 viaticum
1032 902 1218 967 sumpserunt
1230 894 1331 955 inten-

105 966 251 1023 deneratio
270 963 357 1030 mutu,
378 961 473 1032 quoad
498 974 611 1016 morum
649 972 693 1015 er
745 961 1331 1027 trouebominicicomitatus.Undeliemt·

104 1035 279 1103 annositatem,
292 1039 319 1091 et
339 1032 481 1101 adultera,
498 1030 594 1103 quoad
620 972 689 1090 idei
745 1035 809 1102 piae
825 1049 833 1089 t
850 1054 866 1087 o
880 1035 968 1094 Tanto
982 1036 1059 1095 enim
1078 1054 1177 1097 amore
1201 1037 1330 1110 Magistri

102 1108 296 1177 violationem,
324 1104 463 1162 recedens
489 1118 507 1160 a
533 1104 600 1169 Deo,
622 1118 690 1160 vero
746 1103 956 1176 detinebantur,
976 1112 1007 1166 ut
1021 1124 1075 1166 nce
1098 1108 1185 1169 etiam
1200 1111 1236 1169 ad
1251 1127 1332 1183 pun·

103 1195 210 1265 sponso
225 1177 395 1264 animarum,
410 1192 461 1248 per
479 1173 690 1257 infidelitatem,
747 1181 824 1234 ctum
846 1178 952 1235 vellent
967 1181 1004 1238 ab
1023 1196 1058 1237 eo
1070 1181 1215 1240 recedere.
1232 1182 1331 1242 Auim-

102 1247 690 1394 attilam,tttttltltttttb
746 1248 1330 1396 {illidit“ttratttlttttltl

102 1398 159 1450 πίει·
171 1398 282 1464 sipnum
300 1394 374 1450 Jonae
385 1394 536 1466 Propheta,
550 1389 579 1447 id
597 1394 642 1474 est
655 1387 692 1448 si·
747 1397 805 1450 tam
818 1409 935 1465 parvam
954 1339 1093 1453 gabereut
1109 1396 1145 1454 de
1162 1397 1331 1457 necessariis

101 1483 189 1595 guum
204 1465 391 1535 infirmitatis,
410 1465 446 1522 da
465 1479 522 1536 quo
538 1462 691 1521 Psalmrsta
746 1467 994 1535 nummulariam
1009 1467 1088 1525 obliti
1102 1468 1158 1527 siut
1172 1486 1262 1542 panes
1276 1486 1330 1528 ao·

122 1538 192 1595 icit:
210 1543 264 1595 Fue
278 1555 382 1598 mecum
399 1541 510 1606 sipnom
524 1537 555 1592 ta
578 1535 688 1617 bonum,
746 1535 851 1609 cipere,
862 1537 924 1597 sine
937 1539 1041 1611 quibus
1052 1541 1178 1600 humana
1189 1541 1331 1614 fragilitas

103 1616 156 1667 etc.
174 1613 232 1667 Hoc
246 1611 323 1668 euim
339 1616 384 1666 est
402 1609 514 1683 signum
531 1607 687 1676 Passionis,
744 1609 901 1666 subsistere
915 1627 972 1668 nou
989 1615 1106 1683 potest:
1127 1634 1138 1666 ι
1157 1613 1219 1671 herc
1237 1616 1328 1672 Remi·

101 1699 153 1756 per
166 1682 242 1754 quod
256 1681 349 1739 omnis
368 1683 454 1739 homo
469 1684 514 1737 est
523 1678 637 1751 adjutus
660 1681 690 1735 et
743 1684 817 1750 pius.
833 1683 940 1740 Horum
953 1698 1021 1756 ergo
1041 1682 1248 1758 discipulorum
1272 1704 1327 1744 ex-

101 1755 275 1813 cousolatus.
292 1753 389 1812 Simile
413 1754 502 1812 habes
521 1767 618 1823 supra,
638 1748 690 1808 ubi
744 1753 850 1828 empto,
861 1759 889 1813 et
902 1759 934 1812 tu
946 1755 1037 1838 magis
1050 1772 1119 1814 cura
1133 1757 1240 1816 decibo
1252 1775 1330 1817 men·

101 1828 183 1902 plura
196 1828 231 1884 de
245 1828 299 1883 bac
310 1827 408 1883 rideas
422 1823 551 1882 materia.
562 1826 598 1880 lit
613 1828 688 1879 tam·
745 1823 792 1894 tis,
804 1841 890 1896 quam
910 1832 1037 1897 veutr1s3
1058 1835 1087 1885 et
1102 1828 1194 1900 magis
1215 1830 1251 1887 de
1271 1829 1329 1888 vir·

102 1915 187 1972 quam
203 1899 365 1957 obstinatos
390 1898 555 1969 relinquens
581 1893 688 1976 Phari·
743 1900 804 1954 tute
817 1896 916 1966 animi,
926 1913 1012 1970 quam
1024 1901 1059 1957 de
1069 1898 1172 1958 viatico
1187 1901 1326 1974 corporis.

101 1989 174 2028 saeos
194 1977 224 2029 et
238 1971 420 2038 Saddncaeos,
441 1968 537 2041 quoad
559 1982 688 2038 corporis
743 1970 826 2040 Nam,
852 1970 1009 2027 secuudum
1026 1972 1259 2042 t'brpaostomnm,
1275 1975 1330 2033 boc

101 2043 282 2116 praesentiam
296 2048 324 2099 et
331 2041 431 2114 gratiae
439 2042 582 2107 ellectum,
593 2055 688 2094 aaran·
743 2042 818 2110 loco,
832 2040 945 2098 virtutis
957 2042 1098 2114 possessio
1112 2059 1227 2103 nnruem
1238 2044 1329 2103 tristi·

100 2118 143 2172 dit
154 2119 252 2172 itesam
266 2132 374 2184 novem,
387 2130 451 2170 cum
462 2110 605 2183 discipulis
615 2109 686 2179 suis,
743 2111 812 2168 tiam
828 2117 857 2170 et
867 2112 1086 2171 sollicitudinem
1100 2115 1225 2188 expellit,
1235 2133 1269 2174 ac
1282 2117 1330 2175 las·

100 2189 219 2257 stultit,
235 2189 272 2244 ab
289 2187 356 2256 illis,
374 2191 451 2242 troas
469 2187 582 2253 fretum,
599 2180 628 2238 id
643 2186 688 2239 est
742 2183 835 2240 titiam
862 2191 891 2242 et
914 2201 993 2314 sEcm
1022 2203 1155 2259 maguam
1180 2187 1327 2259 immittit3

101 2259 175 2317 ultra
201 2266 332 2332 stagnum
361 2256 553 2326 Genezarcth,
584 2252 686 2311 rellcto
742 2255 864 2328 ideoque
877 2262 906 2313 et
948 2258 1092 2320 ominibus
1107 2259 1328 2334 nosacceptabi·

100 2331 219 2404 strepitu
233 2332 387 2388 mundano.
742 2328 872 2386 lassarit.

138 2407 306 2460 alliscrruus
319 2418 529 2460 onmvrscuurun
542 2416 627 2456 rsuss
642 2415 687 2455 aa·
778 2405 794 2458 5
823 2403 882 2470 Quo
909 2419 994 2463 seusu
1009 2421 1206 2464 marmoratos
1239 2423 1329 2467 ranas

101 2493 205 2546 cirrum
221 2493 303 2532 nurus
317 2493 471 2532 oesrrmurs
484 2491 584 2531 crass.
595 2475 684 2542 -iit,
742 2471 853 2530 Crmsm
869 2491 876 2530 t
894 2476 1033 2534 Cavares
1048 2478 1327 2553 susurriani-Qut,

100 2565 160 2605 cum
184 2551 323 2605 emissent
354 2549 488 2621 discipuli
516 2547 577 2618 eius
606 2548 686 2602 boos
741 2547 833 2615 lesus,
848 2548 924 2603 dicit
942 2550 981 2605 sis
1001 2552 1182 2615 :Intuemini
1196 2549 1328 2623 perdili-

99 2622 211 2689 sretum,
241 2622 322 2677 obliti
351 2625 416 2676 sunt
433 2634 521 2691 panes
551 2617 685 2687 accipere,
741 2622 857 2689 gentem
883 2619 1140 2682 considerationem
1162 2621 1278 2689 mentis,
1300 2626 1328 2680 st

100 2691 129 2749 id
143 2699 186 2749 cst
199 2692 360 2763 fragmenta
371 2706 477 2764 panum
491 2694 687 2762 aeptemapor·
741 2696 843 2762 esame,
858 2705 909 2762 per
923 2691 990 2750 tldsi
1004 2691 1169 2766 puritatem,
1183 2696 1327 2762 atemere·

101 2768 216 2832 tarum,
236 2770 262 2820 st
275 2781 330 2820 non
349 2764 498 2831 habebant,
513 2777 603 2818 aarum
628 2764 686 2818 nisi
741 2766 779 2831 to,
794 2761 824 2818 id
849 2771 893 2819 est
911 2764 1126 2837 acorruptioue
1140 2772 1169 2823 et
1192 2765 1326 2824 doctrine

101 2854 185 2893 unum
198 2853 307 2908 panem.
319 2837 411 2892 Causa
426 2839 520 2892 autem
535 2835 620 2906 hujus
633 2835 685 2892 ob·
740 2844 953 2910 corrumpente,
964 2839 1163 2895 Pharisaeorum
1177 2842 1204 2895 et
1214 2838 1328 2896 Saddu-

102 2907 215 2965 liviouis
234 2908 327 2981 potuit
341 2924 403 2965 esse
427 2906 572 2979 multiplex
589 2925 596 2964 ε
613 2923 682 2977 una,
740 2922 870 2965 eororam:
882 2908 1053 2968 termentum
1067 2909 1270 2983 euimqueudo
1290 2925 1328 2969 ne

100 2978 681 3110 tirttttsttttttrtristu
739 2987 859 3109 crarta
876 2981 1253 3113 rubricata
1272 2926 1326 3040 ³⁰·

100 3096 181 3209 quia’s
211 3068 406 3208 dimisergut}J
427 3067 524 3206 tertig,
552 3070 681 3208 agesmde
758 3130 855 3194 reptes
876 3070 1000 3207 0¹2ssssss
1017 3070 1328 3201 uncldgquusagniolqcuo

100 3200 230 3265 Domino,
251 3198 328 3268 quia,
338 3213 405 3323 dam
424 3210 503 3277 ,risis
527 3195 682 3263 miraculis,
738 3139 1327 3265 fervoremtider,etpraedicationis,utsu·

100 3270 169 3327 certi
184 3278 266 3326 erant
281 3283 336 3340 quo
372 3265 442 3323 nihil
464 3280 506 3322 ers
532 3265 681 3322 deficeret·
740 3279 792 3336 pra
803 3281 811 3332 ;
824 3268 879 3319 cta
896 3267 1075 3333 (ermentaet
1088 3270 1327 3340 corruptiouelis·

100 3346 212 3414 quarta,
228 3340 344 3396 interna
357 3337 476 3394 dulcedo
488 3334 572 3393 unius
586 3342 615 3393 st
624 3307 684 3392 reri
738 3334 942 3403 rodia,scilicet
956 3336 1078 3407 apraris
1087 3339 1225 3394 moribus.
1239 3340 1272 3394 lit
1286 3337 1328 3395 sle

100 3413 182 3488 panis
204 3409 335 3469 habentis
359 3408 391 3465 iu
411 3425 442 3466 ss
463 3423 547 3464 omne
559 3407 684 3464 delecta·
740 3407 863 3464 habetur
876 3405 977 3478 triplex
991 3407 1176 3466 termentum:
1190 3407 1325 3481 primum,

101 3492 240 3554 mentum,
256 3497 341 3554 quam
353 3496 449 3538 secum
465 3477 621 3548 habebant,
636 3477 686 3537 illo
741 3476 1136 3550 Sadducaeorum,quidlcunt
1146 3495 1203 3536 nou
1213 3495 1325 3536 assere·

101 3560 178 3615 euim
202 3555 287 3628 capti,
311 3554 346 3610 de
371 3549 505 3610 exteriori
524 3565 598 3622 pane
624 3566 683 3608 non
740 3547 955 3618 surrectionem,
968 3564 1062 3620 neque
1071 3550 1222 3622 Angelum,
1232 3566 1326 3623 nequa

99 3629 272 3701 cogitabant.
296 3626 377 3683 Unde
392 3624 467 3680 Beda
488 3641 495 3681 :
514 3625 620 3680 «Unus
635 3638 684 3696 pa·
740 3619 893 3691 Christum,
914 3621 1071 3693 Prophetas
1092 3628 1242 3695 spsmuut,
1275 3637 1327 3695 sps

99 3701 143 3758 uis
158 3716 243 3773 quem
262 3714 359 3756 secum
385 3695 525 3754 habebant
553 3694 583 3752 iu
606 3693 683 3764 uari,
740 3691 923 3768 praeentiam
933 3695 991 3750 Deo
1003 3691 1143 3764 serrluut3
1155 3694 1326 3768 secuudum,

99 3771 431 3846 mysticeipsumpanem
445 3767 510 3824 ritas
521 3766 683 3832 Dominum,
742 3763 962 3835 Pharisaeorum,
982 3765 1030 3838 qui
1054 3766 1170 3824 decreta
1185 3766 1268 3839 Legis
1280 3765 1324 3823 dt·

101 3844 232 3902 videlicet
246 3844 422 3902 salvatorem
437 3839 588 3912 designat3
604 3840 685 3912 cujus
739 3837 813 3895 riuae
826 3835 1030 3896 traditionibus
1044 3839 1191 3898 hominum
1206 3844 1324 3921 postpo-

101 3933 209 3987 amore,
228 3916 294 3988 quia
310 3912 505 3987 semperintus
519 3910 685 3968 rcssciabau·
740 3913 822 3978 nunt,
837 3911 939 3982 Legem
946 3911 1105 3997 praedicant
1117 3909 1212 3967 verbis
1226 3916 1255 3967 et
1269 3924 1324 3967 tm·

101 3993 149 4045 tur
161 3989 189 4045 in
204 3990 299 4058 corde,
314 3987 409 4044 miuus
420 3987 454 4041 de
469 3991 584 4040 terreno
599 3999 684 4058 pane,
740 3987 869 4055 pugnant
887 3984 979 4052 iactis,
999 3983 1029 4041 iu
1047 3997 1168 4058 quorum
1192 3980 1325 4039 doctriua

101 4077 157 4133 quo
174 4078 223 4117 cor
243 4076 276 4117 us
291 4058 367 4132 pasci
383 4060 464 4127 solat,
482 4057 622 4112 curabant
642 4073 650 4111 ι
670 4078 683 4105 ι
740 4056 796 4111 duo
811 4061 904 4122 erant,
917 4056 1024 4112 scilicet
1037 4053 1209 4127 perversitas
1222 4051 1325 4110 doctri·

103 4136 162 4190 baec
177 4075 260 4191 saiji.
281 4135 312 4189 lu
331 4147 387 4204 quo
415 4128 576 4187 ostenditur
594 4127 625 4184 in
644 4126 686 4184 eis
739 4143 795 4197 naa,
819 4133 847 4183 et
872 4126 1016 4185 simulatio
1037 4125 1118 4194 vitre3
1139 4125 1257 4183 tertium
1277 4128 1322 4182 est

101 4206 195 4263 ferror
209 4209 238 4261 ct
251 4202 424 4261 desiderium
433 4217 565 4284 supernae
575 4198 686 4258 doctri-
740 4197 976 4272 Herodianorum,
988 4195 1065 4272 quod
1084 4203 1128 4253 est
1142 4196 1333 4268 adulterium,

102 4293 158 4346 nse,
180 4281 209 4334 et
222 4279 402 4348 contemptus
421 4272 588 4332 deliciarum
602 4288 685 4331 mun·
740 4268 936 4341 homicidium,
945 4266 1090 4327 temeritas
1096 4268 1225 4342 iurandt,
1240 4267 1325 4326 simu·
