2880 4942
103 300 147 352 154
477 305 586 360 Pissss
613 305 729 361 utitis
755 302 861 357 citur
885 299 959 353 bii

98 421 180 463 eum:
197 407 272 466 unde
286 410 379 466 ethoc
394 411 470 483 quod
483 411 612 469 veritatis
628 418 682 477 est,
739 413 856 469 sednon
867 409 1007 467 credimus
1019 406 1097 537 (im
1109 407 1253 464 incertas
1324 438 1334 452 ·

98 483 128 535 et
138 478 266 547 honoris,
275 495 327 552 pro
343 479 482 553 vituperio
492 482 631 540 inducunt
642 483 686 540 di·
739 485 779 541 vit
793 484 879 547 sama
891 496 955 538 eum
966 495 1024 551 spu
1059 494 1112 562 nos
1126 478 1200 560 nihii
1215 478 1288 561 tais·
1305 494 1331 536 e·

98 556 195 607 centes
211 568 276 609 eum
288 553 368 620 sobn'
382 555 482 624 wan,
497 571 548 612 scu
563 555 684 613 fabrum.
739 557 823 624 ceris,
837 553 938 626 quibus
953 557 1172 609 conrementius
1187 550 1262 607 tolia
1279 566 1331 608 rm·

97 621 174 704 Sicut
187 622 265 679 euim
279 625 364 681 Pater
377 640 429 696 per
444 625 545 683 Filium
563 626 592 683 in
606 627 685 708 prin·
740 628 889 699 pendenda
910 629 993 682 erant
1013 622 1152 681 beneficia
1172 638 1265 694 quam
1286 638 1331 679 ce·

96 696 170 766 cipio
179 694 273 750 omnia
282 694 431 753 fabricavit
443 714 450 765 ;
461 697 571 771 sieipse
584 698 683 766 Filius,
738 701 816 758 teris.
827 699 882 756 Sed
897 695 1045 765 Dominus,
1056 700 1274 766 consequenter
1283 710 1333 750 re-

96 782 146 892 fer
162 782 243 847 quem
261 769 353 823 omnio
365 770 442 836 [octo
462 775 537 839 suut,
555 770 684 827 omnium
739 772 892 842 spondens,
907 766 1031 825 ostendit
1045 766 1121 839 quod
1133 781 1192 822 non
1203 766 1332 822 dimitte·

110 837 252 917 abricator
276 837 381 909 existit,
407 845 438 898 ut
463 857 529 900 rere
552 848 581 899 et
609 841 683 898 fabri
741 843 789 900 bat
803 844 877 898 inter
892 857 939 897 eos
952 839 1046 896 iecere
1061 838 1201 894 miracula
1215 843 1333 908 propter

100 907 185 977 iilius,
201 914 228 965 ct
242 909 323 968 faber
335 910 391 969 dici
406 912 503 984 possit.
522 916 554 971 ln
569 913 684 970 illorum
741 916 838 971 odium
848 912 1008 984 pntriae,rel
1019 910 1163 967 deiectum
1176 912 1332 979 potentiae5

100 995 170 1061 ergo
182 996 280 1038 errore
292 982 398 1040 veritas
412 984 492 1054 iatet,
503 1002 572 1044 narn
584 985 685 1056 utique
741 986 790 1042 sed
809 990 924 1056 propter
942 997 1042 1040 eorum
1055 982 1294 1038 increduiitatem
1307 987 1334 1035 et

100 1051 171 1135 fabri
191 1052 266 1110 tilius
280 1059 363 1125 erst;
378 1055 429 1113 sed
442 1073 499 1114 uon
514 1058 590 1115 iliius
604 1059 685 1129 qu'us
742 1059 890 1114 malitiam.
908 1055 989 1123 Quod
1017 1052 1095 1111 enim
1123 1053 1164 1109 ibi
1192 1051 1333 1109 miracuta

98 1139 152 1195 ipsi
169 1126 319 1196 putabant.
343 1128 394 1184 sed
418 1128 607 1187 Fabricatoris
621 1145 685 1187 om·
742 1146 799 1185 non
824 1127 953 1193 iaciebat,
972 1141 1030 1182 non
1053 1129 1116 1182 erat
1140 1131 1262 1195 propter
1281 1125 1332 1180 boc

99 1195 188 1265 nium,
204 1196 252 1279 qni
275 1199 431 1266 fabricatus
454 1207 496 1257 est
512 1218 645 1259 euroram
660 1206 686 1258 et
742 1202 818 1273 quod
834 1201 957 1273 patriam
970 1212 1052 1255 suam
1065 1196 1239 1267 despiceret,
1248 1209 1332 1267 quam

98 1270 192 1327 solem.
210 1269 238 1325 id
263 1275 307 1327 est
327 1272 482 1330 Ecclesiam
509 1273 687 1345 primitivam
743 1289 794 1330 sua
809 1272 994 1341 conceptione
1009 1276 1038 1326 et
1052 1267 1227 1325 educatione
1242 1269 1332 1349 buno·

99 1346 128 1397 et
141 1347 318 1413 sequentem.
337 1345 439 1416 Magna
457 1345 570 1403 recitas
584 1361 688 1403 eorum
743 1350 865 1407 raserat,
885 1342 928 1398 vel
953 1346 1070 1413 propter
1094 1341 1150 1395 hoc
1174 1339 1254 1410 quiid
1276 1353 1332 1419 ipse

100 1418 171 1480 erat,
187 1413 388 1484 quia,rum1n
407 1416 501 1473 vorbis
516 1422 543 1473 ct
560 1417 641 1473 sactis
654 1416 688 1472 il·
744 1419 885 1487 impotens
903 1418 991 1481 esset;
1003 1412 1054 1469 sed
1070 1411 1137 1483 qnia
1153 1409 1208 1481 ipsi
1226 1410 1331 1491 indigui

101 1483 154 1538 lius
173 1483 315 1540 Christum
334 1501 509 1557 cognoscere
528 1491 661 1559 poterant
679 1505 687 1555 ;
744 1494 835 1546 erant.
852 1489 886 1543 Et
902 1486 937 1543 ud
954 1487 1008 1541 hoe
1023 1484 1133 1540 inducit
1150 1498 1244 1539 sacrae
1260 1484 1332 1537 Sen-

99 1559 235 1634 attumen,
252 1559 367 1626 propter
385 1557 500 1615 humilis
514 1565 543 1615 et
557 1559 690 1630 pauperis
745 1568 834 1631 ptnrae
854 1558 991 1629 exempla.
1013 1556 1092 1613 Unde
1110 1555 1266 1625 sequitur:
1285 1554 1330 1609 Ait

100 1640 214 1695 generis
225 1626 438 1695 notitiam,eu1n
452 1632 687 1701 contemnebaut3
744 1638 834 1687 autem
849 1633 949 1687 Jcsuo:
964 1630 1061 1691 Amen,
1078 1626 1165 1681 idest
1179 1642 1260 1693 vere,
1273 1624 1330 1679 dieo

101 1702 129 1752 et
148 1711 182 1777 en
200 1696 337 1767 parcitate
351 1699 466 1770 generis
480 1707 509 1758 ct
524 1701 689 1760 infirmitate
744 1704 830 1765 uobis.
842 1704 996 1773 quiirncnto
1008 1700 1143 1770 Propbeto
1154 1698 1331 1769 acceptassent

101 1782 207 1849 cornis,
226 1769 360 1826 volebant
371 1772 408 1828 ab
423 1788 457 1830 eo
472 1773 622 1832 excludere
638 1791 689 1847 po·
743 1779 774 1831 in
787 1779 881 1846 putria
897 1790 960 1842 suu,
977 1774 1006 1828 in
1022 1786 1078 1842 qua
1093 1776 1178 1826 natus
1192 1776 1249 1838 est,
1263 1772 1289 1824 et
1303 1770 1329 1823 tn

102 1843 220 1896 tentiam
235 1842 402 1914 majestatis.
744 1848 822 1904 domo
840 1863 901 1908 suo,
917 1862 951 1901 cx
968 1859 1024 1915 qus
1044 1842 1204 1899 secundum
1220 1853 1330 1897 caruem

138 1918 155 1969 6
179 1914 287 1971 Nomos
309 1915 454 1975 Pnorners
475 1936 503 1975 ue
527 1935 624 1976 rurum
642 1936 688 1976 uc·
745 1920 895 1991 processi13
915 1923 944 1974 et
963 1916 1029 1985 hoe,
1049 1919 1080 1969 ut
1099 1914 1128 1969 in
1147 1912 1328 1993 pluribusne

103 1998 211 2043 currus.
234 2017 269 2028 -
294 1989 327 2043 Et
367 1991 424 2058 uia,
447 1990 552 2048 auditis
572 1992 689 2048 tumosis
744 2007 808 2047 cum
837 1989 933 2045 debito
962 1989 1071 2044 honore
1100 1989 1128 2042 et
1159 1990 1327 2041 reuerentia

103 2057 245 2114 mirucuiis
257 2060 293 2141 nb
303 2003 514 2141 cuiusquentier
526 2064 553 2119 in
568 2064 689 2134 Capthsr·
744 2065 833 2119 btinus
851 2062 928 2118 enim
944 2060 1018 2141 Etiss
1036 2062 1065 2114 et
1078 2057 1166 2113 ceteri
1182 2056 1329 2136 Prophetes

104 2144 188 2185 naum
203 2131 292 2201 iactis,
302 2132 342 2187 ilii
355 2133 390 2189 de
400 2136 537 2191 Nazareth
549 2134 689 2205 indignati
743 2134 772 2190 iu
790 2136 848 2189 suis
869 2131 1030 2189 civitatibus
1053 2128 1169 2185 inerunt
1187 2128 1327 2193 honorati,

102 2208 170 2257 sunt
180 2209 279 2257 contra
290 2219 365 2265 rum,
379 2220 430 2260 nec
440 2206 595 2262 eredebant
607 2209 690 2264 mira·
744 2222 829 2278 quain
842 2207 871 2261 in
886 2205 962 2273 aiiis;
978 2200 1064 2259 isaias
1076 2200 1155 2256 enim
1166 2204 1274 2281 sectus,
1285 2200 1328 2256 Je-

103 2273 304 2341 cuiocjusesse
316 2276 579 2345 rera,ipseintuens
590 2293 688 2334 eorum
744 2279 848 2334 remiss
864 2278 1055 2333 incarceratus
1073 2278 1102 2329 et
1115 2279 1205 2329 ceteri
1223 2278 1329 2341 vitupe-

103 2343 199 2410 rorda,
225 2343 415 2425 obJoctionem
446 2362 545 2403 eorum
573 2349 688 2405 taciturn
744 2349 808 2405 rati.
826 2351 883 2404 bins
902 2349 979 2403 enim
998 2351 1028 2403 et
1046 2344 1328 2417 penenaturaiesst,

102 2413 268 2485 sibimetipsi
283 2416 395 2485 objecit,
405 2422 438 2473 ut
447 2418 483 2473 ad
496 2434 559 2474 eam
569 2435 689 2492 congru·
743 2423 818 2477 cives
828 2418 1086 2485 civibusinvidere;
1097 2421 1127 2471 et
1137 2431 1196 2471 nou
1210 2428 1329 2497 praeseo·

102 2492 184 2541 enter
196 2488 387 2558 responderet.
403 2490 480 2546 Unde
490 2490 621 2547 subditur
632 2509 639 2549 ε
652 2495 689 2549 Et
744 2494 783 2548 tia
792 2494 843 2547 viri
852 2507 939 2562 opera
949 2507 1001 2547 nec
1010 2489 1129 2544 virtutes
1136 2487 1327 2555 comideraru,

102 2561 143 2614 uit
156 2559 214 2614 iltis
225 2560 314 2627 iesus,
328 2561 436 2617 scilicet
450 2561 555 2620 Scribis
570 2570 599 2619 et
613 2565 688 2620 Pha·
743 2565 794 2621 sed
817 2562 944 2620 infantie
968 2561 1152 2634 fragilitatem
1174 2557 1328 2638 reeordari,

102 2631 207 2688 risaeis:
220 2635 319 2704 Utique
328 2634 427 2690 dicetis
438 2636 572 2707 mibi,qui
583 2636 688 2694 muitos
743 2637 824 2708 quasi
845 2652 901 2692 non
923 2640 952 2691 et
970 2635 1021 2705 ipsi
1037 2646 1088 2704 per
1106 2631 1227 2688 eosdem
1242 2634 1330 2687 etate

104 2702 131 2757 in
145 2705 343 2773 Captiornaum
354 2708 463 2776 curavi,
476 2709 547 2763 bone
556 2710 688 2765 similitu·
744 2709 849 2781 gradus
861 2708 897 2763 ad
913 2710 1055 2763 maturam
1068 2707 1184 2760 aetawm
1199 2715 1331 2773 pervene-

102 2774 203 2837 dinem,
220 2776 248 2830 id
262 2784 303 2832 est
317 2778 506 2848 objectionem
520 2795 537 2834 a
552 2778 686 2836 similitu·
744 2782 818 2848 rint,
836 2780 904 2835 dum
921 2779 996 2833 enim
1018 2773 1087 2832 civis
1106 2780 1135 2831 et
1156 2772 1331 2830 contribulus

104 2845 168 2899 dinc
182 2847 282 2902 medici
296 2848 451 2916 corporalis
461 2848 498 2903 ad
511 2848 688 2919 spiritualem
742 2844 780 2907 dd
789 2849 873 2922 alicuj
879 2866 909 2905 us
922 2846 1033 2905 virtutis
1041 2846 1086 2903 rei
1097 2846 1252 2918 probitatis
1263 2843 1331 2901 emi-

101 2922 263 2985 sumptom:
282 2919 397 2983 Medico,
419 2935 487 2975 curo
510 2922 638 2991 teipsum,
661 2922 689 2977 id
745 2925 872 2979 nentium
887 2921 1025 2988 aseendit,
1041 2919 1160 2990 ejusque
1176 2917 1256 2973 mma
1272 2930 1332 2972 ere·

102 2991 145 3044 est
164 2993 228 3042 tuos
248 2991 458 3059 compatriotas,
476 2990 578 3061 quibus
598 2993 688 3065 magis
743 2994 807 3062 seit,
817 2994 947 3052 concives
956 2999 985 3048 et
994 2989 1147 3049 contribuli
1159 2989 1209 3059 qui
1221 3003 1280 3044 nou
1292 2987 1331 3043 sie

103 3059 210 3116 teneris
225 3060 387 3131 impendere
402 3061 573 3119 beneficium
587 3066 690 3120 caritu-
744 3066 907 3135 laudantur,
917 3065 983 3120 inde
991 3061 1105 3136 gravius
1115 3060 1333 3124 sauciantur,et

103 3131 147 3188 tis.
164 3131 243 3189 Sicut
260 3130 338 3189 cuim
355 3133 480 3190 medicus
501 3151 585 3191 verus
605 3136 691 3192 citius
745 3138 887 3193 aestimant
901 3152 932 3191 se
946 3133 1102 3200 contemni,
1115 3132 1139 3188 si
1152 3132 1194 3187 eis
1208 3131 1333 3187 iaudeet

104 3208 133 3259 et
145 3204 279 3261 libentius
295 3210 375 3262 curat
387 3204 511 3277 seipsum
528 3214 556 3263 et
570 3207 641 3264 alios
654 3209 691 3265 ad
745 3210 821 3266 fama
835 3206 992 3280 probitatis,
1008 3203 1165 3277 presertim
1179 3203 1277 3258 minor
1288 3215 1334 3274 gs·

104 3290 135 3332 se
159 3280 333 3347 pertinentes
356 3293 442 3410 guam
466 3285 626 3349 extraneos,
650 3280 691 3336 ito
748 3297 826 3349 nere,
844 3280 1020 3351 praeferatur.
1045 3277 1116 3333 Hine
1140 3275 1283 3331 babemus
1304 3272 1332 3329 in

104 3352 133 3405 et
147 3348 173 3405 ci
187 3350 343 3410 dicebant:
380 3350 691 3408 ituisceresrerami-
746 3352 849 3423 ioseph
874 3350 1034 3421 exemplum
1057 3352 1189 3418 respectu
1212 3344 1332 3427 fratrum

104 3422 213 3491 racuta,
235 3424 317 3479 citius
338 3423 446 3482 taceres
465 3440 510 3494 ea,
530 3423 691 3481 incivitate
746 3438 872 3481 suorum.
886 3422 965 3480 Unde
977 3415 1333 3501 contingit,quodiaedurs

104 3497 163 3562 tua,
176 3498 204 3549 et
228 3498 319 3564 potius
338 3496 412 3553 inter
434 3496 607 3568 propinquos
627 3502 692 3552 tuos
747 3501 948 3567 promoventur
958 3492 1126 3549 bominesin
1135 3496 1215 3571 terra
1227 3488 1331 3571 sirena,

105 3577 191 3643 quom
209 3564 285 3622 inter
302 3574 462 3625 extraneos.
480 3569 559 3624 Unde
576 3568 693 3638 subiun·
746 3566 872 3639 quamiu
883 3565 975 3637 patria
988 3561 1239 3642 proprin.lderrco
1248 3562 1332 3632 igitur

104 3642 183 3704 gitur
202 3657 209 3690 e
229 3637 348 3705 Quanto,
367 3637 515 3709 miracula,
532 3639 692 3694 audiuimus
746 3635 1014 3708 noncnropntriam
1023 3644 1331 3704 mesm,quineiuccs·

103 3706 212 3771 laetos
229 3714 256 3760 te
275 3710 305 3761 tn
321 3710 360 3765 co
380 3711 526 3773 bombum,
540 3712 589 3777 tac
606 3714 632 3764 et
647 3711 691 3765 bic
747 3714 879 3791 ptusnon
890 3714 1000 3774 sumet
1014 3704 1264 3778 quiafideminea
1275 3714 1332 3782 non

104 3778 136 3832 tn
152 3778 248 3847 putria
268 3778 350 3844 inei
383 3779 475 3837 estin
494 3787 544 3837 tun
565 3779 689 3849 civitate,
746 3773 1329 3849 invenio,etmibisieutceterinoncredrt3

105 3847 153 3905 ubi
175 3853 326 3917 conceptus
348 3863 378 3905 es
397 3855 426 3906 et
447 3852 583 3920 nutritus,
596 3856 639 3906 tot
662 3857 692 3907 et
745 3858 881 3923 tantoque
895 3852 1043 3908 minusme
1056 3847 1211 3921 cognoscit,
1226 3848 1331 3928 quanto

104 3923 184 3977 tauta
203 3925 234 3974 ut
249 3918 397 3977 credamus
412 3938 421 3978 :
438 3922 517 3993 quis,
536 3937 601 3993 quae
621 3921 691 3979 iacis
744 3924 807 3996 plus
823 3937 880 3993 prae
894 3922 996 3979 ceteris
1010 3936 1055 3977 me
1070 3924 1169 3976 notum
1184 3916 1296 3974 hebuit.

105 3992 181 4064 apud
195 3990 380 4063 alienigenos,
395 3993 486 4063 magis
497 3993 583 4049 debes
598 3993 690 4050 iacere
780 3994 1333 4068 7CunDoumnsnuums1onaraenmrm

105 4064 181 4136 spud
198 4068 262 4120 tuos
280 4065 492 4135 compatriotas,
506 4066 597 4137 magis
614 4067 691 4123 enim
744 4065 913 4125 Numero?
930 4096 958 4107 -
972 4067 1008 4121 Et
1020 4065 1088 4137 quia
1102 4078 1160 4119 non
1175 4068 1239 4143 erat
1250 4073 1332 4145 acos-

105 4134 359 4194 tenerisbencfleia
373 4135 537 4207 impendere
550 4137 606 4193 tuis
616 4152 691 4195 eom·
745 4146 809 4210 ptus
824 4140 875 4207 eis,
891 4152 943 4194 nee
960 4137 987 4193 ei
1001 4135 1167 4204 credebant,
1182 4133 1261 4202 ideo,
1274 4144 1331 4187 w·

107 4209 341 4291 patriotis,quom
353 4208 464 4266 ationis
475 4209 561 4277 Quasi
573 4207 687 4268 dicant:
745 4216 815 4267 tutes
829 4208 978 4277 muttos,id
992 4213 1036 4264 est
1049 4207 1133 4279 signs
1145 4210 1175 4262 et
1182 4200 1331 4286 mirncuis,

107 4279 194 4337 unito
206 4281 366 4338 audirimus
379 4296 398 4338 s
411 4286 439 4338 te
453 4278 529 4338 icem
542 4279 690 4351 miracuta,
744 4282 786 4338 toi·
804 4284 896 4349 socen
908 4296 963 4337 non
978 4282 1097 4352 poteret,
1113 4292 1173 4334 non
1190 4276 1227 4333 de
1242 4287 1333 4346 impo-
