2880 4942
140 313 183 367 192
511 308 617 363 Pullln
644 306 764 362 lintis
792 303 897 361 clrut
923 302 995 359 lxx

139 414 210 473 mini
228 414 324 473 cibum
342 411 390 486 qui
412 410 497 485 perit,
518 428 577 469 non
601 410 730 468 insinuat
753 413 757 453 ῐ
775 426 834 466 non
852 407 935 481 perit,
950 414 980 465 et
993 424 1051 466 non
1065 407 1135 466 talia
1154 410 1288 482 operaris
1301 425 1378 483 qua·

140 486 278 545 Dominus
293 486 370 558 quod
384 490 515 557 oporteat
528 482 668 555 pigritari,
679 482 730 540 sed
776 479 816 538 lia
838 484 967 555 lloyses3
988 496 1080 552 panes
1099 480 1175 538 enim
1192 482 1379 541 hordeaceos

140 559 217 632 quod
238 562 369 630 oporteat
388 555 501 627 operari
522 562 552 612 et
572 556 657 624 dare;
676 556 730 611 boc
775 552 824 610 ille
843 569 900 610 non
920 551 1009 622 dedit,
1028 553 1079 609 sed
1101 569 1209 611 manna
1229 555 1267 610 dc
1283 554 1372 612 coelo.

140 631 215 688 enim
231 635 274 686 est
288 628 368 686 cibus
381 629 429 699 qul
445 643 503 684 non
514 626 589 699 perit
610 625 729 699 Operari
774 627 857 682 Dicit
874 640 938 693 erpo
952 628 992 680 eis
1008 626 1087 680 lesus
1104 644 1113 680 :
1129 628 1238 696 Mogses
1253 642 1376 698 panem,

138 707 235 760 autem
254 699 349 757 cibum
369 698 416 771 qui
437 698 522 770 perit,
535 703 577 755 est
593 697 669 756 alllci
684 714 729 755 sc·
752 694 755 769 ἶ
776 696 885 754 scilicet
903 694 1125 768 significativum
1145 697 1181 753 de
1200 712 1281 767 aere,
1305 696 1380 770 quia

140 772 285 830 cularibus
300 772 394 827 rebus.
409 769 652 842 llocigiturdixit,
662 771 731 843 quia
752 780 755 787 '
776 767 970 826 descendebat
980 771 1012 824 ut
1028 782 1075 823 ros
1089 768 1133 824 vel
1145 770 1262 840 pruina,
1279 774 1309 827 et
1321 786 1380 827 aon

139 843 180 900 illi
202 843 310 899 nullam
338 840 407 898 ildei
441 857 539 899 curam
566 843 728 911 habebant;
775 856 876 898 rerum
894 855 996 911 panem
1014 839 1049 894 dc
1067 841 1132 896 coelo
1148 841 1379 898 descendentem

140 915 190 973 sed
205 915 297 971 solum
311 913 446 970 volebant
457 919 588 970 ventrem
610 913 730 986 implere
774 911 856 971 uobis
884 917 954 968 tunc
979 911 1072 980 neuin
1106 911 1155 967 sed
1173 912 1259 969 modo
1290 915 1379 970 Pater

140 986 211 1043 nibil
226 986 401 1054 laborantes,
423 989 453 1042 et
469 987 524 1043 boc
539 984 676 1042 decenter
690 984 730 1042 ci·
775 1000 851 1041 meas
866 983 916 1039 dat
932 983 1012 1038 vobis
1029 998 1129 1054 ponera
1141 983 1176 1038 de
1186 985 1252 1039 eoelo
1265 999 1377 1051 oman,

140 1058 209 1115 bum
221 1056 269 1129 qui
281 1059 357 1130 perit
369 1056 480 1113 vocavit
491 1074 499 1113 ι
512 1076 526 1109 o
540 1058 601 1114 baec
613 1059 732 1125 chryso·
754 1124 756 1131 Ι
775 1055 871 1183 ipsum
885 1054 994 1111 scilicet
1004 1053 1158 1111 Dominum
1168 1057 1377 1128 lesumquem

142 1135 246 1186 storius
249 1170 304 1185 .....
317 1128 505 1196 Quemcibum
517 1135 732 1200 permanentem
776 1128 825 1184 ile
844 1126 927 1200 panis
945 1126 1109 1198 figurabat:
1128 1142 1195 1183 nam
1218 1126 1268 1183 ille
1285 1129 1376 1199 panis

143 1203 234 1259 Filius
256 1202 375 1257 hominis
406 1201 485 1256 dabit
512 1201 600 1267 nobb,
626 1198 656 1256 id
688 1204 732 1257 est
755 1262 757 1277 Ι
777 1199 870 1271 ligura
897 1202 960 1256 erat
989 1197 1071 1254 istius
1094 1198 1178 1269 panis
1201 1198 1249 1270 qui
1264 1199 1377 1257 veritas

141 1279 261 1356 paratus
276 1277 319 1329 cst
333 1271 413 1342 dare,
431 1271 498 1344 quia
520 1272 557 1328 ad
580 1273 635 1328 hoc
656 1270 733 1328 venit
755 1296 757 1337 ι
777 1277 831 1328 est.
854 1269 931 1327 Unde
952 1285 1011 1325 non
1035 1268 1183 1337 dividitur,
1198 1269 1250 1326 scd
1272 1269 1377 1328 distin-

140 1360 171 1401 rn
193 1344 331 1401 muudum
358 1342 462 1400 missus
488 1359 505 1400 a
532 1345 626 1399 Patre.
653 1346 732 1399 Hune
755 1350 757 1397 l
778 1340 929 1414 guiturhic
943 1346 1157 1398 verumcontra
1173 1341 1288 1413 salsum,
1306 1340 1377 1414 quia

141 1418 213 1471 enirn
236 1415 339 1471 Filium
353 1415 478 1472 hominis
503 1417 587 1470 Pater
608 1416 732 1483 sipaaoit
778 1415 862 1487 panis
875 1413 923 1470 ille
942 1428 1037 1482 verus,
1051 1428 1110 1470 non
1126 1411 1214 1468 salsus
1232 1413 1304 1483 lult;
1321 1414 1374 1471 sod

139 1489 222 1550 Deus,
236 1486 321 1542 idest
336 1486 372 1542 ad
387 1487 441 1542 hoc
457 1487 552 1558 ipsum
570 1485 733 1557 specialiter
779 1491 879 1542 contra
894 1483 1026 1556 ligurale,
1041 1489 1071 1540 et
1084 1483 1126 1540 sic
1141 1483 1223 1556 panis
1239 1483 1288 1542 ille
1309 1501 1376 1557 pro-

141 1557 299 1629 assignavit
325 1563 355 1613 et
378 1556 510 1625 instituit,
536 1556 673 1613 mittendo
703 1555 732 1612 in
756 1532 758 1597 i
779 1556 840 1628 prie
858 1572 916 1613 non
940 1555 993 1612 luit
1014 1554 1097 1628 panis
1115 1571 1212 1624 vcrus,
1233 1557 1302 1627 quia
1321 1554 1377 1614 tuit

141 1629 291 1695 mundum,
316 1632 349 1684 ut
371 1628 455 1684 daret
482 1627 570 1684 vitam
596 1631 732 1685 aeternam
756 1626 758 1673 ἓ
779 1628 873 1699 ligura
886 1626 970 1700 panis
989 1626 1184 1684 substantialis
1199 1628 1260 1684 dati
1276 1627 1309 1684 in
1322 1629 1375 1686 Sa·

143 1700 262 1757 mundo.
279 1699 358 1755 Unde
371 1698 448 1756 intra
460 1698 529 1755 dicit
543 1717 550 1755 :
562 1703 621 1769 Epo
634 1701 672 1756 ud
684 1700 733 1756 loc
756 1726 759 1733 ·
780 1705 937 1767 eramento,
952 1706 981 1756 et
999 1700 1063 1755 ideo
1086 1698 1139 1755 iste
1158 1698 1243 1771 panis
1261 1703 1308 1756 est
1328 1715 1377 1757 ve·

141 1774 206 1826 ostri
219 1775 249 1827 in
266 1771 410 1840 mundam,
426 1776 457 1827 ut
472 1773 658 1828 testimonium
669 1789 733 1843 per·
779 1787 838 1841 rus,
853 1770 900 1843 qui
917 1769 970 1827 luit
985 1769 1128 1843 perillum
1147 1771 1299 1842 figuratus.
1316 1773 1376 1829 Pc-

143 1843 252 1899 lu‘beum
271 1846 402 1913 ceritum
425 1847 453 1901 et
476 1843 530 1900 hoc
546 1849 589 1900 est
608 1843 677 1900 darc
696 1842 734 1899 ci·
779 1846 911 1901 uicerim
930 1846 981 1899 Det
995 1858 1091 1911 verus,
1108 1858 1166 1898 non
1182 1842 1314 1915 figuralis
1323 1849 1374 1913 est,

143 1915 213 1972 bum
228 1914 417 1988 spiritualem.
436 1916 558 1999 Operam
573 1931 641 1986 ergo
656 1915 732 1984 date,
781 1919 831 1987 qai
856 1916 891 1971 dc
917 1916 981 1971 coelo
1000 1914 1150 1982 descendit,
1170 1920 1197 1970 et
1215 1915 1265 1971 dat
1283 1918 1376 1973 uitam

144 1990 175 2044 ut
189 1986 416 2058 possituscibum
429 1986 605 2059 spiritualem
617 1988 732 2043 habere.
780 1988 902 2056 mund03
928 1986 1046 2042 ellel-tus
1069 2001 1194 2067 namque
1205 2057 1211 2068 ι
1222 1985 1307 2112 panis
1331 1991 1375 2045 est

142 2058 274 2126 Quaeritis
298 2075 343 2115 me
364 2067 481 2131 propter
500 2058 592 2129 aliud;
613 2058 735 2130 quaerite
781 2061 868 2115 ritum
883 2073 1063 2124 conservare,
1077 2062 1106 2114 et
1120 2056 1184 2114 ideo
1204 2056 1223 2113 ll
1236 2074 1252 2115 e
1266 2063 1310 2115 est
1325 2074 1376 2116 re·

141 2144 188 2185 me
219 2136 334 2202 propter
358 2146 413 2199 mc,
435 2147 493 2187 non
514 2138 629 2203 propter
645 2130 733 2199 aliud,
783 2147 831 2188 rus
843 2128 926 2203 panis
942 2128 1107 2202 spiritualis,
1126 2128 1175 2200 qui
1192 2129 1241 2186 dat
1261 2134 1291 2186 et
1306 2145 1375 2187 con·

142 2200 191 2272 qui
215 2217 278 2257 sum
304 2201 386 2258 cibus
402 2217 576 2272 permanens
598 2201 626 2257 in
648 2201 736 2258 vitam
783 2208 878 2259 serrat
894 2201 981 2257 vitam
997 2200 1185 2273 spiritualem.
1203 2204 1262 2257 lloc
1277 2206 1375 2259 autem

142 2275 292 2327 eternam.
319 2271 449 2342 Seipsum
474 2271 550 2328 enim
576 2288 638 2328 osse
661 2274 737 2328 bunc
783 2272 918 2345 competit
928 2273 1021 2329 Verbo
1032 2271 1376 2345 incarnato,cujusepres·

144 2341 240 2398 cibum
273 2340 407 2411 insinuat,
437 2348 469 2399 ut
498 2342 593 2398 statim
617 2342 735 2415 patebit.
782 2348 823 2401 sio
849 2359 993 2400 nsummo
1018 2346 1092 2412 culo,
1112 2343 1141 2401 id
1170 2345 1254 2401 estu
1276 2345 1374 2416 Patre,

146 2413 306 2483 Oporamur
325 2429 393 2484 ergo
407 2429 479 2485 opus
493 2415 554 2482 Dei,
568 2413 597 2470 id
610 2420 653 2470 est
665 2430 738 2486 opus
783 2416 859 2472 unde
875 2415 961 2486 venit,
982 2420 1012 2473 ut
1037 2414 1125 2472 vitam
1148 2415 1231 2474 daret
1254 2415 1374 2474 mundo.

147 2484 223 2558 quod
237 2484 298 2557 ipse
318 2491 456 2557 acceptat,
470 2492 498 2543 et
512 2501 564 2568 per
578 2486 653 2557 quod
667 2502 737 2542 con·
761 2492 764 2505 '
786 2487 871 2544 Panis
890 2485 1046 2560 corporalis
1063 2503 1120 2543 non
1140 2487 1189 2544 dat
1207 2486 1307 2558 vitam,
1324 2488 1377 2546 sed

147 2556 228 2630 sequi
244 2573 395 2630 possumus
409 2558 485 2616 hunc
498 2559 603 2628 erbum,
618 2557 738 2630 quinon
784 2565 898 2617 tantum
913 2558 1142 2631 praeexistentem
1167 2564 1321 2617 conservat
1337 2559 1378 2617 ad

147 2629 289 2703 perit,sed
308 2634 467 2702 permanet,
494 2629 562 2687 dum
570 2645 633 2758 tper
650 2630 738 2687 [idem
784 2637 912 2704 tempus;
928 2632 1010 2703 panis
1027 2646 1095 2687 vero
1110 2630 1267 2703 spiritualis
1282 2630 1324 2688 ita
1336 2629 1378 2688 ri·

149 2717 244 2757 veram
260 2702 485 2770 etbonaopera,
502 2717 555 2757 nos
592 2702 682 2758 bristo
694 2704 737 2758 in·
785 2704 891 2773 vificat,
912 2702 988 2774 quod
1021 2703 1081 2784 ipse
1106 2703 1155 2759 dat
1179 2702 1278 2773 vitam,
1307 2718 1378 2775 num

147 2772 738 2843 corporamus‚etellicimuseumnostrum
785 2775 881 2831 animo
900 2772 1000 2846 incipit
1018 2789 1112 2831 vivere
1135 2790 1187 2846 per
1209 2775 1274 2847 hoc,
1298 2774 1378 2847 qnod

146 2842 461 2914 mentiscibum,quem
474 2843 534 2912 ipse
549 2859 601 2915 per
615 2844 736 2915 gratiam
785 2847 913 2903 adbaeret
930 2847 1023 2904 Verbo
1050 2845 1112 2915 Dei,
1140 2850 1169 2902 et
1193 2846 1257 2903 ideo
1282 2846 1377 2920 ipsum

145 2913 269 2984 seipsum
291 2912 374 2969 nobis
395 2914 454 2983 dat,
470 2919 500 2970 ut
517 2918 631 2970 maneat
645 2915 740 2971 nobis·
785 2919 912 2975 Verbum
931 2916 981 2974 Dei
996 2915 1192 2989 principaliter
1205 2918 1312 2975 dicitur
1324 2932 1377 2992 pa·

145 2999 210 3041 oum
236 2983 266 3040 in
294 2990 442 3040 arternum.
459 2986 522 3056 lpse
540 2984 617 3041 enim
637 2991 681 3041 est
699 2985 738 3042 ci·
787 2988 832 3045 nis
848 2989 921 3046 vitan.
935 2991 1055 3061 Propter
1067 2989 1374 3060 quoddhristnsdicit:

146 3055 216 3138 bus..
226 3071 281 3126 quo
297 3054 396 3111 vivunt
406 3055 517 3128 Angeli,
533 3055 581 3129 qui
591 3062 741 3129 permanet
785 3064 844 3129 Epo
856 3077 917 3117 sum
929 3064 1014 3142 panis
1031 3063 1104 3125 vitae,
1120 3060 1150 3118 id
1170 3068 1214 3119 est
1235 3061 1308 3119 dans
1331 3059 1376 3119 ri·

145 3142 176 3184 rn
191 3134 277 3184 vitam
296 3132 443 3185 aeternam.
785 3138 844 3189 tam
854 3149 904 3202 per
913 3131 1089 3189 divinitatem
1093 3174 1147 3201 .....
1159 3133 1378 3204 qaidacoelode·

182 3201 318 3256 ollarum
343 3216 521 3258 conrannrun
549 3202 737 3275 Eucnnnrsnn,
784 3206 889 3268 scendi,
900 3219 952 3277 per
962 3209 1136 3276 assumptam
1145 3205 1375 3275 humanitatem

147 3288 202 3335 oun
213 3272 347 3329 Cnnrsrus
358 3290 437 3330 uocis
451 3291 493 3330 err
507 3291 585 3331 rnurs
600 3293 690 3332 vivus.
702 3306 738 3319 -
784 3293 819 3332 ea
837 3278 886 3333 boc
899 3293 980 3348 pane,
995 3278 1021 3331 si
1035 3279 1099 3346 quis
1116 3275 1203 3348 digne
1219 3278 1377 3334 monunco-

147 3344 203 3402 Sed
225 3343 314 3401 Judaei
339 3345 420 3415 quasi
443 3345 549 3418 ingrati
570 3347 627 3404 sint
644 3347 680 3405 de
698 3347 737 3405 ci·
784 3351 865 3413 uerit,
877 3364 911 3405 ae
923 3347 950 3404 ei
966 3347 1021 3403 tide
1035 3352 1064 3403 et
1075 3347 1229 3405 dilectione
1241 3349 1377 3422 conjunx·

145 3415 738 3489 bo,quemcisDominusdederat,manna
784 3417 1376 3490 eritse,nonmorieturmorteanimae,ssd

146 3489 223 3558 quod
249 3494 344 3559 patres
369 3488 399 3544 in
420 3489 534 3547 deserto
554 3492 738 3549 comederant
783 3495 857 3548 sinet
871 3508 928 3548 non
943 3495 1052 3547 tuntum
1067 3489 1245 3563 inpraesenti
1262 3498 1293 3549 et
1306 3498 1375 3551 tune

146 3558 350 3629 preferebant,
370 3560 499 3618 dicentes
516 3580 523 3618 ε
539 3566 635 3619 Patres
648 3567 738 3620 nostri
783 3563 842 3621 vita
855 3563 966 3635 gratiae,
979 3561 1030 3618 sed
1043 3561 1129 3618 etiam
1143 3565 1172 3618 in
1187 3563 1283 3621 tuturo
1298 3568 1328 3622 et
1343 3566 1375 3622 in

146 3630 381 3713 manducaverunt
395 3648 497 3689 maana
507 3636 538 3688 in
552 3635 667 3700 deserto,
683 3638 737 3692 sio·
783 3642 912 3692 etenum
925 3633 982 3690 rita
994 3632 1103 3715 gloriae.
1117 3637 1179 3693 Non
1192 3638 1267 3692 sicat
1278 3640 1375 3709 patrea

146 3703 177 3753 ut
197 3707 330 3770 comptum
351 3707 390 3757 est
404 3721 412 3756 :
427 3707 528 3759 Panem
545 3707 651 3762 decula
660 3707 737 3762 dedit
783 3722 894 3775 eorum,
915 3705 964 3777 qui
983 3705 1092 3764 similes
1109 3705 1172 3763 istis
1189 3712 1283 3777 erant,
1297 3723 1377 3765 most·

147 3772 186 3830 ais
214 3772 497 3852 marzducnrcgouasi
526 3775 654 3833 dicerent
671 3793 679 3834 ι
695 3780 736 3833 Tu
783 3779 954 3834 <locaverant
978 3793 1100 3844 manaa,
1126 3784 1152 3835 et
1179 3782 1284 3836 mortui
1307 3784 1376 3909 oa?

145 3841 307 3923 adhucnon
318 3842 408 3923 iecisti
420 3844 620 3919 similiallopsi
633 3865 640 3903 :
654 3849 734 3920 bloy-
782 3854 874 3905 morte
892 3847 1011 3918 animae;
1032 3850 1099 3922 quia
1127 3852 1201 3923 quod
1224 3850 1371 3922 videbam,

145 3929 191 3971 ses
207 3929 283 3994 onun
299 3913 378 3970 dedit
392 3929 509 3986 munna,
527 3923 556 3974 ot
569 3917 651 3975 annis
663 3934 734 3991 qua·
780 3919 989 3991 intelligebant,
1023 3922 1144 3979 uodnon
1157 3921 1303 3994 ridebant,
1314 3938 1376 3983 non

145 3984 295 4056 dragurta3
308 3989 340 4042 tu
362 3990 464 4069 ,autem
486 4003 588 4060 panem
610 3992 733 4048 hordea·
780 3991 986 4063 intelligebant.
1001 3936 1074 4051 iusti
1088 3999 1183 4051 autem
1198 3995 1248 4066 qui
1263 3994 1375 4054 similos

145 4073 239 4126 ceum,
252 4063 280 4114 et
305 4063 408 4129 pavisti
432 4074 486 4116 nos
507 4061 594 4119 scmel
611 4067 732 4120 tantum.
779 4063 842 4120 istis
862 4071 1029 4135 nouerant,
1048 4081 1108 4122 non
1129 4066 1289 4123 secundum
1314 4068 1375 4125 ani·

145 4128 225 4209 tlrrde
255 4130 432 4213 Augustinus
461 4147 467 4189 :
503 4156 517 4181 «
544 4135 734 4218 attendebant
779 4151 856 4192 mam
871 4133 977 4217 mortui
997 4141 1073 4220 sunt,
1089 4137 1156 4209 quia
1172 4136 1317 4196 visibilem
1331 4136 1373 4197 ci·

144 4205 242 4270 itaque
258 4202 352 4272 qualia
368 4218 479 4274 maJora
487 4204 621 4262 volebant
629 4208 702 4264 tien.
716 4226 731 4260 o
777 4208 847 4264 bum
863 4206 1050 4278 spiritualiter
1063 4209 1275 4267 intellexerunt.
1292 4210 1374 4269 Unda

146 4270 355 4337 Quasidicant:
370 4277 411 4333 Tu
422 4276 567 4350 promittis
579 4277 674 4337 cibum
684 4281 734 4354 qui
778 4295 848 4353 erga
866 4281 984 4338 devotos
999 4280 1126 4341 babebat
1142 4297 1227 4340 omne
1244 4281 1372 4342 delecte·
