2880 4942
248 392 288 445 ltu
317 392 529 449 uurrcllolllt
556 397 714 459 outtuou
739 396 885 452 utullus
913 393 1074 448 llOlllllllll.
1236 389 1283 444 381

51 504 146 565 triduo
172 504 308 559 sustineat
337 517 389 569 me,
417 518 468 574 pro
494 502 640 563 curatione
698 505 866 565 miraculum
893 502 1099 570 ditlamarcnt,
1129 504 1158 559 et
1186 496 1283 559 notius

55 591 172 637 suorum
187 591 258 646 quos
269 572 426 633 attulerunt
440 577 640 647 exspectando,
696 580 797 645 tieretr
808 582 837 636 et
850 581 882 635 ut
894 593 927 636 cx
940 590 1039 637 eorum
1052 571 1236 645 responsione
1247 570 1283 627 de

54 653 83 706 et
95 655 279 720 perseverant
292 661 413 716 nicrum,
429 663 473 703 me
484 648 640 721 sequendo,
696 651 782 710 modo
796 649 969 723 provideret.
989 648 1043 715 Oui
1056 648 1210 704 damant:
1232 646 1282 701 Se-

50 721 140 776 verba
154 735 219 777 mea
233 717 385 786 audiendo,
402 723 431 775 et
447 719 584 780 miracula
599 720 640 778 ri·
692 729 779 795 ptem,
794 721 869 794 qnod
886 725 948 778 erat
966 720 1046 790 quasi
1065 717 1134 777 nihil
1150 720 1283 787 respectu

50 791 162 860 dendo;
183 789 239 851 alia
262 806 329 848 rere
355 790 429 849 ratio
448 791 640 850 miserationis
694 799 781 853 tantm
795 791 1152 863 multitudiuls3ctpoueos
1164 791 1283 860 piscicu-

49 869 93 921 est
112 864 276 930 necessitas,
289 878 337 918 uec
358 865 430 918 enim
453 864 553 920 babeat
566 865 640 935 quod
695 868 745 935 los,
767 883 824 927 non
851 865 1041 933 malleacen
1067 877 1197 934 magnes,
1216 859 1284 944 quia

48 933 638 1005 manducent,ettamennonsollicitantur,
693 937 777 1010 pauci
793 942 876 994 erant
898 938 926 992 in
950 951 1081 1001 numero,
1100 939 1130 992 et
1151 931 1281 1006 perusin

50 1014 79 1065 at
106 1007 170 1063 idco
190 1003 320 1075 congruit
347 1003 389 1060 eis
411 1005 573 1076 providere.
600 1008 640 1065 Ex
695 1009 865 1081 quantitate.
883 1009 915 1069 ln
929 1023 985 1079 quo
1005 1011 1124 1090 apparet
1138 1004 1280 1065 sobrietas

49 1094 107 1162 quc
123 1082 205 1204 galat
222 1091 321 1132 eorum
337 1075 461 1158 deuotio,
478 1082 506 1135 et
529 1085 639 1205 giam
694 1086 724 1139 et
748 1079 937 1152 temperantia
964 1077 1186 1161 discipulorum,
1205 1076 1282 1159 'quia

51 1166 78 1206 cr
105 1149 292 1228 ahmrebant
310 1146 464 1216 desiderio,
492 1165 526 1204 au
550 1155 640 1207 rentes
695 1168 752 1212 non
766 1148 1280 1220 utebantnrcarnrbus‚sedpiscibus,

51 1235 168 1277 suarem
196 1219 354 1275 doctrinam
372 1261 380 1286 ,
411 1222 638 1293 contemplantes
695 1224 859 1283 etillisnon
872 1219 1159 1294 magniasedperris
1172 1218 1283 1290 stipsis

49 1291 205 1365 gratiosam
220 1289 333 1357 taciem,
344 1289 640 1364 videntescjuscpera
714 1296 801 1357 aucis.
822 1293 926 1353 Omnia
946 1293 1002 1352 ista
1015 1292 1149 1352 dicuutur
1166 1291 1202 1349 sd
1220 1306 1283 1347 mn·

48 1362 204 1431 mirabilia,
223 1362 260 1420 ad
276 1378 339 1434 quas
354 1362 383 1419 in
399 1367 512 1423 tantum
529 1366 638 1423 alticia-
691 1384 785 1441 Jorem
805 1365 1026 1425 declarationem
1049 1362 1189 1431 miraculi,
1206 1361 1284 1435 quod

48 1435 166 1503 bantur,
192 1444 225 1492 ut
247 1434 425 1504 concisura
450 1452 481 1493 se
501 1437 586 1509 rapti,
604 1438 640 1497 de
694 1438 971 1512 extamparvocibo
1001 1436 1199 1494 otuerittauta
1215 1432 1285 1491 mul·

48 1505 195 1565 alimonia
210 1505 322 1588 deiectu
337 1505 450 1567 solliciti
463 1523 519 1567 nou
534 1515 650 1579 essent,
694 1511 787 1569 titudo
802 1508 918 1575 satiari;
935 1514 964 1568 ct
981 1453 1037 1565 Ros
1051 1507 1104 1567 luit
1118 1523 1169 1580 per
1186 1505 1282 1563 multi·

49 1583 145 1707 etJm
158 1583 217 1637 tres
232 1577 293 1633 dies
307 1577 344 1636 ad
365 1577 428 1635 loca
443 1579 560 1708 propria
580 1597 639 1639 non
694 1582 879 1658 plicationem
894 1580 949 1639 cibi
967 1582 997 1638 iu
1021 1581 1154 1639 manibus
1169 1577 1283 1636 Christi.

49 1667 83 1709 re
107 1654 190 1718 irunt,
212 1656 361 1708 manentes
379 1665 445 1709 rum
474 1652 494 1709 C
516 1657 586 1709 msto
611 1651 641 1712 in
729 1657 897 1723 anmsrus
913 1670 999 1713 ranas
1017 1669 1050 1709 nr
1069 1666 1221 1709 orsarcunos
1237 1666 1284 1706 nn-

52 1722 117 1780 loce
132 1722 294 1788 deserto,et
304 1721 356 1778 sub
371 1720 417 1780 dio
433 1737 467 1778 ac
481 1723 541 1780 sine
557 1723 638 1793 cibo;
693 1741 1109 1786 unnrcrrouasnsuuurrrnrcsr.
1125 1754 1153 1767 ψ
1166 1725 1283 1793 Etpra·

50 1795 102 1851 sed
122 1809 179 1851 non
199 1797 333 1864 poterant
354 1792 383 1851 iu
403 1793 479 1853 rictu
504 1794 639 1864 detlcere,
694 1803 766 1870 oepit
781 1799 868 1856 turba
881 1798 1051 1856 discumbere
1069 1811 1153 1866 rupo
1171 1799 1284 1851 terram.

49 1865 118 1948 quia
133 1868 216 1947 erant
229 1879 293 1921 cum
304 1866 373 1924 lesu
389 1866 546 1925 salvatore.
558 1865 639 1925 Ciba·
695 1871 726 1929 ln
743 1868 942 1941 attenuatione
962 1867 1037 1926 circa
1056 1867 1177 1931 Pascha,
1195 1865 1286 1923 herba

47 1954 94 1994 rra
106 1952 221 2009 quippe,
238 1952 301 2008 quaa
316 1936 352 1993 de
369 1937 501 1995 domibus
516 1937 574 1995 suis
589 1954 639 2010 ap·
695 1946 903 2014 superterram
917 1944 990 2007 eret,
1006 1954 1083 1997 nunc
1105 1940 1202 1996 autem
1224 1938 1285 2006 jem

46 2013 244 2094 portaverant,
252 2009 312 2080 jnm
326 2013 494 2081 cousumpta
505 2015 598 2079 erant,
612 2014 639 2069 et
694 2013 785 2071 herba
800 2012 954 2080 deiecerat,
965 2009 1043 2082 ouis,
1054 2008 1209 2067 secundum
1221 2008 1286 2065 Ori-

48 2098 81 2141 sn
95 2081 208 2139 deserto
224 2080 285 2137 loco
301 2083 407 2136 vtotum
419 2080 567 2153 acquirere
583 2098 640 2144 nce
694 2102 800 2154 penem,
816 2088 845 2141 et
856 2085 952 2156 plures
967 2082 1050 2148 alies,
1066 2080 1095 2138 in
1110 2080 1215 2148 hieme,
1231 2079 1286 2137 sci-

47 2157 201 2228 poterant;
218 2156 247 2208 et
271 2151 335 2209 ideo
359 2151 452 2224 prima
466 2152 512 2210 die
532 2153 574 2211 rel
594 2169 638 2210 se·
694 2156 799 2215 licetin
814 2155 860 2213 dio
878 2153 1042 2228 Epiphaniae
1051 2154 1106 2210 hoc
1117 2151 1286 2209 miraculum

49 2224 155 2292 cunda,
170 2225 224 2281 hoc
234 2222 403 2281 miraculum
419 2240 475 2280 non
489 2225 565 2293 lecit,
579 2229 638 2283 turc
695 2230 800 2286 lactum
814 2234 868 2296 est,
886 2226 1002 2297 quando
1019 2230 1048 2283 et
1062 2226 1145 2297 plura
1159 2222 1217 2280 alia
1231 2223 1286 2280 mi·

48 2296 118 2370 quia
136 2295 272 2353 alimenta
288 2296 380 2352 adbuc
404 2297 559 2365 habebant,
579 2302 639 2358 tum
694 2300 792 2358 racula
813 2316 864 2372 per
885 2300 1036 2357 bominum
1062 2302 1127 2355 sunt
1150 2296 1234 2353 iacta
1249 2299 1286 2352 llt

48 2369 119 2498 guia
129 2367 298 2426 miraculum
308 2367 398 2441 magis
408 2368 540 2440 apparuit
552 2384 640 2441 quan·
693 2375 830 2443 accipiens
849 2376 951 2442 septem
974 2385 1070 2442 portes,
1092 2373 1118 2425 et
1134 2371 1235 2441 pisces,
1253 2372 1285 2425 ut

71 2439 638 2509 oeisvictusomninodetecit.Etsiait,
696 2443 953 2516 multiplicarentur
980 2444 1114 2499 contactu
1147 2455 1284 2497 manuum
1348 2470 1351 2477 ·

50 2513 182 2569 dimisere
196 2527 239 2566 eos
256 2512 376 2581 jejunos,
395 2514 425 2568 ia
439 2512 640 2570 domumsuam
694 2517 854 2582 beatarum,
878 2520 904 2571 st
930 2517 1038 2583 pretias
1060 2528 1154 2581 opens,
1176 2514 1204 2568 in
1229 2527 1284 2583 quo

50 2583 93 2641 sic
117 2584 215 2642 labore
235 2587 265 2639 et
279 2585 354 2640 tame
368 2583 496 2651 allectos,
515 2584 641 2655 deficient
695 2587 774 2645 dedit
788 2587 870 2644 nobis
885 2585 1046 2657 exemplum
1065 2582 1222 2653 gratiarum
1237 2598 1286 2639 ac·

50 2658 81 2713 ira
102 2658 160 2719 oio,
176 2662 204 2712 et
218 2653 283 2711 ideo
298 2654 416 2712 reiectio
431 2660 474 2711 est
487 2654 529 2712 eis
545 2671 640 2712 neccs-
695 2658 791 2726 tionis,
812 2658 967 2716 ostendens
986 2673 1038 2714 noa
1062 2655 1178 2714 differre
1195 2670 1212 2712 a
1233 2655 1284 2711 bo.

50 2726 139 2786 saria.
149 2729 292 2785 Tnntaest
301 2725 444 2785 creatoris
458 2725 571 2797 virtus‚r
583 2727 641 2785 uod
696 2731 768 2800 otiis,
785 2737 815 2788 nt
829 2734 1034 2799 cognoscentes
1054 2744 1071 2786 a
1090 2743 1157 2799 quo,
1174 2725 1285 2797 etquid

50 2799 74 2857 si
91 2804 250 2857 creaturam
266 2798 421 2866 desereret,
437 2799 553 2857 omnino
564 2743 642 2856 dass-
696 2803 791 2874 datur,
808 2803 915 2876 gratias
934 2800 1009 2859 l‘etri
1023 2798 1162 2858 luminum
1177 2799 1284 2854 relere-

51 2877 138 2929 ccret.
159 2871 278 2939 Quidem
302 2873 375 2927 enim
397 2887 431 2927 eo
449 2874 490 2927 eis
514 2872 549 2928 de
563 2873 642 2928 lons
697 2891 872 2947 musaque
886 2881 930 2932 est
941 2890 1018 2931 emite
1030 2874 1127 2929 dotum
1141 2872 1285 2942 optimum,
1342 2892 1346 2901 ¹

49 2949 192 3010 account,
209 2947 240 3025 et
253 2958 270 3000 a
285 2942 416 3025 domibus
431 2941 489 3000 suis
503 2943 587 3013 longe
601 2888 642 3001 Xi-
697 2953 723 3005 et
737 2964 814 3004 omne
834 2949 935 3004 donum
954 2947 1118 3019 perfeetum,
1134 2947 1166 3000 ut
1182 2941 1221 3000 ait
1237 2945 1285 3001 ln·

51 3014 328 3097 stabant‚qu1torto
346 3015 391 3072 dio
406 3016 577 3088 precedenti
595 3031 642 3100 pa·
697 3021 784 3077 cobus
803 3019 963 3091 apostolum
988 3018 1138 3083 benedicit,
1154 3019 1187 3071 ut
1203 3016 1288 3072 bene.

54 3102 119 3145 rum
134 3092 218 3143 etiam
232 3087 430 3156 comederant;
447 3088 523 3145 lama
538 3087 642 3145 Christi
697 3091 822 3149 dictione
838 3093 1077 3157 succrescerent,
1094 3093 1120 3144 et
1134 3090 1221 3156 tiepit
1236 3103 1287 3156 per

32 3157 413 3230 aremotisditlusaerat,
431 3164 460 3216 et
478 3159 542 3217 ideo
562 3158 642 3217 multi
696 3162 857 3230 minutias,
887 3162 924 3219 ad
955 3159 1184 3218 distribuendum
1212 3158 1287 3215 inter

56 3229 94 3287 de
108 3231 193 3301 longe
208 3234 357 3288 venerant.
696 3234 803 3307 plures,
825 3232 874 3290 sed
894 3231 980 3288 modo
1005 3247 1078 3289 nnus
1099 3229 1176 3286 solus
1192 3232 1286 3285 totum

92 3307 109 3359 5
125 3304 480 3359 llssrossronrscreuoenuu
491 3318 577 3359 rusus
588 3318 643 3357 urr-
696 3304 831 3375 colligere
846 3308 975 3369 conatur,
990 3301 1065 3373 qnod
1081 3300 1109 3356 in
1125 3315 1226 3355 omnes
1240 3298 1284 3355 in·

55 3392 196 3432 musana.
212 3405 248 3417 -
259 3377 295 3431 Et
308 3373 506 3444 responderunt
519 3375 545 3428 ei
557 3372 642 3429 disci·
696 3375 828 3445 digentes
843 3392 860 3431 a
878 3373 991 3431 Christo
1006 3371 1147 3441 frangitur
1157 3387 1164 3437 ;
1175 3376 1200 3425 et
1210 3371 1286 3426 dedit

51 3448 117 3520 pult
128 3449 174 3503 sui
192 3465 201 3503 s
220 3447 298 3504 Unde
312 3447 376 3501 illos
399 3448 462 3516 quis
480 3446 581 3514 poterit
598 3446 643 3500 trio
696 3447 843 3517 discipulis
858 3449 992 3514 statanor
1003 3451 1034 3501 ut
1049 3442 1103 3500 sibi
1119 3441 1284 3511 retinerent,

53 3523 182 3575 saturare
197 3518 317 3588 parribus
327 3519 357 3572 ia
372 3517 545 3572 solitudine?
556 3513 642 3583 Quasi
696 3518 747 3576 sed
762 3525 803 3587 ut,
819 3522 964 3590 tamquam
980 3514 1112 3577 ministri.
1134 3513 1284 3570 distribuee

54 3589 182 3648 dicerent
199 3606 205 3646 t
220 3591 310 3647 Locus
324 3595 368 3646 est
382 3587 512 3645 desertus
525 3592 554 3645 et
569 3587 641 3645 mul·
696 3594 770 3660 rent,
786 3594 815 3647 et
833 3591 924 3646 turbae
947 3592 1132 3660 opponereatr
1146 3590 1172 3641 et
1186 3600 1286 3643 revera

54 3665 117 3719 tum
132 3661 241 3719 distem
256 3660 347 3727 villae;
367 3664 395 3717 et
414 3659 478 3716 ideo
498 3675 555 3716 non
569 3674 642 3731 pos·
697 3668 883 3734 opposuerunt
894 3661 989 3717 turba.
1004 3662 1041 3716 Et
1052 3658 1288 3715 manducaverunt

55 3748 154 3791 sumus
179 3748 230 3805 per
257 3733 412 3790 humanam
434 3730 642 3805 prouidentiam
697 3740 820 3807 quatuor
834 3729 1288 3798 milliascilicetlmminum,abs·

54 3804 219 3863 necessaria
242 3805 358 3862 habere.
377 3803 431 3874 lpsi
457 3805 511 3861 boc
527 3803 643 3861 iatlrma
698 3822 754 3878 que
768 3805 935 3863 mulieribus
948 3810 977 3862 et
988 3802 1125 3877 parvulis,
1139 3807 1166 3858 et
1179 3807 1288 3859 saturo·

53 3879 229 3947 cogitatione
255 3877 404 3944 dixerunt;
424 3893 480 3934 nou
500 3873 577 3933 euim
594 3876 642 3933 ad·
698 3881 722 3934 ti
734 3884 813 3947 screa
830 3894 881 3934 nec
896 3876 1009 3939 mirum.
1022 3875 1090 3947 quia
1103 3877 1210 3933 beurim
1224 3872 1288 3945 prd-

52 3948 109 4004 huc
129 3948 338 4019 intelligebant,
353 3964 445 4020 neque
464 3945 561 4004 virtuti
581 3948 642 4019 eJus
697 3949 820 4006 visorum
839 3950 1009 4007 habuerunt.
1029 3949 1206 4007 sustulerunt
1220 3960 1289 4018 qno·

52 4025 170 4093 propter
197 4019 293 4092 priora
312 4020 450 4078 miracula
475 4019 640 4076 credebaut.
698 4038 754 4094 que
769 4021 898 4094 discipuli
914 4018 1288 4106 quodsuperooerotdesro-

53 4094 91 4149 ut
102 4095 286 4159 interropcuit
301 4108 344 4148 our
360 4109 367 4148 t
383 4093 453 4160 Quot
464 4108 549 4162 pones
563 4093 642 4147 tolie·
697 4094 1053 4167 pmentisresidmsseptem
1062 4091 1286 4162 rportcsplcaas,

54 4164 113 4220 tis?
128 4164 190 4220 Non
210 4163 395 4233 interrogavit
412 4162 546 4221 Dominus
560 4168 641 4234 quasi
696 4171 728 4223 ut
751 4165 853 4223 darent
870 4163 1043 4239 pauperibus
1058 4181 1065 4231 ;
1081 4161 1111 4219 in
1136 4176 1193 4234 quo
1213 4162 1285 4218 bene

55 4234 187 4294 nesciens
201 4235 269 4309 quid
286 4237 442 4305 baberent3
461 4235 510 4293 sed
525 4236 562 4292 ad
578 4237 640 4301 bec,
696 4242 815 4311 apparet
842 4255 891 4295 aot
919 4236 1007 4294 luisse
1032 4240 1184 4293 saturatos.
1213 4235 1284 4290 Ecce

54 4314 88 4363 ut
115 4322 180 4364 cum
206 4313 315 4380 septem
341 4307 557 4380 responderent,
585 4324 641 4380 quo
696 4316 836 4382 quantum
853 4310 926 4367 valet
950 4308 1140 4383 eleemosyna,
1159 4310 1282 4362 etcum·

53 4378 206 4451 pauciores
222 4395 312 4453 panes
334 4378 472 4451 dicerent,
492 4395 528 4437 eo
548 4379 641 4452 magis
697 4380 851 4439 municatio
874 4384 983 4451 mutua,
998 4378 1066 4453 quia
1087 4394 1135 4436 res
1152 4376 1287 4435 distribu-
