2880 4942
105 296 151 353 rso
274 263 279 270 ’
467 295 580 348 ristun
607 296 735 349 rnnrrs
762 294 872 346 cnrur
900 291 986 346 nuru

103 400 172 459 dcet
185 399 273 459 seculi
287 398 441 469 tristitiem,
455 414 517 470 quae
529 414 596 455 osse
607 398 694 455 ensic·
748 395 935 470 corporatiter
947 394 1082 464 existens,
1097 393 1186 452 uerbo
1204 407 1272 451 eum
1286 396 1340 453 ab·

104 477 150 531 cet
164 477 193 530 et
205 476 327 530 mortem
337 476 485 544 operatum
497 470 572 527 unde
584 469 694 528 inPro
749 484 815 527 sens
834 466 955 525 sanavit.
971 465 1086 539 Mystico
1103 471 1198 523 cutem
1212 481 1265 539 per
1286 465 1340 523 du·

103 542 209 602 verbiis
219 543 333 616 legitur,
344 542 463 615 spiritus
472 544 562 598 tristis
574 544 694 598 exsiccet
748 539 852 614 plicem
866 538 977 597 Domini
992 538 1145 596 adventum
1159 536 1190 594 in
1203 538 1284 595 Ceno
1298 537 1341 595 si·

105 630 177 678 ossa.
195 615 226 672 id
240 621 285 672 est
297 616 386 672 robur
400 612 590 671 virtutum-
605 612 694 685 Septi·
748 612 902 696 gnificatur
923 609 1026 694 duplex
1041 610 1160 667 effectus
1182 608 1264 668 verbi
1286 609 1338 667 Dei

105 702 155 744 mn
165 686 254 745 febris
269 691 313 744 est
333 691 426 755 aeota,
442 701 506 757 que
529 689 572 742 est
594 684 694 743 desen·
748 701 779 740 rn
798 690 904 741 mente.
927 684 1023 740 Primo
1038 681 1116 739 enirn
1142 680 1281 750 laetidcut,
1308 686 1336 738 et

105 757 148 815 sio
163 763 307 816 consuete
317 758 378 887 {um
389 756 534 830 nequitie,
552 772 616 813 cunr
632 756 695 829 quis
749 755 928 827 significetur
952 754 984 812 in
1002 753 1140 811 miraculo
1160 752 1229 825 vini,
1258 753 1338 824 quod

102 831 164 902 J'onn
189 845 247 886 non
267 846 320 887 eru
341 829 422 899 escit,
449 844 502 886 nec
526 828 617 897 timet,
643 844 695 885 nec
749 829 871 899 letificat
890 843 936 883 cor
954 828 1084 883 hominio.
1097 824 1228 883 Secundo
1243 828 1339 892 cenot,

103 899 231 973 pavescit
256 900 361 970 iacere,
389 916 453 982 quae
477 899 641 968 consuevit3
659 900 694 956 de
749 906 778 956 et
805 900 859 957 hoo
878 896 1057 970 significetur
1071 896 1102 954 in
1120 913 1190 954 cura
1216 895 1339 953 infirmi.

105 972 198 1030 salute
210 971 276 1029 tatis
291 972 374 1029 valde
386 971 547 1029 timendum
560 975 613 1040 est,
627 971 693 1043 quia
748 1001 784 1014 -
802 973 884 1041 ltern,
902 985 955 1042 per
970 970 1026 1027 hoc
1042 968 1221 1041 significetur
1234 967 1340 1041 duplex

104 1043 134 1102 in
144 1043 195 1100 tali
211 1044 292 1102 febre
306 1044 400 1101 solent
413 1042 517 1101 medici
530 1043 693 1116 desperare.
749 1043 887 1101 adventus
900 1040 962 1098 Filii
977 1039 1277 1123 Dei‚scilicetprimus‚
1286 1039 1336 1112 qui

141 1116 250 1184 dQuro
276 1133 389 1173 κηποι
418 1132 566 1172 ercurrrcer
590 1131 695 1172 nurnex
749 1112 1040 1172 iuitmansuetudinis
1055 1112 1091 1170 ad
1107 1110 1336 1169 laetntiocndurn:

106 1202 247 1245 mannus
265 1188 376 1247 Cumsrr
403 1204 432 1246 ru
447 1187 523 1245 Cnun
541 1187 694 1245 Gneisse?
749 1186 817 1270 quie
831 1186 862 1243 in
881 1184 1028 1243 nativitate
1046 1184 1109 1256 eJ’us
1123 1184 1250 1255 Angelus
1264 1198 1341 1240 nun·

105 1285 142 1301 -
156 1261 214 1316 Hoc
228 1262 330 1316 iterum
343 1259 492 1316 secundom
503 1262 614 1329 nonum
628 1261 696 1327 (ecit
748 1258 831 1315 travit
843 1257 1006 1332 pastoribus
1020 1261 1048 1313 et
1070 1255 1148 1313 omni
1163 1254 1269 1328 populo
1282 1269 1343 1312 mn-

105 1332 185 1387 Jecus
195 1347 256 1387 oum
271 1333 416 1387 oenicscta
429 1331 526 1388 Jodaea
539 1334 570 1387 in
585 1331 696 1388 Gotite-
749 1346 836 1402 gnum
851 1328 1005 1402 gaudium
1033 1332 1063 1385 et
1085 1329 1140 1384 hoo
1159 1325 1342 1400 significetur

106 1417 164 1471 om,
182 1406 211 1458 et
225 1401 374 1473 signanter
387 1401 417 1458 in
431 1402 519 1472 Cena,
538 1401 587 1459 ubi
602 1401 694 1474 primo
749 1401 921 1485 pertinum.
945 1400 1091 1457 Secundus
1117 1398 1258 1457 adrentus
1275 1398 1342 1470 eJ'us

106 1471 227 1530 mutavit
251 1488 357 1545 aquarn
380 1472 411 1529 in
425 1471 535 1541 uinum,
565 1478 593 1530 et
619 1489 695 1529 nunc
748 1489 780 1530 rn
799 1472 947 1541 mundum,
963 1471 1017 1529 erit
1034 1471 1204 1554 majestatis,
1222 1468 1340 1543 quando

107 1543 232 1602 secundo
244 1543 354 1600 sanavit
366 1543 467 1614 Reguli
479 1544 580 1601 tilium.
593 1545 695 1611 Quom·
748 1544 844 1602 veniet
860 1545 961 1601 tollere
983 1542 1166 1600 infirmitates
1186 1547 1216 1600 et
1237 1555 1341 1614 poenc·

106 1614 150 1671 uis
173 1613 251 1671 enim
265 1614 342 1671 filius
356 1614 467 1684 Revuli,
482 1630 546 1673 cunr
568 1615 694 1672 salvare-
748 1616 843 1673 litotes
855 1621 977 1685 nostras,
987 1620 1015 1672 et
1027 1618 1198 1686 contiourore
1212 1629 1262 1670 nos
1277 1628 1340 1670 cor-

107 1689 165 1766 tun,
180 1686 379 1768 Cepharnenm
393 1659 490 1756 fuerit,
501 1686 585 1769 imus
598 1693 694 1770 tamen
746 1692 811 1761 pori
825 1690 964 1745 ctoritotis
982 1703 1061 1769 suaej
1077 1692 1106 1744 et
1121 1688 1177 1744 hoc
1193 1685 1341 1759 significe-

109 1771 140 1813 rn
154 1756 234 1815 Cano
248 1757 303 1815 hoc
322 1773 434 1832 signum
459 1758 525 1816 iecit
538 1774 546 1815 t
561 1775 627 1831 qula
655 1760 693 1816 rbr
748 1766 795 1817 tur
809 1760 840 1817 in
858 1775 927 1817 cure
939 1758 1058 1816 infirmr.

664 1955 794 2014 cunno

143 2091 265 2184 Donnine
275 2126 343 2183 iesu
357 2124 478 2196 Christe,
491 2126 538 2199 qui
554 2127 590 2184 de
602 2126 699 2185 Judaea
717 2125 852 2197 angelice
873 2123 1062 2184 confessionis
1079 2127 1107 2181 et
1121 2123 1224 2195 landis,
1238 2122 1271 2182 in
1285 2125 1346 2183 Ge·

107 2194 212 2254 lilaeern
226 2199 319 2253 rotam
335 2197 421 2268 hujus
440 2198 552 2269 mundi,
571 2198 723 2262 advenisti,
740 2198 875 2269 quoniam
901 2198 1032 2255 infirmus
1047 2212 1121 2264 sum,
1141 2195 1346 2269 temporalium

60 2312 64 2317 .
108 2281 204 2324 rerum
215 2267 427 2348 pulsoritudine
442 2273 578 2338 tentatus,
594 2278 624 2326 et
636 2269 700 2326 ideo
714 2268 820 2342 incipio
836 2269 908 2327 mori
921 2268 1077 2327 tentatione
1092 2268 1239 2341 fatigatus,
1256 2267 1346 2327 mise·

109 2352 172 2395 rere
187 2352 244 2394 mer
259 2353 424 2409 priusquam
443 2339 551 2397 moriar
565 2345 656 2397 rnorte
672 2340 772 2412 cnlpae,
789 2340 835 2398 uel
850 2341 986 2414 corporis,
1003 2345 1053 2397 aut
1070 2342 1221 2412 gehennoe,
1237 2345 1271 2398 ut
1283 2340 1346 2398 uir·

108 2408 271 2490 tuteverbi‚
287 2409 446 2492 hurniiitcte
459 2411 655 2481 confessionis,
665 2411 787 2484 jejunio,
802 2412 941 2482 oratione,
954 2413 1071 2485 pietate,
1088 2419 1116 2470 et
1133 2410 1275 2486 exemplo,
1290 2428 1347 2487 per

107 2483 228 2563 gratian
240 2484 319 2539 tuam
335 2480 439 2540 liberer
453 2500 469 2541 a
481 2483 560 2542 febre
569 2484 675 2543 fomitis
690 2488 718 2542 ct
730 2484 898 2558 egritudine
907 2485 1063 2558 percutiet
1075 2483 1145 2543 nulli
1157 2485 1346 2553 succumbam

107 2551 278 2613 rnordrnctae
290 2553 428 2630 passioni.
443 2556 542 2615 nmen.

564 2862 720 2951 ,corun
755 2859 862 2932 nxrv

189 3069 226 3115 DE
245 3069 388 3125 QUATUOR
401 3071 564 3118 Pnnnuonls
579 3072 685 3118 DOMINI
698 3075 737 3118 AD
755 3075 872 3120 TURBAS
894 3077 933 3121 ΕΤ
947 3077 1054 3124 TRIBUS
1072 3080 1112 3124 AD
1128 3081 1260 3128 DISCIPU-

620 3155 675 3198 LOS
697 3156 829 3200 unululs.

329 3326 428 3383 naun.
445 3340 508 3400 cap.
522 3328 594 3399 xiil,
610 3330 696 3386 itare.
712 3343 774 3403 cap.
791 3331 828 3390 IV
842 3336 872 3388 et
885 3333 951 3391 Luc.
965 3348 1027 3406 cop.
1041 3335 1112 3389 t'111.

145 3522 273 3589 ilium,
283 3539 338 3588 oon
350 3528 698 3585 rnnrrcunnnnronssccnn-
753 3528 886 3597 traheret;
907 3534 936 3586 et
949 3534 981 3588 ut
1000 3528 1112 3588 audiret
1126 3546 1192 3588 eum
1206 3529 1342 3603 populus,

74 3656 82 3675 Ι,
106 3610 160 3661 su,
177 3611 229 3650 ren
243 3612 397 3676 rnnnnonns
412 3613 496 3653 nocer
508 3598 650 3678 Cnursrus.
664 3629 697 3641 -
753 3606 781 3656 et
795 3600 914 3670 videret,
931 3608 959 3659 et
984 3601 1062 3659 uisus
1084 3602 1239 3660 delectaret
1257 3600 1344 3659 audi·

107 3665 176 3745 Post
186 3664 248 3720 haec
261 3667 397 3746 Dominus
406 3671 485 3748 {esus
498 3667 551 3724 furt
565 3669 602 3724 ad
617 3685 695 3726 mare
752 3675 823 3741 turn,
852 3678 880 3729 et
907 3672 1022 3731 auditus
1051 3673 1152 3731 visum.
1184 3696 1195 3726 ι
1229 3673 1283 3732 Ubi
1314 3679 1342 3731 et

105 3738 267 3806 piscaturus
274 3736 525 3795 hominesmterra
532 3739 695 3809 existentes,
750 3744 848 3798 Reda:
865 3762 879 3797 u
894 3744 977 3801 Proeti
1019 3747 1100 3803 rabat
1116 3748 1177 3803 hoec
1193 3745 1275 3803 novis
1288 3745 1342 3803 Ec·

107 3809 136 3863 et
159 3821 220 3878 prae
245 3805 330 3863 turha
352 3807 400 3888 'ad’
427 3824 492 3889 eum
520 3817 695 3881 congregata
751 3813 867 3870 clesiam
880 3815 910 3871 in
924 3832 968 3873 mc
990 3817 1017 3874 io
1032 3817 1179 3875 nationum
1198 3817 1343 3875 edifican-

107 3876 690 3951 oscendenccumdrscrpulrsinnovientum,
750 3884 828 3953 dam,
843 3884 873 3942 in
896 3902 952 3958 qua
968 3888 1254 3947 Dominusdilcctam
1284 3889 1340 3946 sibi

100 3953 144 4033 'et’
154 3948 257 4007 sedens
275 3948 306 4005 in
322 3964 367 4018 ea,
382 3951 494 4006 docebat
508 3953 608 4009 turbas
623 3953 693 4010 sirn-
750 3961 899 4015 consecrat
935 3963 1124 4018 mansionem.
1157 3984 1168 4014 ι
1208 3963 1243 4018 Et
1270 3976 1340 4035 pro·

103 4021 194 4151 Buces
217 4027 245 4079 et
271 4020 388 4079 devotos
414 4025 445 4079 io
461 4024 554 4079 littore
569 4030 690 4083 stantes.
748 4028 843 4100 posuit
866 4029 1003 4088 Dominus
1029 4033 1119 4090 turbis
1149 4038 1274 4106 quatuor
1288 4048 1343 4107 pe·

126 4094 182 4151 nde
209 4095 440 4164 chrysostomus:
468 4114 484 4178 ξ(
508 4095 642 4179 Ascendit
660 4100 691 4155 in
749 4100 863 4159 rabolos
896 4101 1023 4160 diversas
1048 4104 1168 4163 diversis
1196 4103 1341 4163 conditio-

102 4179 210 4229 nouem,
227 4170 259 4223 ut
272 4171 336 4239 post
350 4182 381 4224 ee
400 4182 544 4249 neminem
564 4169 690 4227 drmnte-
746 4172 834 4229 nibus
847 4172 995 4231 hominurn
1021 4182 1222 4250 congruentes,
1236 4181 1270 4236 ut
1284 4190 1338 4251 pro

102 4241 156 4311 ret,
171 4236 223 4295 sed
232 4254 333 4297 omnes
346 4238 491 4299 auditores
506 4244 572 4299 ante
587 4241 689 4300 faciem
746 4242 887 4303 verietate
903 4247 1080 4319 moritorum,
1095 4247 1176 4307 varia
1189 4253 1268 4309 esset
1280 4262 1339 4307 me

84 4512 267 4693 w„
