2880 4942
118 299 163 354 tot
487 296 601 351 Phlius
627 297 757 352 athala
783 294 892 349 utros
919 293 977 349 htx

30 450 33 457 .
116 407 214 465 luntas
225 407 321 462 movet
334 401 438 461 anima
449 403 593 477 potentias
606 421 614 475 ;
629 410 656 460 et
670 420 705 460 en
761 418 834 461 mas.
847 404 983 474 Dhitque
991 403 1037 459 uta
1046 401 1185 461 Dominus
1198 421 1205 462 :
1218 408 1349 464 mre

104 483 182 535 stote
200 480 295 532 animo
320 480 379 539 aaa,
394 474 424 532 id
452 480 495 532 est
516 492 551 533 er
575 492 595 533 a
662 475 705 532 itu
758 474 914 547 spondisti,⁸
932 476 981 530 boe
997 477 1055 543 (ce.
1080 473 1190 532 seilicet
1210 479 1302 535 Deum
1320 485 1350 537 et

120 547 270 617 sensitiro,
289 546 340 619 qui
358 552 488 604 movetur
504 563 556 620 per
574 564 609 604 vo
621 552 705 604 unta-
762 544 922 675 proximum
938 544 1102 617 diligendo;
1121 553 1150 604 et
1168 548 1234 605 ideo
1252 549 1347 608 dicit:

120 624 190 677 tem.
204 619 284 676 Unde
304 634 369 690 pars
394 618 530 675 sensitiva
548 624 642 691 potest
660 618 707 676 hie
784 635 827 686 ce,
846 617 988 699 quianon
1009 618 1116 674 sufficit
1139 618 1271 692 diligere,
1291 620 1349 679 nisi

122 689 241 762 intelligi
257 689 450 762 peranimam,
460 692 616 748 secundum
629 692 706 763 quod
762 689 877 746 dilectio
892 689 1105 746 demonstretur
1118 689 1148 746 in
1163 707 1268 762 opere;
1283 709 1349 766 pro·

122 760 258 820 scribitur
280 761 310 817 in
338 762 441 818 Genesi
457 780 465 818 :
481 766 581 819 Faetus
610 770 651 818 est
676 765 707 818 in
761 760 841 818 batio
870 759 947 817 enim
976 760 1137 817 dilectionis
1153 763 1289 822 exhibitio
1305 770 1349 822 est

54 888 58 895 ,
122 834 245 890 animum
268 836 415 914 eluentem,
441 833 472 890 id
499 838 554 902 est,
585 838 617 890 ut
638 833 708 891 dicit
762 831 873 905 operis;
893 837 921 888 et
936 834 1022 898 olom,
1041 831 1148 890 seilicet
1168 833 1226 890 rita
1241 851 1348 917 perpe·

123 904 233 974 Glosso,
250 910 337 961 vitam
363 904 517 964 animalem
544 909 595 962 aut
618 905 709 962 sensi·
762 911 812 961 tua
827 922 834 960 :
851 905 913 960 haec
937 907 982 960 est
1002 904 1080 960 enim
1101 904 1284 963 eioellentror
1301 909 1348 965 via

121 974 209 1033 bilem
224 975 338 1047 corpori
355 976 482 1034 dantem.
499 975 617 1047 Diliges,
631 979 658 1032 et
671 993 707 1033 es
761 975 847 1034 eundi
872 976 909 1032 ad
932 975 1019 1032 vitam
1034 982 1180 1033 aeternam.
1200 977 1289 1045 Quasi
1305 977 1348 1035 di·

119 1051 180 1104 toto
193 1053 282 1103 mente
296 1054 355 1111 tae,
371 1048 400 1104 id
421 1054 465 1104 est
488 1064 522 1104 es
543 1053 602 1105 toto
621 1047 707 1104 intel·
762 1052 863 1105 cenet:
887 1049 954 1103 Haec
976 1046 1057 1115 dieis,
1072 1048 1121 1104 sed
1141 1065 1199 1106 non
1214 1048 1303 1120 lacis;
1317 1054 1347 1107 et

120 1117 206 1188 lectu,
226 1117 275 1191 qui
295 1118 381 1176 etiarn
396 1124 526 1176 movetur
539 1135 592 1192 per
606 1119 707 1176 volun·
761 1118 828 1177 ideo
843 1118 981 1175 advitam
999 1135 1057 1174 non
1077 1119 1166 1175 vadis

121 1192 210 1246 tatem
226 1191 261 1246 ad
277 1189 490 1247 assentiendum
502 1189 549 1247 his
563 1207 626 1262 quas
641 1195 708 1247 sunt
796 1196 814 1259 d
831 1192 978 1247 Prnsnons
992 1191 1156 1247 smmum
1172 1210 1179 1248 ε
1196 1210 1283 1250 onnus
1295 1210 1345 1252 nu·

120 1260 201 1329 fidei,
215 1267 244 1318 et
266 1262 304 1318 ad
326 1261 522 1319 meditandum
540 1262 579 1319 de
593 1264 652 1319 Deo
667 1263 709 1319 di·
762 1280 856 1320 naun
868 1281 920 1319 rsa
932 1280 1067 1318 vunonem
1080 1280 1285 1321 ricemann-
1294 1267 1346 1322 itte

117 1331 208 1401 lecto;
224 1339 250 1389 et
264 1350 299 1388 en
310 1335 436 1390 omnibus
449 1336 556 1391 viribus
570 1337 637 1398 tois,
651 1334 706 1404 rel,
762 1340 854 1391 natan
877 1336 969 1389 coloss
993 1334 1149 1404 justificare
1171 1339 1302 1405 seipsum,
1316 1336 1346 1394 id

117 1419 152 1460 ex
172 1409 232 1461 tota
251 1404 428 1473 tortitudine,
447 1421 497 1462 seu
522 1404 627 1462 virtute
647 1411 706 1475 tua,
761 1412 806 1462 est
820 1407 927 1477 justum
941 1405 1093 1462 ostendere
1114 1408 1270 1464 seeundum
1294 1423 1345 1480 ap·

120 1475 196 1547 quod
227 1475 302 1531 idern
322 1481 365 1532 est
382 1492 456 1549 :per
474 1477 550 1548 qnod
572 1482 708 1533 notantur
732 1532 735 1557 Ι
761 1477 935 1550 parentiam,
953 1483 1057 1548 putans
1077 1493 1109 1533 se
1130 1494 1193 1534 esse
1208 1485 1274 1535 ante
1293 1481 1345 1536 ho-

121 1547 257 1627 potentiae
282 1547 396 1604 motivae
416 1552 446 1604 et
464 1546 627 1615 executivae,
643 1565 707 1619 quar
762 1551 867 1605 minem
882 1548 930 1620 qui
950 1554 1060 1605 tantum
1077 1548 1154 1604 ridet
1172 1549 1303 1619 exterius,
1317 1555 1348 1607 et

123 1620 209 1674 elram
229 1624 380 1675 moventur
424 1634 456 1674 er
480 1618 655 1676 voluntatem
669 1620 706 1677 ad
761 1637 822 1676 non
837 1625 903 1676 ante
923 1621 1013 1676 Deum
1039 1619 1088 1691 qui
1114 1620 1192 1677 ridet
1214 1621 1345 1690 interius,

125 1689 302 1760 operandum
322 1706 356 1745 ex
370 1634 521 1747 diiiectione
536 1690 665 1760 viriliter,
678 1697 708 1746 et
761 1692 839 1747 dicit
867 1692 905 1746 cd
933 1693 1025 1746 lesum
1040 1711 1049 1746 ε
1062 1695 1099 1747 st
1121 1696 1186 1760 quis
1206 1698 1246 1748 cst
1270 1709 1347 1750 meus

123 1776 180 1817 non
201 1763 329 1820 remisse.
347 1760 400 1817 Ubi
419 1764 585 1817 Maximus:
602 1784 617 1813 «
637 1764 707 1820 Cum
759 1765 930 1835 proximae?
944 1765 976 1818 ln
990 1778 1047 1832 quo
1071 1778 1089 1818 a
1108 1761 1259 1820 dilectione
1278 1780 1346 1836 pro-

123 1832 177 1889 hac
190 1832 277 1904 igitur
289 1833 446 1891 intentione
459 1833 563 1889 trinam
571 1833 607 1890 ad
616 1837 706 1890 Deum
760 1833 828 1890 ximi
848 1849 967 1890 vacuum
991 1849 1022 1889 se
1041 1834 1175 1902 ostendit,
1192 1835 1260 1905 quia
1278 1851 1346 1906 pro·

121 1903 304 1962 dilectionem
316 1906 360 1963 lex
375 1912 541 1979 pertractat,
557 1912 588 1961 ut
604 1906 708 1963 evellat
761 1905 868 1962 nimum
893 1921 951 1961 non
972 1905 1058 1960 novit.
1084 1906 1211 1961 Forsitan
1227 1907 1346 1977 putabat

123 1993 178 2035 nos
199 1994 217 2034 a
236 1977 313 2036 trina
336 1977 437 2037 mundi
457 1977 634 2047 habitudine,
670 1992 707 2034 ua
761 1977 838 2049 quod
865 1975 995 2034 Christus
1017 1976 1146 2032 diceret:
1165 1977 1283 2034 tudaeus
1302 1980 1347 2034 est

122 2049 275 2132 respicitur
298 2051 335 2106 ad
358 2052 565 2123 possessiones,
584 2049 621 2107 ad
643 1994 704 2132 [iio-
760 2048 905 2177 ssrnrimus
919 2054 996 2115 tuus,
1008 2052 1035 2103 ct
1054 2053 1121 2129 tune
1136 2049 1344 2130 responderet:

120 2137 193 2178 rram
208 2127 237 2177 et
251 2123 287 2178 ad
308 2123 479 2195 voluptates,
494 2122 524 2179 in
545 2138 603 2193 qua
618 2127 706 2178 etiam
787 2137 851 2177 eum
865 2126 894 2177 et
907 2120 1038 2176 andaoni
1052 2119 1149 2190 diligo,
1165 2129 1242 2176 etsrc
1257 2135 1345 2191 appa·

119 2198 247 2249 tentatus
275 2199 318 2249 est
345 2194 485 2261 Christus,
507 2213 521 2246 n
545 2193 703 2265 Sequitur:
761 2196 838 2248 reret
851 2194 954 2263 justus.
971 2193 1130 2261 suspiciens
1149 2196 1240 2246 unctam
1254 2193 1344 2257 Jonas,

119 2266 157 2319 Et
173 2267 332 2335 proximum
357 2270 445 2329 tuum,
464 2265 494 2319 id
518 2270 560 2320 est
588 2280 705 2321 omnem
760 2262 850 2319 idest
867 2277 979 2319 sursum
1004 2261 1147 2333 aspiciens
1168 2264 1261 2332 lesus,
1278 2278 1345 2335 pro·

119 2335 275 2401 hominem,
293 2338 365 2389 sieut
393 2337 520 2407 teipsam,
547 2334 576 2390 id
603 2342 646 2392 est
670 2353 704 2392 eo
759 2334 856 2408 posuit
871 2333 897 2390 oi
917 2333 1083 2405 parabolam
1105 2334 1141 2390 de
1162 2334 1278 2390 homine
1337 2333 1343 2345 '

121 2403 225 2461 ellectu
251 2421 307 2476 quo
332 2403 469 2477 teipsum3
489 2406 545 2474 vel,
563 2406 601 2462 ad
628 2407 704 2478 quod
759 2407 940 2463 descendens
954 2405 989 2461 ab
1009 2405 1165 2461 Jerusalem
1185 2404 1213 2460 in
1231 2404 1306 2463 Jeric
1327 2421 1345 2462 o

119 2475 255 2547 teipsum,
272 2476 380 2534 scilicet
396 2477 433 2534 ad
453 2477 573 2549 gratiam
590 2477 618 2534 in
630 2495 704 2550 prae·
759 2477 860 2534 incidit
873 2476 902 2532 in
922 2476 1059 2532 latrones.
1077 2477 1142 2533 ldeo
1162 2492 1275 2533 sursum
1298 2493 1345 2534 as·

121 2547 237 2604 sentiet
251 2548 371 2618 ploriam
388 2547 419 2604 in
436 2550 542 2606 lutuno.
560 2550 611 2607 Ubi
626 2553 703 2606 Ruso·-
759 2552 846 2622 pexit,
858 2547 970 2619 quiade
983 2549 1068 2604 rebus
1080 2548 1345 2619 magnislocutnrus

121 2619 200 2675 ltus:
219 2644 232 2669 α
249 2622 297 2677 Est
313 2620 401 2692 igitur
409 2620 546 2748 (primum
561 2627 590 2678 et
606 2621 704 2694 praeci-
760 2627 832 2688 erat,
853 2620 929 2676 unde
951 2617 1059 2675 scilicet
1078 2621 1234 2676 humanum
1255 2634 1345 2690 pensis

120 2704 208 2763 puum
228 2694 393 2749 mandatum
429 2693 702 2763 ivinaedilectionis3
759 2692 957 2758 descenderat,
977 2689 1113 2761 dumper
1132 2696 1278 2761 peceatum
1298 2706 1346 2747 ce·

118 2764 274 2817 secundnm
290 2769 384 2820 autem
404 2763 487 2835 primi
503 2765 703 2836 completivum
729 2752 732 2829 i
759 2763 838 2820 cidit.
855 2762 1137 2833 Secundumaliquos
1150 2766 1193 2818 est
1205 2761 1251 2817 hie
1264 2777 1347 2834 para·

119 2836 148 2888 et
164 2833 200 2889 ab
215 2850 248 2889 eo
268 2836 520 2906 completumque
538 2852 703 2893 commone·
759 2835 835 2903 bola,
851 2834 1006 2891 seeundum
1019 2833 1091 2889 alios
1115 2837 1159 2889 est
1181 2850 1226 2889 res
1240 2838 1344 2905 gesta:

119 2917 185 2958 mur
211 2904 329 2973 diligere
356 2905 526 2977 proximum.
550 2927 565 2957 »
594 2908 645 2962 Ubi
675 2911 704 2963 et
758 2905 826 2977 quia
843 2905 919 2961 inter
933 2905 1093 2961 ierusalem
1113 2911 1142 2961 et
1155 2905 1269 2960 iericho
1284 2909 1346 2961 erat

120 2972 328 3044 chrysostomus
349 2994 356 3032 ε
374 2999 389 3027 «
409 2980 448 3033 Tu
471 2982 567 3033 autem
587 2979 702 3034 attende
759 2977 891 3049 quasdam
907 2976 1040 3044 solitudo,
1058 2975 1103 3032 ribi
1118 2976 1283 3047 frequenter
1295 2977 1346 3032 ho-

118 3045 241 3116 qualiter
255 3047 313 3102 lere
328 3063 394 3104 cunr
408 3048 509 3104 eodem
525 3065 640 3105 excessu
655 3065 704 3120 po·
759 3048 852 3114 mines
879 3053 1059 3104 transcuntes
1088 3047 1285 3118 spoliabantur
1315 3052 1346 3103 et

119 3115 206 3197 stulat
223 3124 375 3190 utrumque
389 3128 574 3192 praeceptum.
591 3123 631 3177 De
645 3123 702 3177 beo
759 3119 963 3176 occidebantur
980 3134 998 3175 a
1013 3119 1171 3174 latronibus
1198 3119 1344 3175 desertum

118 3189 312 3257 cnrmait‚er
335 3192 485 3247 totocorde
504 3198 570 3259 tuo,
588 3193 703 3264 depro·
758 3189 830 3247 illud
856 3190 1093 3247 inhabitantibus.
1123 3193 1204 3245 Uinit
1234 3205 1304 3260 ergo
1332 3205 1342 3246 ε

116 3256 203 3329 ximo,
219 3265 291 3318 sicut
305 3265 432 3334 teipsam.
449 3263 529 3331 Quod
543 3262 568 3320 si
579 3263 702 3334 diligen·
757 3265 844 3319 Uomo
859 3263 975 3334 quidum
989 3261 1170 3318 descendebat
1184 3261 1218 3315 ab
1231 3262 1343 3317 Jerusa-

115 3332 162 3389 tcr
183 3334 395 3403 observaretur,
408 3351 461 3392 nec
489 3350 589 3392 servus
614 3341 699 3405 esset,
758 3336 811 3390 lero
837 3337 867 3391 tn
897 3332 1014 3390 Iericho.
1049 3331 1218 3403 hllegorice,
1252 3333 1343 3389 Homo

115 3416 170 3483 nee
183 3404 265 3474 liber,
281 3422 334 3462 nee
348 3406 454 3476 victor,
466 3423 519 3464 nec
533 3407 634 3477 victus,
648 3424 701 3464 nec
756 3405 810 3463 iste
832 3405 961 3478 designat
985 3421 1077 3477 genus
1096 3404 1254 3459 humanum
1270 3421 1277 3458 :
1293 3402 1343 3474 qui

115 3472 205 3544 drres,
233 3495 286 3535 nec
311 3494 434 3551 pauper;
461 3494 514 3535 nee
536 3487 620 3537 notus
641 3496 701 3536 um·
756 3478 787 3535 in
801 3477 901 3551 primis
916 3477 1080 3550 parentibus
1099 3475 1288 3531 descendebat
1305 3483 1344 3532 ab

115 3558 201 3616 quam
226 3555 303 3605 esset
330 3550 471 3608 diabolus.
497 3551 595 3607 Potius
622 3551 699 3608 enirn
754 3550 989 3632 Jerusalemquae
1006 3552 1077 3604 nisio
1090 3550 1168 3618 posis
1185 3546 1298 3615 dicitur,
1314 3544 1344 3601 id

5 3686 7 3691 ,
116 3616 207 3687 palem
233 3620 309 3689 ignis
342 3621 516 3677 sustinerent
548 3621 703 3678 immissio-
756 3614 1345 3693 estaparadisoetsnpernaeaccoelestis

115 3702 193 3756 nem,
208 3706 293 3759 quam
308 3691 448 3748 terrorem
461 3692 588 3750 caritatis
601 3693 699 3750 diabo-
755 3691 941 3749 beatitudinis
957 3708 1027 3763 paee
1045 3695 1074 3747 et
1090 3690 1208 3757 visione,
1222 3689 1251 3744 iu
1269 3685 1343 3745 teri·

118 3755 173 3828 lus,
196 3760 268 3816 adeo
292 3769 392 3818 cuneta
407 3769 523 3834 superat
537 3764 699 3822 dilectionis
754 3764 820 3831 cho,
834 3780 900 3835 quae
915 3764 983 3818 lanc
997 3763 1240 3833 interpretaturet
1254 3763 1345 3815 muta·

113 3831 283 3886 constantia.
301 3851 315 3884 o
331 3834 410 3890 Unde
424 3834 510 3891 etiam
527 3837 695 3906 Ureportus:
754 3834 894 3892 bilitatem
911 3833 1064 3905 signifieat,
1083 3834 1113 3890 id
1139 3838 1183 3889 est
1211 3832 1239 3887 in
1264 3829 1345 3886 dele·

115 3919 130 3954 a
147 3904 217 3959 Cum
237 3907 332 3960 autem
359 3905 469 3962 dicatur
485 3909 613 3977 :bttipes
632 3924 697 3979 pro·
754 3911 830 3963 ctum
848 3912 878 3961 et
893 3903 1038 3962 miseriam
1062 3905 1145 3976 hujus
1163 3904 1228 3959 ritae
1250 3904 1343 3958 muta·

114 3976 221 4029 motum
236 3980 313 4031 tuum
325 3979 399 4033 sicat
411 3981 539 4048 teipsum,
553 3978 697 4050 quomodo
753 3976 818 4034 bilis
832 3982 862 4033 et
878 3993 1008 4034 erronea
1027 3993 1034 4032 :
1049 3977 1118 4047 quia
1132 3993 1149 4032 a
1166 3971 1343 4044 contempla·

113 4044 196 4103 alteri
212 4047 374 4105 miserendo
411 4048 455 4104 ins
468 4054 521 4113 est,
539 4050 586 4121 qui
602 4051 698 4107 adhue
754 4047 833 4106 tione
847 4064 971 4121 superna
985 4055 1014 4104 et
1035 4048 1093 4104 rita
1107 4047 1238 4119 pacifica,
1256 4059 1343 4116 quiam

115 4113 221 4190 injuste
247 4119 365 4176 vivendo
388 4065 422 4176 iit
444 4119 549 4192 impius
568 4120 698 4179 sibimet·
754 4121 783 4176 in
808 4120 941 4192 paradiso
963 4117 1118 4187 habuisset,
1136 4118 1176 4174 ad
1197 4114 1341 4174 mutabili·

112 4185 165 4271 ipsi
178 4191 193 4246 ‘l
208 4212 221 4237 r
235 4192 276 4273 Ue
294 4193 348 4248 hae
366 4191 595 4274 materiahabes
613 4192 698 4249 latius
754 4195 841 4275 tatem
856 4192 943 4263 hujus
954 4189 1045 4247 exsilii
1067 4198 1111 4272 et¹
1122 4195 1245 4247 terrenae
1257 4186 1342 4246 mise

112 4263 198 4334 inira,
215 4263 324 4320 scilicet
343 4264 416 4321 lerna
434 4267 520 4321 tectra
543 4268 609 4336 post
630 4263 697 4321 Pal·
753 4278 805 4320 nrm
819 4279 872 4336 per
887 4265 1002 4335 culpam
1016 4266 1135 4320 corruit
