<?xml version="1.0" encoding="UTF-8"?>
<!DOCTYPE html PUBLIC "-//W3C//DTD XHTML 1.0 Transitional//EN"
    "http://www.w3.org/TR/xhtml1/DTD/xhtml1-transitional.dtd">
<html xmlns="http://www.w3.org/1999/xhtml" xml:lang="en" lang="en">
 <head>
  <title>
</title>
<meta http-equiv="Content-Type" content="text/html;charset=utf-8" />
  <meta name='ocr-system' content='tesseract 3.04.00' />
  <meta name='ocr-capabilities' content='ocr_page ocr_carea ocr_par ocr_line ocrx_word'/>
</head>
<body>
  <div class='ocr_page' id='page_1' title='image "./vitajesuchristi00ludogoog_0031.png"; bbox 0 0 2880 4942; ppageno 0'>
   <div class='ocr_carea' id='block_1_1' title="bbox 113 384 147 437">
    <p class='ocr_par' dir='ltr' id='par_1_1' title="bbox 113 384 147 437">
     <span class='ocr_line' id='line_1_1' title="bbox 113 384 147 437; baseline 0 0"><span class='ocrx_word' id='word_1_1' title='bbox 113 384 147 437; x_wconf 73' lang='lat'><strong>22</strong></span> 
     </span>
    </p>
   </div>
   <div class='ocr_carea' id='block_1_2' title="bbox 45 492 709 4425">
    <p class='ocr_par' dir='ltr' id='par_1_2' title="bbox 45 492 709 3279">
     <span class='ocr_line' id='line_1_2' title="bbox 117 492 699 565; baseline 0.005 -16"><span class='ocrx_word' id='word_1_2' title='bbox 117 492 157 549; x_wconf 92' lang='lat' dir='ltr'><strong>uti</strong></span> <span class='ocrx_word' id='word_1_3' title='bbox 168 493 259 565; x_wconf 84' lang='lat' dir='ltr'><strong>magis</strong></span> <span class='ocrx_word' id='word_1_4' title='bbox 268 506 355 564; x_wconf 83' lang='lat' dir='ltr'><strong>quam</strong></span> <span class='ocrx_word' id='word_1_5' title='bbox 366 493 484 549; x_wconf 82' lang='lat' dir='ltr'><strong>veritate</strong></span> <span class='ocrx_word' id='word_1_6' title='bbox 494 494 621 564; x_wconf 86' lang='lat' dir='ltr'><strong>justitiae.</strong></span> <span class='ocrx_word' id='word_1_7' title='bbox 632 496 699 553; x_wconf 86' lang='lat' dir='ltr'><strong>ldeo</strong></span> 
     </span>
     <span class='ocr_line' id='line_1_3' title="bbox 115 563 698 637; baseline 0.003 -16"><span class='ocrx_word' id='word_1_8' title='bbox 115 565 201 622; x_wconf 91' lang='lat' dir='ltr'><strong>etiam</strong></span> <span class='ocrx_word' id='word_1_9' title='bbox 217 565 344 621; x_wconf 80' lang='lat' dir='ltr'><strong>vehiculo</strong></span> <span class='ocrx_word' id='word_1_10' title='bbox 367 563 446 619; x_wconf 85' lang='lat' dir='ltr'><strong>navis</strong></span> <span class='ocrx_word' id='word_1_11' title='bbox 462 567 583 622; x_wconf 84' lang='lat' dir='ltr'><strong>transire</strong></span> <span class='ocrx_word' id='word_1_12' title='bbox 600 568 698 637; x_wconf 84' lang='lat' dir='ltr'><strong>toluit,</strong></span> 
     </span>
     <span class='ocr_line' id='line_1_4' title="bbox 117 636 700 710; baseline 0.003 -17"><span class='ocrx_word' id='word_1_13' title='bbox 117 641 149 693; x_wconf 90' lang='lat' dir='ltr'><strong>ut</strong></span> <span class='ocrx_word' id='word_1_14' title='bbox 167 652 219 693; x_wconf 86' lang='lat' dir='ltr'><strong>uos</strong></span> <span class='ocrx_word' id='word_1_15' title='bbox 232 636 348 692; x_wconf 90' lang='lat' dir='ltr'><strong>doceret</strong></span> <span class='ocrx_word' id='word_1_16' title='bbox 361 636 425 690; x_wconf 86' lang='lat' dir='ltr'><strong>nati</strong></span> <span class='ocrx_word' id='word_1_17' title='bbox 444 643 472 692; x_wconf 92' lang='lat' dir='ltr'><strong>et</strong></span> <span class='ocrx_word' id='word_1_18' title='bbox 491 636 625 707; x_wconf 79' lang='lat' dir='ltr'><strong>sullragio</strong></span> <span class='ocrx_word' id='word_1_19' title='bbox 639 654 700 710; x_wconf 84' lang='lat' dir='ltr'><strong>pte·</strong></span> 
     </span>
     <span class='ocr_line' id='line_1_5' title="bbox 114 705 702 780; baseline 0.003 -16"><span class='ocrx_word' id='word_1_20' title='bbox 114 708 243 764; x_wconf 86' lang='lat' dir='ltr'><strong>nitentiae</strong></span> <span class='ocrx_word' id='word_1_21' title='bbox 261 708 301 762; x_wconf 92' lang='lat' dir='ltr'><strong>uti</strong></span> <span class='ocrx_word' id='word_1_22' title='bbox 316 707 344 761; x_wconf 96' lang='lat' dir='ltr'><strong>in</strong></span> <span class='ocrx_word' id='word_1_23' title='bbox 360 705 432 762; x_wconf 90' lang='lat' dir='ltr'><strong>mari</strong></span> <span class='ocrx_word' id='word_1_24' title='bbox 446 709 534 764; x_wconf 89' lang='lat' dir='ltr'><strong>seculi</strong></span> <span class='ocrx_word' id='word_1_25' title='bbox 549 709 645 780; x_wconf 85' lang='lat' dir='ltr'><strong>hujus,</strong></span> <span class='ocrx_word' id='word_1_26' title='bbox 669 717 702 766; x_wconf 93' lang='lat' dir='ltr'><strong>ut</strong></span> 
     </span>
     <span class='ocr_line' id='line_1_6' title="bbox 114 779 699 851; baseline 0.003 -15"><span class='ocrx_word' id='word_1_27' title='bbox 114 781 145 836; x_wconf 94' lang='lat' dir='ltr'><strong>in</strong></span> <span class='ocrx_word' id='word_1_28' title='bbox 159 779 302 835; x_wconf 86' lang='lat' dir='ltr'><strong>civitatem</strong></span> <span class='ocrx_word' id='word_1_29' title='bbox 322 781 463 834; x_wconf 83' lang='lat' dir='ltr'><strong>celestem</strong></span> <span class='ocrx_word' id='word_1_30' title='bbox 478 782 676 850; x_wconf 85' lang='lat' dir='ltr'><strong>perveniamus</strong></span> <span class='ocrx_word' id='word_1_31' title='bbox 691 797 699 851; x_wconf 87' lang='lat'>;</span> 
     </span>
     <span class='ocr_line' id='line_1_7' title="bbox 115 850 703 919; baseline 0.002 -11"><span class='ocrx_word' id='word_1_32' title='bbox 115 850 179 908; x_wconf 79' lang='lat' dir='ltr'><strong>bec</strong></span> <span class='ocrx_word' id='word_1_33' title='bbox 191 851 267 905; x_wconf 88' lang='lat' dir='ltr'><strong>enim</strong></span> <span class='ocrx_word' id='word_1_34' title='bbox 281 851 359 905; x_wconf 89' lang='lat' dir='ltr'><strong>natis</strong></span> <span class='ocrx_word' id='word_1_35' title='bbox 371 852 542 919; x_wconf 75' lang='lat' dir='ltr'><strong>penitentias</strong></span> <span class='ocrx_word' id='word_1_36' title='bbox 558 852 586 907; x_wconf 92' lang='lat' dir='ltr'><strong>in</strong></span> <span class='ocrx_word' id='word_1_37' title='bbox 601 852 703 909; x_wconf 83' lang='lat' dir='ltr'><strong>civita·</strong></span> 
     </span>
     <span class='ocr_line' id='line_1_8' title="bbox 114 921 700 995; baseline 0.007 -17"><span class='ocrx_word' id='word_1_38' title='bbox 114 929 173 978; x_wconf 89' lang='lat' dir='ltr'><strong>tcm</strong></span> <span class='ocrx_word' id='word_1_39' title='bbox 189 924 332 977; x_wconf 84' lang='lat' dir='ltr'><strong>otelestem</strong></span> <span class='ocrx_word' id='word_1_40' title='bbox 348 921 470 979; x_wconf 82' lang='lat' dir='ltr'>deducit.</span> <span class='ocrx_word' id='word_1_41' title='bbox 481 924 547 979; x_wconf 93' lang='lat' dir='ltr'><strong>ldco</strong></span> <span class='ocrx_word' id='word_1_42' title='bbox 561 925 700 995; x_wconf 85' lang='lat' dir='ltr'><strong>sequitur:</strong></span> 
     </span>
     <span class='ocr_line' id='line_1_9' title="bbox 113 995 704 1057; baseline -0.002 -6"><span class='ocrx_word' id='word_1_43' title='bbox 113 996 150 1051; x_wconf 78' lang='lat' dir='ltr'><strong>itt</strong></span> <span class='ocrx_word' id='word_1_44' title='bbox 164 996 238 1049; x_wconf 84' lang='lat' dir='ltr'><strong>uenit</strong></span> <span class='ocrx_word' id='word_1_45' title='bbox 260 995 290 1048; x_wconf 80' lang='lat' dir='ltr'><strong>iu</strong></span> <span class='ocrx_word' id='word_1_46' title='bbox 316 995 456 1048; x_wconf 85' lang='lat' dir='ltr'><strong>ciuitatem</strong></span> <span class='ocrx_word' id='word_1_47' title='bbox 483 1010 573 1057; x_wconf 76' lang='lat' dir='ltr'><strong>mem.</strong></span> <span class='ocrx_word' id='word_1_48' title='bbox 595 996 704 1052; x_wconf 91' lang='lat' dir='ltr'><strong>scilicet</strong></span> 
     </span>
     <span class='ocr_line' id='line_1_10' title="bbox 116 1065 704 1137; baseline -0.002 -13"><span class='ocrx_word' id='word_1_49' title='bbox 116 1066 328 1136; x_wconf 86' lang='lat' dir='ltr'><strong>Capharnaum‚</strong></span> <span class='ocrx_word' id='word_1_50' title='bbox 343 1065 371 1119; x_wconf 93' lang='lat' dir='ltr'><strong>in</strong></span> <span class='ocrx_word' id='word_1_51' title='bbox 386 1065 629 1137; x_wconf 76' lang='lat' dir='ltr'><strong>quairequcntiut</strong></span> <span class='ocrx_word' id='word_1_52' title='bbox 640 1083 704 1123; x_wconf 91' lang='lat' dir='ltr'><strong>con·</strong></span> 
     </span>
     <span class='ocr_line' id='line_1_11' title="bbox 47 1136 702 1210; baseline 0.012 -23"><span class='ocrx_word' id='word_1_53' title='bbox 47 1183 50 1187; x_wconf 79' lang='grc'><strong><em>,</em></strong></span> <span class='ocrx_word' id='word_1_54' title='bbox 116 1138 223 1194; x_wconf 78' lang='lat' dir='ltr'><strong>termrl</strong></span> <span class='ocrx_word' id='word_1_55' title='bbox 248 1136 357 1193; x_wconf 79' lang='lat' dir='ltr'>solebat</span> <span class='ocrx_word' id='word_1_56' title='bbox 376 1145 405 1192; x_wconf 89' lang='lat' dir='ltr'><strong>et</strong></span> <span class='ocrx_word' id='word_1_57' title='bbox 422 1140 560 1195; x_wconf 89' lang='lat' dir='ltr'><strong>miracula</strong></span> <span class='ocrx_word' id='word_1_58' title='bbox 578 1141 702 1210; x_wconf 89' lang='lat' dir='ltr'><strong>operari.</strong></span> 
     </span>
     <span class='ocr_line' id='line_1_12' title="bbox 45 1208 704 1281; baseline -0.008 -10"><span class='ocrx_word' id='word_1_59' title='bbox 45 1266 47 1271; x_wconf 91' lang='lat'><em>.</em></span> <span class='ocrx_word' id='word_1_60' title='bbox 116 1209 279 1268; x_wconf 85' lang='lat' dir='ltr'><strong>Secundum</strong></span> <span class='ocrx_word' id='word_1_61' title='bbox 308 1208 441 1264; x_wconf 89' lang='lat' dir='ltr'><strong>eumdem</strong></span> <span class='ocrx_word' id='word_1_62' title='bbox 469 1210 704 1281; x_wconf 74' lang='lat' dir='ltr'><em>chrysostomum,</em></span> 
     </span>
     <span class='ocr_line' id='line_1_13' title="bbox 116 1279 705 1349; baseline -0.002 -9"><span class='ocrx_word' id='word_1_63' title='bbox 116 1282 165 1340; x_wconf 89' lang='lat' dir='ltr'><strong>bic</strong></span> <span class='ocrx_word' id='word_1_64' title='bbox 194 1279 262 1336; x_wconf 91' lang='lat' dir='ltr'><strong>dicit</strong></span> <span class='ocrx_word' id='word_1_65' title='bbox 304 1280 515 1349; x_wconf 82' lang='lat' dir='ltr'><strong>Capharnaum.</strong></span> <span class='ocrx_word' id='word_1_66' title='bbox 558 1285 705 1340; x_wconf 82' lang='lat' dir='ltr'><strong>ciuitatem</strong></span> 
     </span>
     <span class='ocr_line' id='line_1_14' title="bbox 117 1354 707 1423; baseline -0.003 -11"><span class='ocrx_word' id='word_1_67' title='bbox 117 1370 198 1412; x_wconf 85' lang='lat' dir='ltr'><strong>suum</strong></span> <span class='ocrx_word' id='word_1_68' title='bbox 221 1368 319 1423; x_wconf 85' lang='lat' dir='ltr'><strong>quani,</strong></span> <span class='ocrx_word' id='word_1_69' title='bbox 336 1368 392 1407; x_wconf 94' lang='lat' dir='ltr'><strong>non</strong></span> <span class='ocrx_word' id='word_1_70' title='bbox 416 1354 557 1410; x_wconf 88' lang='lat' dir='ltr'><strong>nascendo</strong></span> <span class='ocrx_word' id='word_1_71' title='bbox 585 1357 635 1411; x_wconf 90' lang='lat' dir='ltr'><strong>sed</strong></span> <span class='ocrx_word' id='word_1_72' title='bbox 651 1357 707 1410; x_wconf 87' lang='lat' dir='ltr'><strong>nti·</strong></span> 
     </span>
     <span class='ocr_line' id='line_1_15' title="bbox 118 1423 705 1495; baseline -0.003 -12"><span class='ocrx_word' id='word_1_73' title='bbox 118 1423 410 1486; x_wconf 71' lang='lat' dir='ltr'><strong>raculisillustrando,</strong></span> <span class='ocrx_word' id='word_1_74' title='bbox 422 1440 501 1479; x_wconf 84' lang='lat' dir='ltr'><strong>suam</strong></span> <span class='ocrx_word' id='word_1_75' title='bbox 515 1427 573 1495; x_wconf 88' lang='lat' dir='ltr'><strong>ipse</strong></span> <span class='ocrx_word' id='word_1_76' title='bbox 588 1425 705 1481; x_wconf 87' lang='lat' dir='ltr'><strong>iecerat.</strong></span> 
     </span>
     <span class='ocr_line' id='line_1_16' title="bbox 117 1494 709 1566; baseline -0.003 -12"><span class='ocrx_word' id='word_1_77' title='bbox 117 1497 179 1554; x_wconf 83' lang='lat' dir='ltr'><strong>hlia</strong></span> <span class='ocrx_word' id='word_1_78' title='bbox 196 1494 310 1566; x_wconf 88' lang='lat' dir='ltr'><strong>quidem</strong></span> <span class='ocrx_word' id='word_1_79' title='bbox 327 1509 392 1549; x_wconf 87' lang='lat' dir='ltr'><strong>eunt</strong></span> <span class='ocrx_word' id='word_1_80' title='bbox 407 1496 516 1561; x_wconf 84' lang='lat' dir='ltr'><strong>extulit,</strong></span> <span class='ocrx_word' id='word_1_81' title='bbox 535 1497 563 1551; x_wconf 92' lang='lat' dir='ltr'><strong>id</strong></span> <span class='ocrx_word' id='word_1_82' title='bbox 580 1503 709 1553; x_wconf 84' lang='lat' dir='ltr'><strong>esteitra</strong></span> 
     </span>
     <span class='ocr_line' id='line_1_17' title="bbox 120 1565 707 1634; baseline 0.002 -10"><span class='ocrx_word' id='word_1_83' title='bbox 120 1569 150 1624; x_wconf 91' lang='lat' dir='ltr'><strong>in</strong></span> <span class='ocrx_word' id='word_1_84' title='bbox 165 1570 257 1623; x_wconf 89' lang='lat' dir='ltr'><strong>lucem</strong></span> <span class='ocrx_word' id='word_1_85' title='bbox 281 1565 369 1634; x_wconf 84' lang='lat' dir='ltr'><strong>duxit,</strong></span> <span class='ocrx_word' id='word_1_86' title='bbox 386 1571 418 1620; x_wconf 91' lang='lat' dir='ltr'><strong>ut</strong></span> <span class='ocrx_word' id='word_1_87' title='bbox 439 1567 605 1623; x_wconf 88' lang='lat' dir='ltr'><strong>Bethlehem</strong></span> <span class='ocrx_word' id='word_1_88' title='bbox 621 1587 627 1633; x_wconf 90' lang='lat'>;</span> <span class='ocrx_word' id='word_1_89' title='bbox 650 1569 707 1625; x_wconf 85' lang='lat' dir='ltr'><strong>alia</strong></span> 
     </span>
     <span class='ocr_line' id='line_1_18' title="bbox 119 1638 707 1708; baseline 0.002 -13"><span class='ocrx_word' id='word_1_90' title='bbox 119 1645 215 1696; x_wconf 90' lang='lat' dir='ltr'><strong>autem</strong></span> <span class='ocrx_word' id='word_1_91' title='bbox 240 1638 368 1704; x_wconf 87' lang='lat' dir='ltr'><strong>nutrivit,</strong></span> <span class='ocrx_word' id='word_1_92' title='bbox 394 1641 426 1691; x_wconf 91' lang='lat' dir='ltr'><strong>ut</strong></span> <span class='ocrx_word' id='word_1_93' title='bbox 454 1641 616 1708; x_wconf 86' lang='lat' dir='ltr'><strong>Nazaretb;</strong></span> <span class='ocrx_word' id='word_1_94' title='bbox 648 1642 707 1696; x_wconf 89' lang='lat' dir='ltr'><strong>alia</strong></span> 
     </span>
     <span class='ocr_line' id='line_1_19' title="bbox 120 1708 707 1779; baseline -0.003 -11"><span class='ocrx_word' id='word_1_95' title='bbox 120 1715 215 1768; x_wconf 85' lang='lat' dir='ltr'><strong>autent</strong></span> <span class='ocrx_word' id='word_1_96' title='bbox 243 1710 291 1764; x_wconf 93' lang='lat' dir='ltr'><strong>diu</strong></span> <span class='ocrx_word' id='word_1_97' title='bbox 308 1708 515 1765; x_wconf 89' lang='lat' dir='ltr'><strong>inhahitantem</strong></span> <span class='ocrx_word' id='word_1_98' title='bbox 540 1711 648 1779; x_wconf 89' lang='lat' dir='ltr'><strong>hahuit,</strong></span> <span class='ocrx_word' id='word_1_99' title='bbox 674 1716 707 1767; x_wconf 93' lang='lat' dir='ltr'><strong>ut</strong></span> 
     </span>
     <span class='ocr_line' id='line_1_20' title="bbox 118 1781 705 1854; baseline -0.003 -14"><span class='ocrx_word' id='word_1_100' title='bbox 118 1782 329 1854; x_wconf 87' lang='lat' dir='ltr'><strong>Capharnaum.</strong></span> <span class='ocrx_word' id='word_1_101' title='bbox 355 1781 433 1836; x_wconf 91' lang='lat' dir='ltr'><strong>llanc</strong></span> <span class='ocrx_word' id='word_1_102' title='bbox 459 1784 535 1838; x_wconf 89' lang='lat' dir='ltr'><strong>enim</strong></span> <span class='ocrx_word' id='word_1_103' title='bbox 562 1781 705 1838; x_wconf 83' lang='lat' dir='ltr'><strong>civilatem</strong></span> 
     </span>
     <span class='ocr_line' id='line_1_21' title="bbox 119 1853 706 1927; baseline -0.002 -15"><span class='ocrx_word' id='word_1_104' title='bbox 119 1856 210 1927; x_wconf 88' lang='lat' dir='ltr'><strong>magis</strong></span> <span class='ocrx_word' id='word_1_105' title='bbox 226 1853 416 1923; x_wconf 85' lang='lat' dir='ltr'><strong>trequentatit</strong></span> <span class='ocrx_word' id='word_1_106' title='bbox 436 1857 662 1924; x_wconf 85' lang='lat' dir='ltr'><strong>conversatione,</strong></span> <span class='ocrx_word' id='word_1_107' title='bbox 678 1862 706 1911; x_wconf 91' lang='lat' dir='ltr'><strong>ct</strong></span> 
     </span>
     <span class='ocr_line' id='line_1_22' title="bbox 121 1925 704 1998; baseline 0.002 -15"><span class='ocrx_word' id='word_1_108' title='bbox 121 1927 150 1983; x_wconf 91' lang='lat' dir='ltr'><strong>in</strong></span> <span class='ocrx_word' id='word_1_109' title='bbox 178 1925 380 1983; x_wconf 79' lang='lat' dir='ltr'>miraculorum</span> <span class='ocrx_word' id='word_1_110' title='bbox 413 1928 600 1996; x_wconf 89' lang='lat' dir='ltr'><strong>operatione;</strong></span> <span class='ocrx_word' id='word_1_111' title='bbox 626 1929 704 1998; x_wconf 88' lang='lat' dir='ltr'><strong>tpiia,</strong></span> 
     </span>
     <span class='ocr_line' id='line_1_23' title="bbox 119 1997 705 2070; baseline -0.003 -14"><span class='ocrx_word' id='word_1_112' title='bbox 119 2000 277 2056; x_wconf 81' lang='lat' dir='ltr'><strong>secuudum</strong></span> <span class='ocrx_word' id='word_1_113' title='bbox 305 1997 503 2070; x_wconf 74' lang='lat' dir='ltr'><strong>hucucttnam,</strong></span> <span class='ocrx_word' id='word_1_114' title='bbox 534 2007 596 2056; x_wconf 91' lang='lat' dir='ltr'><strong>erat</strong></span> <span class='ocrx_word' id='word_1_115' title='bbox 623 2001 705 2069; x_wconf 85' lang='lat' dir='ltr'><strong>quasi</strong></span> 
     </span>
     <span class='ocr_line' id='line_1_24' title="bbox 120 2069 706 2141; baseline -0.003 -13"><span class='ocrx_word' id='word_1_116' title='bbox 120 2069 285 2141; x_wconf 77' lang='lat' dir='ltr'><strong>metropolis</strong></span> <span class='ocrx_word' id='word_1_117' title='bbox 300 2076 328 2124; x_wconf 89' lang='lat' dir='ltr'><strong>et</strong></span> <span class='ocrx_word' id='word_1_118' title='bbox 344 2071 483 2138; x_wconf 87' lang='lat' dir='ltr'><strong>insignior</strong></span> <span class='ocrx_word' id='word_1_119' title='bbox 508 2072 607 2128; x_wconf 79' lang='lat' dir='ltr'><strong>civitas</strong></span> <span class='ocrx_word' id='word_1_120' title='bbox 627 2073 706 2127; x_wconf 85' lang='lat' dir='ltr'><strong>Gali·</strong></span> 
     </span>
     <span class='ocr_line' id='line_1_25' title="bbox 120 2140 706 2209; baseline -0.003 -10"><span class='ocrx_word' id='word_1_121' title='bbox 120 2143 192 2209; x_wconf 70' lang='lat' dir='ltr'><strong>lacae,</strong></span> <span class='ocrx_word' id='word_1_122' title='bbox 210 2143 256 2196; x_wconf 94' lang='lat' dir='ltr'><strong>ubi</strong></span> <span class='ocrx_word' id='word_1_123' title='bbox 272 2140 459 2209; x_wconf 77' lang='lat' dir='ltr'><strong>plurimorum</strong></span> <span class='ocrx_word' id='word_1_124' title='bbox 478 2157 618 2197; x_wconf 80' lang='lat' dir='ltr'>concursu</span> <span class='ocrx_word' id='word_1_125' title='bbox 635 2143 706 2197; x_wconf 88' lang='lat' dir='ltr'><strong>lidos</strong></span> 
     </span>
     <span class='ocr_line' id='line_1_26' title="bbox 121 2210 705 2279; baseline -0.005 -11"><span class='ocrx_word' id='word_1_126' title='bbox 121 2221 149 2268; x_wconf 90' lang='lat' dir='ltr'><strong>et</strong></span> <span class='ocrx_word' id='word_1_127' title='bbox 169 2212 298 2266; x_wconf 80' lang='lat' dir='ltr'><strong>doctrina</strong></span> <span class='ocrx_word' id='word_1_128' title='bbox 324 2211 385 2279; x_wconf 85' lang='lat' dir='ltr'><strong>ejus</strong></span> <span class='ocrx_word' id='word_1_129' title='bbox 411 2210 514 2265; x_wconf 88' lang='lat' dir='ltr'><strong>clarius</strong></span> <span class='ocrx_word' id='word_1_130' title='bbox 541 2219 659 2279; x_wconf 89' lang='lat' dir='ltr'><strong>pateret,</strong></span> <span class='ocrx_word' id='word_1_131' title='bbox 677 2217 705 2266; x_wconf 90' lang='lat' dir='ltr'><strong>et</strong></span> 
     </span>
     <span class='ocr_line' id='line_1_27' title="bbox 120 2281 705 2339; baseline -0.007 -1"><span class='ocrx_word' id='word_1_132' title='bbox 120 2281 266 2339; x_wconf 70' lang='lat' dir='ltr'>miraculis</span> <span class='ocrx_word' id='word_1_133' title='bbox 280 2282 448 2335; x_wconf 86' lang='lat' dir='ltr'><strong>conlirntata</strong></span> <span class='ocrx_word' id='word_1_134' title='bbox 460 2283 494 2335; x_wconf 88' lang='lat' dir='ltr'><strong>ad</strong></span> <span class='ocrx_word' id='word_1_135' title='bbox 513 2282 617 2334; x_wconf 87' lang='lat' dir='ltr'><strong>multos</strong></span> <span class='ocrx_word' id='word_1_136' title='bbox 632 2283 705 2336; x_wconf 89' lang='lat' dir='ltr'><strong>salti-</strong></span> 
     </span>
     <span class='ocr_line' id='line_1_28' title="bbox 119 2350 705 2422; baseline -0.007 -12"><span class='ocrx_word' id='word_1_137' title='bbox 119 2353 210 2410; x_wconf 78' lang='lat' dir='ltr'><strong>briter</strong></span> <span class='ocrx_word' id='word_1_138' title='bbox 234 2359 409 2422; x_wconf 87' lang='lat' dir='ltr'><strong>perveu.t·et;</strong></span> <span class='ocrx_word' id='word_1_139' title='bbox 429 2352 471 2405; x_wconf 86' lang='lat' dir='ltr'><strong>vel</strong></span> <span class='ocrx_word' id='word_1_140' title='bbox 487 2350 562 2420; x_wconf 87' lang='lat' dir='ltr'><strong>quia,</strong></span> <span class='ocrx_word' id='word_1_141' title='bbox 579 2357 705 2420; x_wconf 86' lang='lat' dir='ltr'><strong>utsupra</strong></span> 
     </span>
     <span class='ocr_line' id='line_1_29' title="bbox 121 2422 705 2491; baseline -0.003 -12"><span class='ocrx_word' id='word_1_142' title='bbox 121 2422 705 2491; x_wconf 80' lang='lat' dir='ltr'><strong>dictumest.Capharnauminterpretatur</strong></span> 
     </span>
     <span class='ocr_line' id='line_1_30' title="bbox 119 2495 706 2566; baseline -0.007 -14"><span class='ocrx_word' id='word_1_143' title='bbox 119 2497 190 2552; x_wconf 82' lang='lat' dir='ltr'><strong>villu</strong></span> <span class='ocrx_word' id='word_1_144' title='bbox 199 2495 418 2566; x_wconf 82' lang='lat' dir='ltr'><strong>pulchritudinis</strong></span> <span class='ocrx_word' id='word_1_145' title='bbox 431 2501 460 2550; x_wconf 90' lang='lat' dir='ltr'><strong>et</strong></span> <span class='ocrx_word' id='word_1_146' title='bbox 471 2495 660 2564; x_wconf 76' lang='lat' dir='ltr'><strong>pinguedinis,</strong></span> <span class='ocrx_word' id='word_1_147' title='bbox 677 2498 706 2548; x_wconf 91' lang='lat' dir='ltr'><strong>et</strong></span> 
     </span>
     <span class='ocr_line' id='line_1_31' title="bbox 121 2567 703 2649; baseline -0.009 -26"><span class='ocrx_word' id='word_1_148' title='bbox 121 2568 407 2649; x_wconf 63' lang='lat' dir='ltr'><strong>aemulationisque</strong></span> <span class='ocrx_word' id='word_1_149' title='bbox 425 2572 492 2622; x_wconf 91' lang='lat' dir='ltr'><strong>suot</strong></span> <span class='ocrx_word' id='word_1_150' title='bbox 510 2567 619 2623; x_wconf 85' lang='lat' dir='ltr'><strong>occasio</strong></span> <span class='ocrx_word' id='word_1_151' title='bbox 639 2581 703 2636; x_wconf 92' lang='lat' dir='ltr'><strong>pec·</strong></span> 
     </span>
     <span class='ocr_line' id='line_1_32' title="bbox 122 2635 703 2701; baseline -0.012 -4"><span class='ocrx_word' id='word_1_152' title='bbox 122 2638 206 2697; x_wconf 85' lang='lat' dir='ltr'><strong>candi</strong></span> <span class='ocrx_word' id='word_1_153' title='bbox 221 2641 327 2701; x_wconf 88' lang='lat' dir='ltr'><strong>inultis,</strong></span> <span class='ocrx_word' id='word_1_154' title='bbox 352 2641 416 2695; x_wconf 87' lang='lat' dir='ltr'><strong>ideo</strong></span> <span class='ocrx_word' id='word_1_155' title='bbox 436 2638 528 2695; x_wconf 89' lang='lat' dir='ltr'><strong>adsui</strong></span> <span class='ocrx_word' id='word_1_156' title='bbox 542 2635 703 2694; x_wconf 78' lang='lat' dir='ltr'><strong>conversio-</strong></span> 
     </span>
     <span class='ocr_line' id='line_1_33' title="bbox 120 2710 702 2779; baseline -0.01 -12"><span class='ocrx_word' id='word_1_157' title='bbox 120 2726 186 2767; x_wconf 89' lang='lat' dir='ltr'><strong>nem</strong></span> <span class='ocrx_word' id='word_1_158' title='bbox 212 2711 339 2779; x_wconf 85' lang='lat' dir='ltr'><strong>plumbus</strong></span> <span class='ocrx_word' id='word_1_159' title='bbox 360 2710 506 2777; x_wconf 81' lang='lat' dir='ltr'><strong>indigebat</strong></span> <span class='ocrx_word' id='word_1_160' title='bbox 530 2710 675 2765; x_wconf 86' lang='lat' dir='ltr'><strong>miraculis</strong></span> <span class='ocrx_word' id='word_1_161' title='bbox 695 2725 702 2776; x_wconf 81' lang='lat'>3</span> 
     </span>
     <span class='ocr_line' id='line_1_34' title="bbox 120 2780 706 2862; baseline -0.002 -26"><span class='ocrx_word' id='word_1_162' title='bbox 120 2783 175 2862; x_wconf 78' lang='lat' dir='ltr'><strong>tel,</strong></span> <span class='ocrx_word' id='word_1_163' title='bbox 187 2782 443 2850; x_wconf 88' lang='lat' dir='ltr'><strong>sicutmctropolim</strong></span> <span class='ocrx_word' id='word_1_164' title='bbox 453 2780 576 2852; x_wconf 76' lang='lat' dir='ltr'><strong>regionis</strong></span> <span class='ocrx_word' id='word_1_165' title='bbox 585 2782 706 2850; x_wconf 79' lang='lat' dir='ltr'><strong>alit-ujus</strong></span> 
     </span>
     <span class='ocr_line' id='line_1_35' title="bbox 122 2849 706 2922; baseline 0 -14"><span class='ocrx_word' id='word_1_166' title='bbox 122 2852 264 2908; x_wconf 85' lang='lat' dir='ltr'><strong>civitatem</strong></span> <span class='ocrx_word' id='word_1_167' title='bbox 278 2857 402 2907; x_wconf 87' lang='lat' dir='ltr'><strong>nostram</strong></span> <span class='ocrx_word' id='word_1_168' title='bbox 412 2849 541 2922; x_wconf 86' lang='lat' dir='ltr'><strong>dicimus,</strong></span> <span class='ocrx_word' id='word_1_169' title='bbox 554 2854 706 2908; x_wconf 76' lang='lat' dir='ltr'><strong>existentes</strong></span> 
     </span>
     <span class='ocr_line' id='line_1_36' title="bbox 122 2921 702 2995; baseline 0 -17"><span class='ocrx_word' id='word_1_170' title='bbox 122 2930 218 2978; x_wconf 89' lang='lat' dir='ltr'><strong>tamen</strong></span> <span class='ocrx_word' id='word_1_171' title='bbox 247 2925 281 2977; x_wconf 92' lang='lat' dir='ltr'><strong>dc</strong></span> <span class='ocrx_word' id='word_1_172' title='bbox 306 2921 418 2977; x_wconf 78' lang='lat' dir='ltr'><strong>civicae</strong></span> <span class='ocrx_word' id='word_1_173' title='bbox 442 2923 570 2995; x_wconf 82' lang='lat' dir='ltr'><strong>subjecta</strong></span> <span class='ocrx_word' id='word_1_174' title='bbox 587 2925 637 2991; x_wconf 94' lang='lat' dir='ltr'><strong>illi,</strong></span> <span class='ocrx_word' id='word_1_175' title='bbox 665 2923 702 2978; x_wconf 91' lang='lat' dir='ltr'><strong>itt</strong></span> 
     </span>
     <span class='ocr_line' id='line_1_37' title="bbox 121 2994 706 3062; baseline 0.003 -13"><span class='ocrx_word' id='word_1_176' title='bbox 121 2998 151 3050; x_wconf 91' lang='lat' dir='ltr'><strong>et</strong></span> <span class='ocrx_word' id='word_1_177' title='bbox 169 2994 367 3062; x_wconf 85' lang='lat' dir='ltr'><strong>Capliarnautu</strong></span> <span class='ocrx_word' id='word_1_178' title='bbox 386 2997 549 3062; x_wconf 75' lang='lat' dir='ltr'><strong>metropolis</strong></span> <span class='ocrx_word' id='word_1_179' title='bbox 569 2997 706 3051; x_wconf 85' lang='lat' dir='ltr'><strong>hazareth</strong></span> 
     </span>
     <span class='ocr_line' id='line_1_38' title="bbox 122 3065 704 3132; baseline -0.002 -11"><span class='ocrx_word' id='word_1_180' title='bbox 122 3065 256 3132; x_wconf 77' lang='lat' dir='ltr'><strong>Galilaeae,</strong></span> <span class='ocrx_word' id='word_1_181' title='bbox 282 3073 336 3120; x_wconf 85' lang='lat' dir='ltr'><strong>sita</strong></span> <span class='ocrx_word' id='word_1_182' title='bbox 353 3068 426 3120; x_wconf 91' lang='lat' dir='ltr'><strong>inter</strong></span> <span class='ocrx_word' id='word_1_183' title='bbox 446 3068 582 3123; x_wconf 76' lang='lat' dir='ltr'><strong>Nazareth</strong></span> <span class='ocrx_word' id='word_1_184' title='bbox 599 3076 627 3122; x_wconf 90' lang='lat' dir='ltr'><strong>ct</strong></span> <span class='ocrx_word' id='word_1_185' title='bbox 646 3077 704 3121; x_wconf 88' lang='lat' dir='ltr'><strong>sta·</strong></span> 
     </span>
     <span class='ocr_line' id='line_1_39' title="bbox 122 3138 707 3208; baseline 0.005 -17"><span class='ocrx_word' id='word_1_186' title='bbox 122 3152 221 3208; x_wconf 88' lang='lat' dir='ltr'><strong>gitutn,</strong></span> <span class='ocrx_word' id='word_1_187' title='bbox 237 3138 340 3191; x_wconf 87' lang='lat' dir='ltr'><strong>dieitur</strong></span> <span class='ocrx_word' id='word_1_188' title='bbox 361 3138 458 3192; x_wconf 79' lang='lat' dir='ltr'><strong>civitas</strong></span> <span class='ocrx_word' id='word_1_189' title='bbox 478 3140 600 3207; x_wconf 85' lang='lat' dir='ltr'><strong>ltotttini,</strong></span> <span class='ocrx_word' id='word_1_190' title='bbox 616 3140 645 3193; x_wconf 92' lang='lat' dir='ltr'><strong>in</strong></span> <span class='ocrx_word' id='word_1_191' title='bbox 656 3141 707 3194; x_wconf 83' lang='lat' dir='ltr'><strong>li&#39;a-</strong></span> 
     </span>
     <span class='ocr_line' id='line_1_40' title="bbox 121 3207 527 3279; baseline 0.007 -17"><span class='ocrx_word' id='word_1_192' title='bbox 121 3210 217 3264; x_wconf 88' lang='lat' dir='ltr'><strong>zarcth</strong></span> <span class='ocrx_word' id='word_1_193' title='bbox 234 3207 361 3279; x_wconf 75' lang='lat' dir='ltr'><strong>teotiecpti</strong></span> <span class='ocrx_word' id='word_1_194' title='bbox 376 3214 404 3263; x_wconf 92' lang='lat' dir='ltr'><strong>ct</strong></span> <span class='ocrx_word' id='word_1_195' title='bbox 418 3209 527 3265; x_wconf 88' lang='lat' dir='ltr'><strong>nutriti.</strong></span> 
     </span>
    </p>

    <p class='ocr_par' dir='ltr' id='par_1_3' title="bbox 114 3280 708 4406">
     <span class='ocr_line' id='line_1_41' title="bbox 158 3280 704 3351; baseline 0.002 -17"><span class='ocrx_word' id='word_1_196' title='bbox 158 3300 172 3335; x_wconf 81' lang='lat' dir='ltr'><strong>c</strong></span> <span class='ocrx_word' id='word_1_197' title='bbox 196 3280 337 3335; x_wconf 74' lang='lat' dir='ltr'><strong>oeream-a</strong></span> <span class='ocrx_word' id='word_1_198' title='bbox 366 3282 482 3336; x_wconf 81' lang='lat' dir='ltr'><strong>Cutttsro</strong></span> <span class='ocrx_word' id='word_1_199' title='bbox 515 3298 704 3351; x_wconf 56' lang='lat' dir='ltr'><strong>praesciamus,</strong></span> 
     </span>
     <span class='ocr_line' id='line_1_42' title="bbox 121 3368 706 3416; baseline 0 -8"><span class='ocrx_word' id='word_1_200' title='bbox 121 3368 198 3408; x_wconf 85' lang='lat' dir='ltr'><strong>cutus</strong></span> <span class='ocrx_word' id='word_1_201' title='bbox 219 3370 334 3407; x_wconf 79' lang='lat' dir='ltr'><strong>eccesia</strong></span> <span class='ocrx_word' id='word_1_202' title='bbox 349 3370 463 3409; x_wconf 80' lang='lat' dir='ltr'><strong>otutrrtr</strong></span> <span class='ocrx_word' id='word_1_203' title='bbox 478 3370 628 3416; x_wconf 81' lang='lat' dir='ltr'><strong>eutosuoatt</strong></span> <span class='ocrx_word' id='word_1_204' title='bbox 653 3370 706 3409; x_wconf 87' lang='lat' dir='ltr'><strong>suit</strong></span> 
     </span>
     <span class='ocr_line' id='line_1_43' title="bbox 120 3429 704 3481; baseline 0.002 -2"><span class='ocrx_word' id='word_1_205' title='bbox 120 3429 293 3481; x_wconf 76' lang='lat' dir='ltr'><strong>sinan-Et</strong></span> <span class='ocrx_word' id='word_1_206' title='bbox 303 3441 360 3480; x_wconf 87' lang='lat' dir='ltr'><strong>ecce</strong></span> <span class='ocrx_word' id='word_1_207' title='bbox 374 3442 439 3481; x_wconf 85' lang='lat' dir='ltr'><strong>euin</strong></span> <span class='ocrx_word' id='word_1_208' title='bbox 453 3429 480 3481; x_wconf 93' lang='lat' dir='ltr'><strong>iu</strong></span> <span class='ocrx_word' id='word_1_209' title='bbox 492 3430 575 3481; x_wconf 71' lang='lat' dir='ltr'><strong>aluino</strong></span> <span class='ocrx_word' id='word_1_210' title='bbox 588 3430 704 3480; x_wconf 89' lang='lat' dir='ltr'><strong>doceret</strong></span> 
     </span>
     <span class='ocr_line' id='line_1_44' title="bbox 119 3499 703 3568; baseline -0.002 -17"><span class='ocrx_word' id='word_1_211' title='bbox 119 3499 228 3563; x_wconf 84' lang='lat' dir='ltr'><strong>turbas,</strong></span> <span class='ocrx_word' id='word_1_212' title='bbox 261 3499 317 3550; x_wconf 83' lang='lat' dir='ltr'><strong>uiri</strong></span> <span class='ocrx_word' id='word_1_213' title='bbox 350 3504 469 3566; x_wconf 77' lang='lat' dir='ltr'><strong>quatuor</strong></span> <span class='ocrx_word' id='word_1_214' title='bbox 496 3503 639 3568; x_wconf 84' lang='lat' dir='ltr'><strong>portantes</strong></span> <span class='ocrx_word' id='word_1_215' title='bbox 673 3500 703 3551; x_wconf 88' lang='lat' dir='ltr'><strong>t&#39;rt</strong></span> 
     </span>
     <span class='ocr_line' id='line_1_45' title="bbox 120 3567 703 3637; baseline 0 -16"><span class='ocrx_word' id='word_1_216' title='bbox 120 3567 187 3621; x_wconf 91' lang='lat' dir='ltr'><strong>lecto</strong></span> <span class='ocrx_word' id='word_1_217' title='bbox 200 3569 397 3637; x_wconf 80' lang='lat' dir='ltr'><strong>pueutptt‘cum,</strong></span> <span class='ocrx_word' id='word_1_218' title='bbox 413 3572 589 3624; x_wconf 85' lang='lat' dir='ltr'><strong>invenientes</strong></span> <span class='ocrx_word' id='word_1_219' title='bbox 604 3568 703 3623; x_wconf 88' lang='lat' dir='ltr'><strong>inulti·</strong></span> 
     </span>
     <span class='ocr_line' id='line_1_46' title="bbox 119 3637 703 3706; baseline 0.002 -16"><span class='ocrx_word' id='word_1_220' title='bbox 119 3637 220 3690; x_wconf 87' lang='lat' dir='ltr'><strong>tudine</strong></span> <span class='ocrx_word' id='word_1_221' title='bbox 243 3637 360 3706; x_wconf 86' lang='lat' dir='ltr'><strong>januam</strong></span> <span class='ocrx_word' id='word_1_222' title='bbox 388 3639 561 3700; x_wconf 87' lang='lat' dir='ltr'><strong>obturatam,</strong></span> <span class='ocrx_word' id='word_1_223' title='bbox 588 3646 616 3692; x_wconf 91' lang='lat' dir='ltr'><strong>et</strong></span> <span class='ocrx_word' id='word_1_224' title='bbox 648 3654 703 3691; x_wconf 74' lang='lat' dir='ltr'><strong>ntro</strong></span> 
     </span>
     <span class='ocr_line' id='line_1_47' title="bbox 119 3706 702 3778; baseline 0 -18"><span class='ocrx_word' id='word_1_225' title='bbox 119 3706 244 3761; x_wconf 83' lang='lat' dir='ltr'><strong>tolentes</strong></span> <span class='ocrx_word' id='word_1_226' title='bbox 271 3708 388 3761; x_wconf 89' lang='lat' dir='ltr'><strong>introire</strong></span> <span class='ocrx_word' id='word_1_227' title='bbox 412 3724 461 3778; x_wconf 93' lang='lat' dir='ltr'><strong>per</strong></span> <span class='ocrx_word' id='word_1_228' title='bbox 480 3723 553 3773; x_wconf 89' lang='lat' dir='ltr'><strong>eam,</strong></span> <span class='ocrx_word' id='word_1_229' title='bbox 575 3714 604 3762; x_wconf 91' lang='lat' dir='ltr'><strong>et</strong></span> <span class='ocrx_word' id='word_1_230' title='bbox 624 3709 702 3762; x_wconf 91' lang='lat' dir='ltr'><strong>illuut</strong></span> 
     </span>
     <span class='ocr_line' id='line_1_48' title="bbox 119 3777 705 3847; baseline -0.005 -13"><span class='ocrx_word' id='word_1_231' title='bbox 119 3777 226 3834; x_wconf 83' lang='lat' dir='ltr'><strong>inferre</strong></span> <span class='ocrx_word' id='word_1_232' title='bbox 240 3791 297 3844; x_wconf 78' lang='lat' dir='ltr'><strong>prae</strong></span> <span class='ocrx_word' id='word_1_233' title='bbox 311 3778 404 3844; x_wconf 89' lang='lat' dir='ltr'><strong>turha,</strong></span> <span class='ocrx_word' id='word_1_234' title='bbox 423 3778 604 3833; x_wconf 82' lang='lat' dir='ltr'><strong>escenderunt</strong></span> <span class='ocrx_word' id='word_1_235' title='bbox 616 3792 705 3847; x_wconf 72' lang='lat' dir='ltr'><strong>capre</strong></span> 
     </span>
     <span class='ocr_line' id='line_1_49' title="bbox 120 3848 702 3919; baseline -0.002 -16"><span class='ocrx_word' id='word_1_236' title='bbox 120 3852 230 3915; x_wconf 84' lang='lat' dir='ltr'><strong>tectum,</strong></span> <span class='ocrx_word' id='word_1_237' title='bbox 247 3852 272 3901; x_wconf 88' lang='lat' dir='ltr'><strong>et</strong></span> <span class='ocrx_word' id='word_1_238' title='bbox 282 3848 419 3903; x_wconf 88' lang='lat' dir='ltr'><strong>nudantes</strong></span> <span class='ocrx_word' id='word_1_239' title='bbox 433 3848 512 3910; x_wconf 89' lang='lat' dir='ltr'><strong>illud,</strong></span> <span class='ocrx_word' id='word_1_240' title='bbox 522 3865 572 3919; x_wconf 85' lang='lat' dir='ltr'><strong>per·</strong></span> <span class='ocrx_word' id='word_1_241' title='bbox 585 3850 702 3917; x_wconf 78' lang='lat' dir='ltr'><strong>tegulas,</strong></span> 
     </span>
     <span class='ocr_line' id='line_1_50' title="bbox 116 3920 703 3976; baseline -0.003 -1"><span class='ocrx_word' id='word_1_242' title='bbox 116 3920 302 3976; x_wconf 76' lang='lat' dir='ltr'><strong>submiserunt</strong></span> <span class='ocrx_word' id='word_1_243' title='bbox 315 3933 376 3973; x_wconf 84' lang='lat' dir='ltr'><strong>eum</strong></span> <span class='ocrx_word' id='word_1_244' title='bbox 389 3934 449 3974; x_wconf 90' lang='lat' dir='ltr'><strong>cum</strong></span> <span class='ocrx_word' id='word_1_245' title='bbox 464 3922 530 3974; x_wconf 83' lang='lat' dir='ltr'><strong>tecto</strong></span> <span class='ocrx_word' id='word_1_246' title='bbox 543 3923 572 3975; x_wconf 84' lang='lat' dir='ltr'><strong>iri</strong></span> <span class='ocrx_word' id='word_1_247' title='bbox 583 3921 703 3974; x_wconf 84' lang='lat' dir='ltr'><strong>medium</strong></span> 
     </span>
     <span class='ocr_line' id='line_1_51' title="bbox 118 3991 703 4062; baseline -0.005 -13"><span class='ocrx_word' id='word_1_248' title='bbox 118 3996 183 4049; x_wconf 81' lang='lat' dir='ltr'><strong>cute</strong></span> <span class='ocrx_word' id='word_1_249' title='bbox 199 3993 313 4058; x_wconf 74' lang='lat' dir='ltr'><strong>lesum3</strong></span> <span class='ocrx_word' id='word_1_250' title='bbox 328 3997 356 4045; x_wconf 92' lang='lat' dir='ltr'><strong>et</strong></span> <span class='ocrx_word' id='word_1_251' title='bbox 379 3991 432 4046; x_wconf 91' lang='lat' dir='ltr'><strong>hoc</strong></span> <span class='ocrx_word' id='word_1_252' title='bbox 445 3992 499 4047; x_wconf 90' lang='lat' dir='ltr'><strong>luit</strong></span> <span class='ocrx_word' id='word_1_253' title='bbox 510 3992 624 4062; x_wconf 82' lang='lat' dir='ltr'><strong>signum</strong></span> <span class='ocrx_word' id='word_1_254' title='bbox 643 4006 703 4046; x_wconf 93' lang='lat' dir='ltr'><strong>ma·</strong></span> 
     </span>
     <span class='ocr_line' id='line_1_52' title="bbox 117 4062 705 4136; baseline 0 -17"><span class='ocrx_word' id='word_1_255' title='bbox 117 4078 206 4136; x_wconf 82' lang='lat' dir='ltr'><strong>gnum</strong></span> <span class='ocrx_word' id='word_1_256' title='bbox 231 4063 296 4119; x_wconf 88' lang='lat' dir='ltr'><strong>lidei</strong></span> <span class='ocrx_word' id='word_1_257' title='bbox 309 4063 443 4133; x_wconf 85' lang='lat' dir='ltr'><strong>ipsorum.</strong></span> <span class='ocrx_word' id='word_1_258' title='bbox 460 4063 538 4119; x_wconf 88' lang='lat' dir='ltr'><strong>Unde</strong></span> <span class='ocrx_word' id='word_1_259' title='bbox 546 4072 608 4134; x_wconf 71' lang='lat' dir='ltr'><strong>ptest</strong></span> <span class='ocrx_word' id='word_1_260' title='bbox 619 4062 705 4119; x_wconf 86' lang='lat' dir='ltr'><strong>llhem</strong></span> 
     </span>
     <span class='ocr_line' id='line_1_53' title="bbox 117 4133 703 4191; baseline -0.003 0"><span class='ocrx_word' id='word_1_261' title='bbox 117 4137 221 4191; x_wconf 85' lang='lat' dir='ltr'><strong>dittnae</strong></span> <span class='ocrx_word' id='word_1_262' title='bbox 269 4146 369 4190; x_wconf 79' lang='lat' dir='ltr'><strong>cot-uin</strong></span> <span class='ocrx_word' id='word_1_263' title='bbox 413 4135 539 4191; x_wconf 90' lang='lat' dir='ltr'><strong>ostendit</strong></span> <span class='ocrx_word' id='word_1_264' title='bbox 567 4133 703 4190; x_wconf 85' lang='lat' dir='ltr'><strong>ltominus</strong></span> 
     </span>
     <span class='ocr_line' id='line_1_54' title="bbox 114 4206 702 4277; baseline 0 -15"><span class='ocrx_word' id='word_1_265' title='bbox 114 4206 263 4277; x_wconf 87' lang='lat' dir='ltr'><strong>potcstatis</strong></span> <span class='ocrx_word' id='word_1_266' title='bbox 291 4212 397 4273; x_wconf 88' lang='lat' dir='ltr'><strong>aetum,</strong></span> <span class='ocrx_word' id='word_1_267' title='bbox 426 4213 456 4263; x_wconf 92' lang='lat' dir='ltr'><strong>et</strong></span> <span class='ocrx_word' id='word_1_268' title='bbox 474 4221 560 4277; x_wconf 90' lang='lat' dir='ltr'><strong>super</strong></span> <span class='ocrx_word' id='word_1_269' title='bbox 577 4222 702 4262; x_wconf 88' lang='lat' dir='ltr'><strong>animatu</strong></span> 
     </span>
     <span class='ocr_line' id='line_1_55' title="bbox 115 4275 708 4406; baseline 0 -73"><span class='ocrx_word' id='word_1_270' title='bbox 115 4275 274 4406; x_wconf 50' lang='lat' dir='ltr'><strong>malphi,</strong></span> <span class='ocrx_word' id='word_1_271' title='bbox 285 4285 314 4334; x_wconf 89' lang='lat' dir='ltr'><strong>et</strong></span> <span class='ocrx_word' id='word_1_272' title='bbox 327 4293 413 4352; x_wconf 90' lang='lat' dir='ltr'><strong>super</strong></span> <span class='ocrx_word' id='word_1_273' title='bbox 428 4294 532 4350; x_wconf 89' lang='lat' dir='ltr'><strong>corpus</strong></span> <span class='ocrx_word' id='word_1_274' title='bbox 555 4279 655 4349; x_wconf 91' lang='lat' dir='ltr'><strong>ipsum.</strong></span> <span class='ocrx_word' id='word_1_275' title='bbox 673 4280 708 4334; x_wconf 84' lang='lat' dir='ltr'><strong>Et</strong></span> 
     </span>
    </p>

    <p class='ocr_par' dir='ltr' id='par_1_4' title="bbox 185 4350 706 4425">
     <span class='ocr_line' id='line_1_56' title="bbox 185 4350 706 4425; baseline 0.008 -21"><span class='ocrx_word' id='word_1_276' title='bbox 185 4351 356 4421; x_wconf 86' lang='lat' dir='ltr'><strong>tripliciter:</strong></span> <span class='ocrx_word' id='word_1_277' title='bbox 371 4350 474 4425; x_wconf 92' lang='lat' dir='ltr'><strong>primo,</strong></span> <span class='ocrx_word' id='word_1_278' title='bbox 488 4352 520 4409; x_wconf 90' lang='lat' dir='ltr'><strong>in</strong></span> <span class='ocrx_word' id='word_1_279' title='bbox 538 4351 706 4408; x_wconf 78' lang='lat' dir='ltr'><strong>remissione</strong></span> 
     </span>
    </p>
   </div>
   <div class='ocr_carea' id='block_1_3' title="bbox 476 386 1011 446">
    <p class='ocr_par' dir='ltr' id='par_1_5' title="bbox 476 386 1011 446">
     <span class='ocr_line' id='line_1_57' title="bbox 476 386 1011 446; baseline 0.013 -7"><span class='ocrx_word' id='word_1_280' title='bbox 476 386 588 441; x_wconf 78' lang='lat' dir='ltr'><strong>thlhhl</strong></span> <span class='ocrx_word' id='word_1_281' title='bbox 615 388 735 445; x_wconf 78' lang='lat' dir='ltr'><strong>athila</strong></span> <span class='ocrx_word' id='word_1_282' title='bbox 762 388 866 444; x_wconf 81' lang='lat' dir='ltr'><strong>(thlil&#39;</strong></span> <span class='ocrx_word' id='word_1_283' title='bbox 892 390 1011 446; x_wconf 75' lang='lat' dir='ltr'><strong>thlil.</strong></span> 
     </span>
    </p>
   </div>
   <div class='ocr_carea' id='block_1_4' title="bbox 756 496 1351 4423">
    <p class='ocr_par' dir='ltr' id='par_1_6' title="bbox 756 496 1351 4423">
     <span class='ocr_line' id='line_1_58' title="bbox 757 496 1350 570; baseline -0.015 -14"><span class='ocrx_word' id='word_1_284' title='bbox 757 497 884 556; x_wconf 89' lang='lat' dir='ltr'><strong>criminis</strong></span> <span class='ocrx_word' id='word_1_285' title='bbox 897 512 905 567; x_wconf 89' lang='grc'>;</span> <span class='ocrx_word' id='word_1_286' title='bbox 921 498 1057 562; x_wconf 80' lang='lat' dir='ltr'><strong>secundo,</strong></span> <span class='ocrx_word' id='word_1_287' title='bbox 1071 497 1101 554; x_wconf 96' lang='lat' dir='ltr'><strong>ln</strong></span> <span class='ocrx_word' id='word_1_288' title='bbox 1116 496 1279 570; x_wconf 76' lang='lat' dir='ltr'><strong>cognitione</strong></span> <span class='ocrx_word' id='word_1_289' title='bbox 1293 506 1350 549; x_wconf 89' lang='lat' dir='ltr'><strong>eo·</strong></span> 
     </span>
     <span class='ocr_line' id='line_1_59' title="bbox 757 564 1348 651; baseline -0.007 -27"><span class='ocrx_word' id='word_1_290' title='bbox 757 569 913 642; x_wconf 86' lang='lat' dir='ltr'><strong>gitatlonis,</strong></span> <span class='ocrx_word' id='word_1_291' title='bbox 927 577 956 626; x_wconf 89' lang='lat' dir='ltr'><strong>et</strong></span> <span class='ocrx_word' id='word_1_292' title='bbox 976 572 1036 626; x_wconf 85' lang='lat' dir='ltr'><strong>ltaec</strong></span> <span class='ocrx_word' id='word_1_293' title='bbox 1063 570 1120 626; x_wconf 92' lang='lat' dir='ltr'><strong>duo</strong></span> <span class='ocrx_word' id='word_1_294' title='bbox 1140 568 1284 651; x_wconf 79' lang='lat' dir='ltr'><strong>pertinent</strong></span> <span class='ocrx_word' id='word_1_295' title='bbox 1308 564 1348 621; x_wconf 80' lang='lat' dir='ltr'><strong>td</strong></span> 
     </span>
     <span class='ocr_line' id='line_1_60' title="bbox 756 639 1343 711; baseline -0.014 -13"><span class='ocrx_word' id='word_1_296' title='bbox 756 639 881 698; x_wconf 89' lang='lat' dir='ltr'><strong>animam</strong></span> <span class='ocrx_word' id='word_1_297' title='bbox 896 658 905 711; x_wconf 88' lang='lat'>;</span> <span class='ocrx_word' id='word_1_298' title='bbox 924 643 1020 705; x_wconf 85' lang='lat' dir='ltr'><strong>tertio,</strong></span> <span class='ocrx_word' id='word_1_299' title='bbox 1034 640 1064 697; x_wconf 92' lang='lat' dir='ltr'><strong>in</strong></span> <span class='ocrx_word' id='word_1_300' title='bbox 1085 643 1179 696; x_wconf 89' lang='lat' dir='ltr'><strong>subita</strong></span> <span class='ocrx_word' id='word_1_301' title='bbox 1193 643 1343 694; x_wconf 80' lang='lat' dir='ltr'><strong>curatione</strong></span> 
     </span>
     <span class='ocr_line' id='line_1_61' title="bbox 757 707 1343 784; baseline -0.012 -15"><span class='ocrx_word' id='word_1_302' title='bbox 757 711 936 784; x_wconf 73' lang='lat' dir='ltr'><strong>egritudinis</strong></span> <span class='ocrx_word' id='word_1_303' title='bbox 952 714 1115 783; x_wconf 89' lang='lat' dir='ltr'><strong>corporalis.</strong></span> <span class='ocrx_word' id='word_1_304' title='bbox 1148 714 1217 767; x_wconf 87' lang='lat' dir='ltr'><strong>Natn</strong></span> <span class='ocrx_word' id='word_1_305' title='bbox 1244 707 1343 764; x_wconf 81' lang='lat' dir='ltr'><strong>videus</strong></span> 
     </span>
     <span class='ocr_line' id='line_1_62' title="bbox 756 779 1342 855; baseline -0.012 -15"><span class='ocrx_word' id='word_1_306' title='bbox 756 787 834 841; x_wconf 83' lang='lat' dir='ltr'><strong>Jsstta</strong></span> <span class='ocrx_word' id='word_1_307' title='bbox 847 782 928 855; x_wconf 74' lang='lat' dir='ltr'><strong>tidem</strong></span> <span class='ocrx_word' id='word_1_308' title='bbox 952 784 1073 851; x_wconf 79' lang='lat' dir='ltr'><strong>illorum,</strong></span> <span class='ocrx_word' id='word_1_309' title='bbox 1088 783 1196 838; x_wconf 87' lang='lat' dir='ltr'><strong>scillcet</strong></span> <span class='ocrx_word' id='word_1_310' title='bbox 1213 779 1342 837; x_wconf 85' lang='lat' dir='ltr'><strong>olieren·</strong></span> 
     </span>
     <span class='ocr_line' id='line_1_63' title="bbox 756 853 1343 927; baseline -0.01 -16"><span class='ocrx_word' id='word_1_311' title='bbox 756 857 839 927; x_wconf 87' lang='lat' dir='ltr'><strong>tium,</strong></span> <span class='ocrx_word' id='word_1_312' title='bbox 852 860 881 911; x_wconf 91' lang='lat' dir='ltr'><strong>et</strong></span> <span class='ocrx_word' id='word_1_313' title='bbox 900 856 988 912; x_wconf 83' lang='lat' dir='ltr'><strong>ctiam</strong></span> <span class='ocrx_word' id='word_1_314' title='bbox 1004 853 1149 927; x_wconf 80' lang='lat' dir='ltr'><strong>paralytici</strong></span> <span class='ocrx_word' id='word_1_315' title='bbox 1160 853 1248 909; x_wconf 85' lang='lat' dir='ltr'><strong>oblati</strong></span> <span class='ocrx_word' id='word_1_316' title='bbox 1263 860 1343 919; x_wconf 89' lang='lat' dir='ltr'><strong>;non</strong></span> 
     </span>
     <span class='ocr_line' id='line_1_64' title="bbox 757 920 1340 997; baseline -0.014 -14"><span class='ocrx_word' id='word_1_317' title='bbox 757 926 834 983; x_wconf 91' lang='lat' dir='ltr'><strong>enim</strong></span> <span class='ocrx_word' id='word_1_318' title='bbox 851 941 882 983; x_wconf 89' lang='lat' dir='ltr'><strong>se</strong></span> <span class='ocrx_word' id='word_1_319' title='bbox 905 929 1022 996; x_wconf 80' lang='lat' dir='ltr'><strong>portari,</strong></span> <span class='ocrx_word' id='word_1_320' title='bbox 1039 931 1068 982; x_wconf 88' lang='lat' dir='ltr'><strong>et</strong></span> <span class='ocrx_word' id='word_1_321' title='bbox 1082 941 1133 997; x_wconf 90' lang='lat' dir='ltr'><strong>per</strong></span> <span class='ocrx_word' id='word_1_322' title='bbox 1153 930 1260 979; x_wconf 90' lang='lat' dir='ltr'><strong>tectum</strong></span> <span class='ocrx_word' id='word_1_323' title='bbox 1274 920 1340 977; x_wconf 88' lang='lat' dir='ltr'><strong>sub-</strong></span> 
     </span>
     <span class='ocr_line' id='line_1_65' title="bbox 758 991 1341 1067; baseline -0.015 -12"><span class='ocrx_word' id='word_1_324' title='bbox 758 999 831 1055; x_wconf 89' lang='lat' dir='ltr'><strong>mitti</strong></span> <span class='ocrx_word' id='word_1_325' title='bbox 846 999 1034 1067; x_wconf 87' lang='lat' dir='ltr'><strong>sustinuisset,</strong></span> <span class='ocrx_word' id='word_1_326' title='bbox 1057 999 1110 1053; x_wconf 92' lang='lat' dir='ltr'><strong>nisi</strong></span> <span class='ocrx_word' id='word_1_327' title='bbox 1133 993 1290 1052; x_wconf 81' lang='lat' dir='ltr'><strong>curationis</strong></span> <span class='ocrx_word' id='word_1_328' title='bbox 1305 991 1341 1046; x_wconf 89' lang='lat' dir='ltr'><strong>ll·</strong></span> 
     </span>
     <span class='ocr_line' id='line_1_66' title="bbox 758 1066 1347 1137; baseline -0.015 -10"><span class='ocrx_word' id='word_1_329' title='bbox 758 1073 822 1128; x_wconf 89' lang='lat' dir='ltr'><strong>dem</strong></span> <span class='ocrx_word' id='word_1_330' title='bbox 838 1069 992 1137; x_wconf 80' lang='lat' dir='ltr'><strong>habuisset,</strong></span> <span class='ocrx_word' id='word_1_331' title='bbox 1006 1070 1151 1124; x_wconf 86' lang='lat' dir='ltr'><strong>dimittens</strong></span> <span class='ocrx_word' id='word_1_332' title='bbox 1170 1066 1197 1121; x_wconf 90' lang='lat' dir='ltr'><strong>ei</strong></span> <span class='ocrx_word' id='word_1_333' title='bbox 1214 1068 1347 1135; x_wconf 88' lang='lat' dir='ltr'><strong>peccata,</strong></span> 
     </span>
     <span class='ocr_line' id='line_1_67' title="bbox 759 1135 1340 1212; baseline -0.021 -12"><span class='ocrx_word' id='word_1_334' title='bbox 759 1143 829 1200; x_wconf 81' lang='lat' dir='ltr'><strong>dixit</strong></span> <span class='ocrx_word' id='word_1_335' title='bbox 845 1160 853 1196; x_wconf 88' lang='lat' dir='ltr'><strong>t</strong></span> <span class='ocrx_word' id='word_1_336' title='bbox 881 1141 1000 1212; x_wconf 66' lang='lat' dir='ltr'><strong>confide,</strong></span> <span class='ocrx_word' id='word_1_337' title='bbox 1015 1143 1068 1212; x_wconf 72' lang='lat' dir='ltr'><strong>tili,</strong></span> <span class='ocrx_word' id='word_1_338' title='bbox 1083 1143 1262 1195; x_wconf 82' lang='lat' dir='ltr'><strong>remitttmtttr</strong></span> <span class='ocrx_word' id='word_1_339' title='bbox 1287 1135 1340 1190; x_wconf 83' lang='lat' dir='ltr'><strong>tibi</strong></span> 
     </span>
     <span class='ocr_line' id='line_1_68' title="bbox 756 1204 1342 1287; baseline -0.017 -17"><span class='ocrx_word' id='word_1_340' title='bbox 756 1218 870 1287; x_wconf 84' lang='lat' dir='ltr'><strong>peccata</strong></span> <span class='ocrx_word' id='word_1_341' title='bbox 884 1217 933 1269; x_wconf 84' lang='lat' dir='ltr'><strong>tua</strong></span> <span class='ocrx_word' id='word_1_342' title='bbox 946 1219 993 1280; x_wconf 68' lang='lat' dir='ltr'><strong>cet</strong></span> <span class='ocrx_word' id='word_1_343' title='bbox 1005 1228 1061 1268; x_wconf 91' lang='lat' dir='ltr'><strong>nott</strong></span> <span class='ocrx_word' id='word_1_344' title='bbox 1075 1212 1143 1267; x_wconf 92' lang='lat' dir='ltr'><strong>dicit</strong></span> <span class='ocrx_word' id='word_1_345' title='bbox 1157 1208 1281 1275; x_wconf 90' lang='lat' dir='ltr'><strong>remitto,</strong></span> <span class='ocrx_word' id='word_1_346' title='bbox 1292 1204 1342 1261; x_wconf 89' lang='lat' dir='ltr'><strong>sed</strong></span> 
     </span>
     <span class='ocr_line' id='line_1_69' title="bbox 759 1281 1343 1349; baseline -0.017 -8"><span class='ocrx_word' id='word_1_347' title='bbox 759 1289 947 1349; x_wconf 76' lang='lat' dir='ltr'><strong>remittuntur,</strong></span> <span class='ocrx_word' id='word_1_348' title='bbox 969 1298 1053 1340; x_wconf 87' lang='lat' dir='ltr'><strong>causa</strong></span> <span class='ocrx_word' id='word_1_349' title='bbox 1075 1281 1242 1340; x_wconf 85' lang='lat' dir='ltr'><strong>humilitatis</strong></span> <span class='ocrx_word' id='word_1_350' title='bbox 1256 1283 1343 1347; x_wconf 87' lang='lat' dir='ltr'><strong>atque</strong></span> 
     </span>
     <span class='ocr_line' id='line_1_70' title="bbox 761 1353 1345 1429; baseline -0.019 -17"><span class='ocrx_word' id='word_1_351' title='bbox 761 1358 873 1429; x_wconf 88' lang='lat' dir='ltr'><strong>pietalis</strong></span> <span class='ocrx_word' id='word_1_352' title='bbox 905 1354 1089 1412; x_wconf 75' lang='lat' dir='ltr'><strong>insinuandae.</strong></span> <span class='ocrx_word' id='word_1_353' title='bbox 1119 1358 1155 1410; x_wconf 76' lang='lat' dir='ltr'><strong>Ex</strong></span> <span class='ocrx_word' id='word_1_354' title='bbox 1182 1356 1236 1408; x_wconf 91' lang='lat' dir='ltr'><strong>hoc</strong></span> <span class='ocrx_word' id='word_1_355' title='bbox 1256 1353 1345 1429; x_wconf 78' lang='lat' dir='ltr'><strong>patet,</strong></span> 
     </span>
     <span class='ocr_line' id='line_1_71' title="bbox 761 1426 1346 1510; baseline -0.017 -26"><span class='ocrx_word' id='word_1_356' title='bbox 761 1429 837 1510; x_wconf 87' lang='lat' dir='ltr'><strong>quod</strong></span> <span class='ocrx_word' id='word_1_357' title='bbox 860 1427 931 1484; x_wconf 90' lang='lat' dir='ltr'><strong>lldes</strong></span> <span class='ocrx_word' id='word_1_358' title='bbox 957 1427 1103 1499; x_wconf 80' lang='lat' dir='ltr'><strong>paralytici</strong></span> <span class='ocrx_word' id='word_1_359' title='bbox 1128 1426 1249 1491; x_wconf 89' lang='lat' dir='ltr'><strong>aderat;</strong></span> <span class='ocrx_word' id='word_1_360' title='bbox 1277 1432 1346 1500; x_wconf 80' lang='lat' dir='ltr'><strong>quta</strong></span> 
     </span>
     <span class='ocr_line' id='line_1_72' title="bbox 761 1490 1342 1568; baseline -0.019 -13"><span class='ocrx_word' id='word_1_361' title='bbox 761 1500 827 1555; x_wconf 92' lang='lat' dir='ltr'><strong>hcet</strong></span> <span class='ocrx_word' id='word_1_362' title='bbox 845 1500 951 1555; x_wconf 89' lang='lat' dir='ltr'><strong>sanitas</strong></span> <span class='ocrx_word' id='word_1_363' title='bbox 972 1500 1137 1568; x_wconf 83' lang='lat' dir='ltr'><strong>corporalis,</strong></span> <span class='ocrx_word' id='word_1_364' title='bbox 1165 1496 1207 1552; x_wconf 89' lang='lat' dir='ltr'><strong>tel</strong></span> <span class='ocrx_word' id='word_1_365' title='bbox 1234 1490 1342 1562; x_wconf 80' lang='lat' dir='ltr'><strong>aliquid</strong></span> 
     </span>
     <span class='ocr_line' id='line_1_73' title="bbox 762 1563 1347 1641; baseline -0.017 -15"><span class='ocrx_word' id='word_1_366' title='bbox 762 1571 924 1641; x_wconf 82' lang='lat' dir='ltr'><strong>hujusmodi</strong></span> <span class='ocrx_word' id='word_1_367' title='bbox 937 1571 1020 1625; x_wconf 89' lang='lat' dir='ltr'><strong>detur</strong></span> <span class='ocrx_word' id='word_1_368' title='bbox 1033 1571 1116 1625; x_wconf 88' lang='lat' dir='ltr'><strong>alieni</strong></span> <span class='ocrx_word' id='word_1_369' title='bbox 1130 1572 1247 1641; x_wconf 89' lang='lat' dir='ltr'><strong>propter</strong></span> <span class='ocrx_word' id='word_1_370' title='bbox 1259 1563 1347 1619; x_wconf 86' lang='lat' dir='ltr'><strong>iidem</strong></span> 
     </span>
     <span class='ocr_line' id='line_1_74' title="bbox 760 1641 1344 1710; baseline -0.015 -13"><span class='ocrx_word' id='word_1_371' title='bbox 760 1642 896 1710; x_wconf 84' lang='lat' dir='ltr'><strong>alienam,</strong></span> <span class='ocrx_word' id='word_1_372' title='bbox 910 1641 1038 1697; x_wconf 83' lang='lat' dir='ltr'><strong>remissio</strong></span> <span class='ocrx_word' id='word_1_373' title='bbox 1051 1650 1146 1697; x_wconf 88' lang='lat' dir='ltr'><strong>tamen</strong></span> <span class='ocrx_word' id='word_1_374' title='bbox 1163 1642 1344 1709; x_wconf 86' lang='lat' dir='ltr'><strong>peecatorum</strong></span> 
     </span>
     <span class='ocr_line' id='line_1_75' title="bbox 761 1709 1344 1786; baseline -0.019 -17"><span class='ocrx_word' id='word_1_375' title='bbox 761 1729 819 1769; x_wconf 90' lang='lat' dir='ltr'><strong>non</strong></span> <span class='ocrx_word' id='word_1_376' title='bbox 830 1712 1008 1770; x_wconf 90' lang='lat' dir='ltr'><strong>daturalirui</strong></span> <span class='ocrx_word' id='word_1_377' title='bbox 1023 1714 1121 1769; x_wconf 88' lang='lat' dir='ltr'><strong>adulto</strong></span> <span class='ocrx_word' id='word_1_378' title='bbox 1136 1711 1196 1767; x_wconf 86' lang='lat' dir='ltr'><strong>sine</strong></span> <span class='ocrx_word' id='word_1_379' title='bbox 1211 1709 1266 1764; x_wconf 89' lang='lat' dir='ltr'><strong>lide</strong></span> <span class='ocrx_word' id='word_1_380' title='bbox 1277 1721 1344 1786; x_wconf 80' lang='lat' dir='ltr'><strong>pro-</strong></span> 
     </span>
     <span class='ocr_line' id='line_1_76' title="bbox 762 1783 1346 1868; baseline -0.021 -27"><span class='ocrx_word' id='word_1_381' title='bbox 762 1786 832 1868; x_wconf 88' lang='lat' dir='ltr'><strong>pria,</strong></span> <span class='ocrx_word' id='word_1_382' title='bbox 849 1791 877 1841; x_wconf 91' lang='lat' dir='ltr'><strong>ct</strong></span> <span class='ocrx_word' id='word_1_383' title='bbox 900 1785 962 1841; x_wconf 90' lang='lat' dir='ltr'><strong>ideo</strong></span> <span class='ocrx_word' id='word_1_384' title='bbox 981 1784 1054 1840; x_wconf 90' lang='lat' dir='ltr'><strong>bene</strong></span> <span class='ocrx_word' id='word_1_385' title='bbox 1067 1786 1157 1840; x_wconf 87' lang='lat' dir='ltr'><strong>lilium</strong></span> <span class='ocrx_word' id='word_1_386' title='bbox 1174 1783 1265 1847; x_wconf 84' lang='lat' dir='ltr'><strong>votat,</strong></span> <span class='ocrx_word' id='word_1_387' title='bbox 1278 1789 1346 1846; x_wconf 87' lang='lat' dir='ltr'><strong>quia</strong></span> 
     </span>
     <span class='ocr_line' id='line_1_77' title="bbox 758 1846 1345 1929; baseline -0.017 -17"><span class='ocrx_word' id='word_1_388' title='bbox 758 1870 818 1929; x_wconf 81' lang='lat' dir='ltr'><strong>Jani</strong></span> <span class='ocrx_word' id='word_1_389' title='bbox 836 1858 980 1914; x_wconf 89' lang='lat' dir='ltr'><strong>credebat.</strong></span> <span class='ocrx_word' id='word_1_390' title='bbox 997 1857 1048 1912; x_wconf 86' lang='lat' dir='ltr'><strong>Ubi</strong></span> <span class='ocrx_word' id='word_1_391' title='bbox 1064 1860 1271 1926; x_wconf 72' lang='lat' dir='ltr'><strong>Hieronymus:</strong></span> <span class='ocrx_word' id='word_1_392' title='bbox 1293 1846 1345 1927; x_wconf 75' lang='lat' dir='ltr'><strong>«Q</strong></span> 
     </span>
     <span class='ocr_line' id='line_1_78' title="bbox 761 1920 1346 2000; baseline -0.017 -16"><span class='ocrx_word' id='word_1_393' title='bbox 761 1928 833 1984; x_wconf 89' lang='lat' dir='ltr'><strong>mire</strong></span> <span class='ocrx_word' id='word_1_394' title='bbox 847 1929 995 1986; x_wconf 87' lang='lat' dir='ltr'><strong>humilitas</strong></span> <span class='ocrx_word' id='word_1_395' title='bbox 1010 1928 1016 1985; x_wconf 91' lang='lat' dir='ltr'><strong>l</strong></span> <span class='ocrx_word' id='word_1_396' title='bbox 1034 1930 1197 1999; x_wconf 87' lang='lat' dir='ltr'><strong>despectum</strong></span> <span class='ocrx_word' id='word_1_397' title='bbox 1212 1930 1241 1978; x_wconf 89' lang='lat' dir='ltr'><strong>et</strong></span> <span class='ocrx_word' id='word_1_398' title='bbox 1264 1920 1346 2000; x_wconf 80' lang='lat' dir='ltr'><strong>dcbt·</strong></span> 
     </span>
     <span class='ocr_line' id='line_1_79' title="bbox 761 2002 1346 2073; baseline -0.022 -16"><span class='ocrx_word' id='word_1_399' title='bbox 761 2002 827 2067; x_wconf 86' lang='lat' dir='ltr'><strong>lem,</strong></span> <span class='ocrx_word' id='word_1_400' title='bbox 840 2006 962 2073; x_wconf 87' lang='lat' dir='ltr'><strong>totisque</strong></span> <span class='ocrx_word' id='word_1_401' title='bbox 984 2002 1177 2056; x_wconf 85' lang='lat' dir='ltr'><strong>membrorum</strong></span> <span class='ocrx_word' id='word_1_402' title='bbox 1199 2006 1346 2065; x_wconf 88' lang='lat' dir='ltr'><strong>compagi·</strong></span> 
     </span>
     <span class='ocr_line' id='line_1_80' title="bbox 760 2071 1346 2144; baseline -0.022 -15"><span class='ocrx_word' id='word_1_403' title='bbox 760 2072 814 2129; x_wconf 87' lang='lat' dir='ltr'><strong>bus</strong></span> <span class='ocrx_word' id='word_1_404' title='bbox 840 2074 1007 2129; x_wconf 87' lang='lat' dir='ltr'><strong>dissolutum</strong></span> <span class='ocrx_word' id='word_1_405' title='bbox 1029 2071 1117 2127; x_wconf 86' lang='lat' dir='ltr'><strong>lilium</strong></span> <span class='ocrx_word' id='word_1_406' title='bbox 1144 2076 1235 2134; x_wconf 84' lang='lat' dir='ltr'><strong>vocat,</strong></span> <span class='ocrx_word' id='word_1_407' title='bbox 1261 2076 1346 2144; x_wconf 82' lang='lat' dir='ltr'><strong>quem</strong></span> 
     </span>
     <span class='ocr_line' id='line_1_81' title="bbox 759 2143 1345 2212; baseline -0.02 -13"><span class='ocrx_word' id='word_1_408' title='bbox 759 2146 921 2200; x_wconf 89' lang='lat' dir='ltr'><strong>sacerdotes</strong></span> <span class='ocrx_word' id='word_1_409' title='bbox 951 2157 1008 2197; x_wconf 91' lang='lat' dir='ltr'><strong>non</strong></span> <span class='ocrx_word' id='word_1_410' title='bbox 1037 2143 1228 2209; x_wconf 76' lang='lat' dir='ltr'><strong>dignabantur</strong></span> <span class='ocrx_word' id='word_1_411' title='bbox 1258 2143 1345 2212; x_wconf 88' lang='lat' dir='ltr'><strong>attin·</strong></span> 
     </span>
     <span class='ocr_line' id='line_1_82' title="bbox 760 2210 1342 2284; baseline -0.015 -17"><span class='ocrx_word' id='word_1_412' title='bbox 760 2214 849 2284; x_wconf 86' lang='lat' dir='ltr'><strong>geret</strong></span> <span class='ocrx_word' id='word_1_413' title='bbox 870 2215 925 2267; x_wconf 83' lang='lat' dir='ltr'><strong>hut</strong></span> <span class='ocrx_word' id='word_1_414' title='bbox 951 2217 1026 2264; x_wconf 89' lang='lat' dir='ltr'><strong>certe</strong></span> <span class='ocrx_word' id='word_1_415' title='bbox 1050 2211 1113 2264; x_wconf 90' lang='lat' dir='ltr'><strong>ideo</strong></span> <span class='ocrx_word' id='word_1_416' title='bbox 1137 2210 1244 2263; x_wconf 73' lang='lat' dir='ltr'><strong>lilium:</strong></span> <span class='ocrx_word' id='word_1_417' title='bbox 1273 2220 1342 2272; x_wconf 87' lang='lat' dir='ltr'><strong>qttta</strong></span> 
     </span>
     <span class='ocr_line' id='line_1_83' title="bbox 760 2278 1343 2353; baseline -0.022 -16"><span class='ocrx_word' id='word_1_418' title='bbox 760 2282 943 2338; x_wconf 88' lang='lat' dir='ltr'><strong>dimittuntur</strong></span> <span class='ocrx_word' id='word_1_419' title='bbox 957 2279 981 2334; x_wconf 91' lang='lat' dir='ltr'><strong>ei</strong></span> <span class='ocrx_word' id='word_1_420' title='bbox 997 2288 1111 2347; x_wconf 87' lang='lat' dir='ltr'><strong>peccata</strong></span> <span class='ocrx_word' id='word_1_421' title='bbox 1123 2296 1182 2332; x_wconf 87' lang='lat' dir='ltr'><strong>sua.</strong></span> <span class='ocrx_word' id='word_1_422' title='bbox 1200 2297 1213 2328; x_wconf 83' lang='lat' dir='ltr'>u</span> <span class='ocrx_word' id='word_1_423' title='bbox 1236 2278 1271 2329; x_wconf 84' lang='lat' dir='ltr'><strong>Et</strong></span> <span class='ocrx_word' id='word_1_424' title='bbox 1286 2288 1343 2353; x_wconf 77' lang='lat' dir='ltr'><strong>ecce</strong></span> 
     </span>
     <span class='ocr_line' id='line_1_84' title="bbox 760 2348 1344 2424; baseline -0.017 -18"><span class='ocrx_word' id='word_1_425' title='bbox 760 2352 874 2424; x_wconf 80' lang='lat' dir='ltr'><strong>quidem</strong></span> <span class='ocrx_word' id='word_1_426' title='bbox 889 2357 922 2406; x_wconf 82' lang='lat' dir='ltr'><strong>de</strong></span> <span class='ocrx_word' id='word_1_427' title='bbox 934 2351 1049 2420; x_wconf 81' lang='lat' dir='ltr'><strong>scrttts,</strong></span> <span class='ocrx_word' id='word_1_428' title='bbox 1063 2350 1091 2405; x_wconf 85' lang='lat' dir='ltr'><strong>ld</strong></span> <span class='ocrx_word' id='word_1_429' title='bbox 1112 2356 1153 2405; x_wconf 88' lang='lat' dir='ltr'><strong>cst</strong></span> <span class='ocrx_word' id='word_1_430' title='bbox 1169 2348 1344 2418; x_wconf 84' lang='lat' dir='ltr'><strong>legisperitis,</strong></span> 
     </span>
     <span class='ocr_line' id='line_1_85' title="bbox 759 2417 1346 2489; baseline -0.019 -10"><span class='ocrx_word' id='word_1_431' title='bbox 759 2426 890 2479; x_wconf 80' lang='lat' dir='ltr'><strong>dicerunt</strong></span> <span class='ocrx_word' id='word_1_432' title='bbox 904 2425 979 2478; x_wconf 84' lang='lat' dir='ltr'><strong>intru</strong></span> <span class='ocrx_word' id='word_1_433' title='bbox 992 2437 1030 2484; x_wconf 87' lang='lat' dir='ltr'><strong>se,</strong></span> <span class='ocrx_word' id='word_1_434' title='bbox 1057 2420 1087 2477; x_wconf 90' lang='lat' dir='ltr'><strong>id</strong></span> <span class='ocrx_word' id='word_1_435' title='bbox 1109 2427 1151 2475; x_wconf 89' lang='lat' dir='ltr'><strong>est</strong></span> <span class='ocrx_word' id='word_1_436' title='bbox 1172 2417 1346 2489; x_wconf 86' lang='lat' dir='ltr'><strong>cogitabant,</strong></span> 
     </span>
     <span class='ocr_line' id='line_1_86' title="bbox 759 2487 1347 2568; baseline -0.019 -17"><span class='ocrx_word' id='word_1_437' title='bbox 759 2497 827 2568; x_wconf 89' lang='lat' dir='ltr'><strong>quia</strong></span> <span class='ocrx_word' id='word_1_438' title='bbox 853 2500 931 2550; x_wconf 83' lang='lat' dir='ltr'><strong>extra</strong></span> <span class='ocrx_word' id='word_1_439' title='bbox 958 2494 1051 2549; x_wconf 87' lang='lat' dir='ltr'><strong>dicere</strong></span> <span class='ocrx_word' id='word_1_440' title='bbox 1080 2499 1194 2563; x_wconf 84' lang='lat' dir='ltr'><strong>propter</strong></span> <span class='ocrx_word' id='word_1_441' title='bbox 1214 2487 1347 2566; x_wconf 84' lang='lat' dir='ltr'><strong>populum</strong></span> 
     </span>
     <span class='ocr_line' id='line_1_87' title="bbox 760 2562 1349 2635; baseline -0.022 -12"><span class='ocrx_word' id='word_1_442' title='bbox 760 2583 818 2623; x_wconf 93' lang='lat' dir='ltr'><strong>non</strong></span> <span class='ocrx_word' id='word_1_443' title='bbox 831 2565 985 2635; x_wconf 88' lang='lat' dir='ltr'><strong>audebant,</strong></span> <span class='ocrx_word' id='word_1_444' title='bbox 1007 2566 1123 2620; x_wconf 81' lang='lat' dir='ltr'><strong>veebum</strong></span> <span class='ocrx_word' id='word_1_445' title='bbox 1146 2565 1222 2618; x_wconf 89' lang='lat' dir='ltr'><strong>onitu</strong></span> <span class='ocrx_word' id='word_1_446' title='bbox 1249 2562 1349 2614; x_wconf 86' lang='lat' dir='ltr'><strong>intrin-</strong></span> 
     </span>
     <span class='ocr_line' id='line_1_88' title="bbox 759 2630 1347 2710; baseline -0.022 -14"><span class='ocrx_word' id='word_1_447' title='bbox 759 2655 855 2696; x_wconf 89' lang='lat' dir='ltr'><strong>secum</strong></span> <span class='ocrx_word' id='word_1_448' title='bbox 877 2645 920 2693; x_wconf 92' lang='lat' dir='ltr'><strong>est</strong></span> <span class='ocrx_word' id='word_1_449' title='bbox 936 2637 1070 2710; x_wconf 87' lang='lat' dir='ltr'><strong>cogitatio</strong></span> <span class='ocrx_word' id='word_1_450' title='bbox 1092 2630 1347 2710; x_wconf 74' lang='lat' dir='ltr'><strong>tuentis21licbiu·</strong></span> 
     </span>
     <span class='ocr_line' id='line_1_89' title="bbox 760 2703 1340 2783; baseline -0.021 -16"><span class='ocrx_word' id='word_1_451' title='bbox 760 2712 895 2783; x_wconf 85' lang='lat' dir='ltr'><strong>sphemct‚</strong></span> <span class='ocrx_word' id='word_1_452' title='bbox 919 2708 948 2764; x_wconf 91' lang='lat' dir='ltr'><strong>id</strong></span> <span class='ocrx_word' id='word_1_453' title='bbox 977 2715 1018 2765; x_wconf 92' lang='lat' dir='ltr'><strong>est</strong></span> <span class='ocrx_word' id='word_1_454' title='bbox 1045 2710 1121 2779; x_wconf 89' lang='lat' dir='ltr'><strong>quod</strong></span> <span class='ocrx_word' id='word_1_455' title='bbox 1150 2704 1198 2761; x_wconf 77' lang='lat' dir='ltr'><strong>Dei</strong></span> <span class='ocrx_word' id='word_1_456' title='bbox 1225 2708 1268 2759; x_wconf 92' lang='lat' dir='ltr'><strong>est</strong></span> <span class='ocrx_word' id='word_1_457' title='bbox 1285 2703 1340 2757; x_wconf 91' lang='lat' dir='ltr'><strong>stbt</strong></span> 
     </span>
     <span class='ocr_line' id='line_1_90' title="bbox 762 2774 1343 2853; baseline -0.019 -14"><span class='ocrx_word' id='word_1_458' title='bbox 762 2790 888 2852; x_wconf 89' lang='lat' dir='ltr'><strong>usurpat.</strong></span> <span class='ocrx_word' id='word_1_459' title='bbox 904 2782 952 2836; x_wconf 86' lang='lat' dir='ltr'><strong>Est</strong></span> <span class='ocrx_word' id='word_1_460' title='bbox 966 2783 1042 2836; x_wconf 89' lang='lat' dir='ltr'><strong>enini</strong></span> <span class='ocrx_word' id='word_1_461' title='bbox 1060 2780 1266 2849; x_wconf 73' lang='lat' dir='ltr'><strong>blasphemae,</strong></span> <span class='ocrx_word' id='word_1_462' title='bbox 1286 2774 1343 2853; x_wconf 78' lang='lat' dir='ltr'><strong>Deo</strong></span> 
     </span>
     <span class='ocr_line' id='line_1_91' title="bbox 761 2844 1347 2926; baseline -0.022 -16"><span class='ocrx_word' id='word_1_463' title='bbox 761 2855 895 2926; x_wconf 81' lang='lat' dir='ltr'><strong>injuriam</strong></span> <span class='ocrx_word' id='word_1_464' title='bbox 915 2852 1052 2923; x_wconf 77' lang='lat' dir='ltr'><strong>irrogare,</strong></span> <span class='ocrx_word' id='word_1_465' title='bbox 1077 2853 1151 2922; x_wconf 81' lang='lat' dir='ltr'><strong>otiod</strong></span> <span class='ocrx_word' id='word_1_466' title='bbox 1172 2850 1203 2903; x_wconf 91' lang='lat' dir='ltr'><strong>lit</strong></span> <span class='ocrx_word' id='word_1_467' title='bbox 1227 2844 1347 2915; x_wconf 88' lang='lat' dir='ltr'><strong>triplici·</strong></span> 
     </span>
     <span class='ocr_line' id='line_1_92' title="bbox 763 2915 1345 2987; baseline -0.019 -6"><span class='ocrx_word' id='word_1_468' title='bbox 763 2933 830 2981; x_wconf 88' lang='lat' dir='ltr'><strong>ter:</strong></span> <span class='ocrx_word' id='word_1_469' title='bbox 856 2925 898 2979; x_wconf 86' lang='lat' dir='ltr'><strong>tel</strong></span> <span class='ocrx_word' id='word_1_470' title='bbox 924 2940 989 2979; x_wconf 90' lang='lat' dir='ltr'><strong>eum</strong></span> <span class='ocrx_word' id='word_1_471' title='bbox 1008 2925 1064 2979; x_wconf 79' lang='lat' dir='ltr'><strong>lieo</strong></span> <span class='ocrx_word' id='word_1_472' title='bbox 1089 2921 1255 2978; x_wconf 87' lang='lat' dir='ltr'><strong>attribuitur</strong></span> <span class='ocrx_word' id='word_1_473' title='bbox 1270 2915 1345 2987; x_wconf 86' lang='lat' dir='ltr'><strong>quod</strong></span> 
     </span>
     <span class='ocr_line' id='line_1_93' title="bbox 761 2994 1345 3063; baseline -0.019 -11"><span class='ocrx_word' id='word_1_474' title='bbox 761 2998 788 3052; x_wconf 91' lang='lat' dir='ltr'><strong>ei</strong></span> <span class='ocrx_word' id='word_1_475' title='bbox 802 3012 859 3051; x_wconf 93' lang='lat' dir='ltr'><strong>non</strong></span> <span class='ocrx_word' id='word_1_476' title='bbox 874 2996 1027 3063; x_wconf 76' lang='lat' dir='ltr'><strong>contenit,</strong></span> <span class='ocrx_word' id='word_1_477' title='bbox 1048 2996 1091 3050; x_wconf 90' lang='lat' dir='ltr'><strong>trel</strong></span> <span class='ocrx_word' id='word_1_478' title='bbox 1114 2994 1150 3048; x_wconf 91' lang='lat' dir='ltr'><strong>ab</strong></span> <span class='ocrx_word' id='word_1_479' title='bbox 1166 3009 1199 3046; x_wconf 88' lang='lat' dir='ltr'><strong>co</strong></span> <span class='ocrx_word' id='word_1_480' title='bbox 1219 3003 1345 3044; x_wconf 88' lang='lat' dir='ltr'><strong>remote·</strong></span> 
     </span>
     <span class='ocr_line' id='line_1_94' title="bbox 761 3062 1337 3139; baseline -0.019 -17"><span class='ocrx_word' id='word_1_481' title='bbox 761 3075 809 3124; x_wconf 93' lang='lat' dir='ltr'><strong>tur</strong></span> <span class='ocrx_word' id='word_1_482' title='bbox 841 3067 918 3138; x_wconf 87' lang='lat' dir='ltr'><strong>quod</strong></span> <span class='ocrx_word' id='word_1_483' title='bbox 949 3065 974 3121; x_wconf 91' lang='lat' dir='ltr'><strong>el</strong></span> <span class='ocrx_word' id='word_1_484' title='bbox 1013 3073 1164 3129; x_wconf 82' lang='lat' dir='ltr'><strong>couren1t;</strong></span> <span class='ocrx_word' id='word_1_485' title='bbox 1197 3062 1250 3129; x_wconf 85' lang='lat' dir='ltr'><strong>tel,</strong></span> <span class='ocrx_word' id='word_1_486' title='bbox 1273 3072 1337 3139; x_wconf 77' lang='lat' dir='ltr'><strong>cunt</strong></span> 
     </span>
     <span class='ocr_line' id='line_1_95' title="bbox 761 3132 1344 3212; baseline -0.017 -18"><span class='ocrx_word' id='word_1_487' title='bbox 761 3140 846 3195; x_wconf 90' lang='lat' dir='ltr'><strong>homo</strong></span> <span class='ocrx_word' id='word_1_488' title='bbox 861 3138 924 3205; x_wconf 91' lang='lat' dir='ltr'><strong>sibi,</strong></span> <span class='ocrx_word' id='word_1_489' title='bbox 945 3138 1020 3208; x_wconf 89' lang='lat' dir='ltr'><strong>quod</strong></span> <span class='ocrx_word' id='word_1_490' title='bbox 1044 3150 1190 3206; x_wconf 88' lang='lat' dir='ltr'><strong>proprium</strong></span> <span class='ocrx_word' id='word_1_491' title='bbox 1216 3137 1258 3188; x_wconf 91' lang='lat' dir='ltr'><strong>est</strong></span> <span class='ocrx_word' id='word_1_492' title='bbox 1284 3132 1344 3212; x_wconf 81' lang='lat' dir='ltr'><strong>liet,</strong></span> 
     </span>
     <span class='ocr_line' id='line_1_96' title="bbox 761 3204 1342 3278; baseline -0.017 -12"><span class='ocrx_word' id='word_1_493' title='bbox 761 3211 872 3278; x_wconf 84' lang='lat' dir='ltr'><strong>tribuit,</strong></span> <span class='ocrx_word' id='word_1_494' title='bbox 893 3215 922 3264; x_wconf 91' lang='lat' dir='ltr'><strong>et</strong></span> <span class='ocrx_word' id='word_1_495' title='bbox 950 3210 1003 3264; x_wconf 89' lang='lat' dir='ltr'><strong>lioc</strong></span> <span class='ocrx_word' id='word_1_496' title='bbox 1019 3210 1102 3262; x_wconf 67' lang='lat' dir='ltr'><strong>ni-ido</strong></span> <span class='ocrx_word' id='word_1_497' title='bbox 1125 3208 1207 3261; x_wconf 88' lang='lat' dir='ltr'><strong>tertio</strong></span> <span class='ocrx_word' id='word_1_498' title='bbox 1230 3204 1342 3274; x_wconf 88' lang='lat' dir='ltr'><strong>judtca·</strong></span> 
     </span>
     <span class='ocr_line' id='line_1_97' title="bbox 761 3276 1344 3349; baseline -0.017 -11"><span class='ocrx_word' id='word_1_499' title='bbox 761 3284 829 3338; x_wconf 90' lang='lat' dir='ltr'><strong>bant</strong></span> <span class='ocrx_word' id='word_1_500' title='bbox 855 3295 919 3336; x_wconf 92' lang='lat' dir='ltr'><strong>eum</strong></span> <span class='ocrx_word' id='word_1_501' title='bbox 938 3280 1134 3349; x_wconf 86' lang='lat' dir='ltr'><strong>blasphemare</strong></span> <span class='ocrx_word' id='word_1_502' title='bbox 1161 3278 1228 3346; x_wconf 82' lang='lat' dir='ltr'><strong>outa</strong></span> <span class='ocrx_word' id='word_1_503' title='bbox 1252 3276 1344 3345; x_wconf 88' lang='lat' dir='ltr'><strong>ipsum</strong></span> 
     </span>
     <span class='ocr_line' id='line_1_98' title="bbox 761 3352 1348 3426; baseline -0.017 -17"><span class='ocrx_word' id='word_1_504' title='bbox 761 3354 900 3426; x_wconf 91' lang='lat' dir='ltr'><strong>putabant</strong></span> <span class='ocrx_word' id='word_1_505' title='bbox 922 3352 1065 3407; x_wconf 90' lang='lat' dir='ltr'><strong>hominem</strong></span> <span class='ocrx_word' id='word_1_506' title='bbox 1093 3356 1214 3413; x_wconf 87' lang='lat' dir='ltr'><strong>tautum,</strong></span> <span class='ocrx_word' id='word_1_507' title='bbox 1238 3352 1266 3402; x_wconf 91' lang='lat' dir='ltr'><strong>et</strong></span> <span class='ocrx_word' id='word_1_508' title='bbox 1289 3360 1348 3400; x_wconf 89' lang='lat' dir='ltr'><strong>non</strong></span> 
     </span>
     <span class='ocr_line' id='line_1_99' title="bbox 761 3422 1344 3492; baseline -0.017 -11"><span class='ocrx_word' id='word_1_509' title='bbox 761 3428 852 3482; x_wconf 73' lang='lat' dir='ltr'><strong>ileum</strong></span> <span class='ocrx_word' id='word_1_510' title='bbox 867 3440 927 3479; x_wconf 88' lang='lat' dir='ltr'><strong>esse</strong></span> <span class='ocrx_word' id='word_1_511' title='bbox 942 3440 949 3492; x_wconf 92' lang='lat'>;</span> <span class='ocrx_word' id='word_1_512' title='bbox 966 3426 1107 3478; x_wconf 86' lang='lat' dir='ltr'><strong>dimittere</strong></span> <span class='ocrx_word' id='word_1_513' title='bbox 1122 3426 1217 3475; x_wconf 89' lang='lat' dir='ltr'><strong>autern</strong></span> <span class='ocrx_word' id='word_1_514' title='bbox 1230 3422 1344 3488; x_wconf 89' lang='lat' dir='ltr'><strong>peccata</strong></span> 
     </span>
     <span class='ocr_line' id='line_1_100' title="bbox 759 3494 1343 3552; baseline -0.015 0"><span class='ocrx_word' id='word_1_515' title='bbox 759 3499 811 3552; x_wconf 77' lang='lat' dir='ltr'><strong>soli</strong></span> <span class='ocrx_word' id='word_1_516' title='bbox 827 3501 883 3552; x_wconf 85' lang='lat' dir='ltr'><strong>Deo</strong></span> <span class='ocrx_word' id='word_1_517' title='bbox 897 3498 1038 3550; x_wconf 88' lang='lat' dir='ltr'><strong>convenit.</strong></span> <span class='ocrx_word' id='word_1_518' title='bbox 1057 3495 1109 3549; x_wconf 83' lang='lat' dir='ltr'><strong>Sed</strong></span> <span class='ocrx_word' id='word_1_519' title='bbox 1135 3494 1261 3548; x_wconf 81' lang='lat' dir='ltr'><strong>Christus</strong></span> <span class='ocrx_word' id='word_1_520' title='bbox 1275 3503 1343 3544; x_wconf 91' lang='lat' dir='ltr'><strong>con·</strong></span> 
     </span>
     <span class='ocr_line' id='line_1_101' title="bbox 760 3561 1342 3635; baseline -0.019 -11"><span class='ocrx_word' id='word_1_521' title='bbox 760 3567 909 3624; x_wconf 80' lang='lat' dir='ltr'><strong>lamentet</strong></span> <span class='ocrx_word' id='word_1_522' title='bbox 933 3583 980 3620; x_wconf 92' lang='lat' dir='ltr'><strong>eos</strong></span> <span class='ocrx_word' id='word_1_523' title='bbox 1006 3563 1162 3635; x_wconf 77' lang='lat' dir='ltr'><strong>relarguit,</strong></span> <span class='ocrx_word' id='word_1_524' title='bbox 1190 3561 1342 3617; x_wconf 87' lang='lat' dir='ltr'><strong>ostendens</strong></span> 
     </span>
     <span class='ocr_line' id='line_1_102' title="bbox 759 3632 1341 3705; baseline -0.014 -12"><span class='ocrx_word' id='word_1_525' title='bbox 759 3655 789 3693; x_wconf 88' lang='lat' dir='ltr'><strong>se</strong></span> <span class='ocrx_word' id='word_1_526' title='bbox 804 3654 863 3693; x_wconf 87' lang='lat' dir='ltr'><strong>esse</strong></span> <span class='ocrx_word' id='word_1_527' title='bbox 881 3638 968 3691; x_wconf 79' lang='lat' dir='ltr'><strong>licum</strong></span> <span class='ocrx_word' id='word_1_528' title='bbox 983 3635 1141 3705; x_wconf 85' lang='lat' dir='ltr'><strong>dupliciter.</strong></span> <span class='ocrx_word' id='word_1_529' title='bbox 1155 3633 1258 3701; x_wconf 83' lang='lat' dir='ltr'><strong>l&#39;ritno,</strong></span> <span class='ocrx_word' id='word_1_530' title='bbox 1274 3632 1341 3702; x_wconf 91' lang='lat' dir='ltr'><strong>quia</strong></span> 
     </span>
     <span class='ocr_line' id='line_1_103' title="bbox 759 3704 1345 3776; baseline -0.009 -14"><span class='ocrx_word' id='word_1_531' title='bbox 759 3706 912 3776; x_wconf 85' lang='lat' dir='ltr'><strong>respondet</strong></span> <span class='ocrx_word' id='word_1_532' title='bbox 922 3722 1021 3761; x_wconf 89' lang='lat' dir='ltr'><strong>eorutn</strong></span> <span class='ocrx_word' id='word_1_533' title='bbox 1031 3704 1259 3776; x_wconf 74' lang='lat' dir='ltr'><strong>cogitationibus,</strong></span> <span class='ocrx_word' id='word_1_534' title='bbox 1273 3717 1345 3773; x_wconf 86' lang='lat' dir='ltr'><strong>quaa</strong></span> 
     </span>
     <span class='ocr_line' id='line_1_104' title="bbox 759 3774 1341 3850; baseline -0.012 -15"><span class='ocrx_word' id='word_1_535' title='bbox 759 3792 932 3850; x_wconf 86' lang='lat' dir='ltr'><strong>cognoscere</strong></span> <span class='ocrx_word' id='word_1_536' title='bbox 946 3792 996 3847; x_wconf 94' lang='lat' dir='ltr'><strong>per</strong></span> <span class='ocrx_word' id='word_1_537' title='bbox 1008 3781 1206 3832; x_wconf 84' lang='lat' dir='ltr'><strong>certitudinem</strong></span> <span class='ocrx_word' id='word_1_538' title='bbox 1221 3774 1273 3831; x_wconf 86' lang='lat' dir='ltr'><strong>soli</strong></span> <span class='ocrx_word' id='word_1_539' title='bbox 1284 3776 1341 3829; x_wconf 83' lang='lat' dir='ltr'><strong>ilco</strong></span> 
     </span>
     <span class='ocr_line' id='line_1_105' title="bbox 759 3844 1345 3920; baseline -0.009 -16"><span class='ocrx_word' id='word_1_540' title='bbox 759 3851 906 3920; x_wconf 88' lang='lat' dir='ltr'><strong>proprium</strong></span> <span class='ocrx_word' id='word_1_541' title='bbox 933 3855 986 3917; x_wconf 90' lang='lat' dir='ltr'><strong>est,</strong></span> <span class='ocrx_word' id='word_1_542' title='bbox 1015 3849 1078 3904; x_wconf 92' lang='lat' dir='ltr'><strong>ideo</strong></span> <span class='ocrx_word' id='word_1_543' title='bbox 1097 3850 1181 3903; x_wconf 83' lang='lat' dir='ltr'><strong>dicit:</strong></span> <span class='ocrx_word' id='word_1_544' title='bbox 1211 3850 1245 3904; x_wconf 88' lang='lat' dir='ltr'><strong>Ut</strong></span> <span class='ocrx_word' id='word_1_545' title='bbox 1275 3844 1345 3917; x_wconf 80' lang='lat' dir='ltr'><strong>quid</strong></span> 
     </span>
     <span class='ocr_line' id='line_1_106' title="bbox 759 3919 1338 3988; baseline -0.007 -12"><span class='ocrx_word' id='word_1_546' title='bbox 759 3923 888 3988; x_wconf 73' lang='lat' dir='ltr'><strong>cogitatis</strong></span> <span class='ocrx_word' id='word_1_547' title='bbox 902 3922 977 3976; x_wconf 86' lang='lat' dir='ltr'><strong>mata</strong></span> <span class='ocrx_word' id='word_1_548' title='bbox 1003 3922 1032 3975; x_wconf 82' lang='lat' dir='ltr'><strong>itt</strong></span> <span class='ocrx_word' id='word_1_549' title='bbox 1060 3921 1187 3975; x_wconf 85' lang='lat' dir='ltr'><strong>cordibus</strong></span> <span class='ocrx_word' id='word_1_550' title='bbox 1214 3919 1338 3983; x_wconf 50' lang='lat' dir='ltr'><strong>cestren</strong></span> 
     </span>
     <span class='ocr_line' id='line_1_107' title="bbox 757 3989 1340 4062; baseline -0.005 -15"><span class='ocrx_word' id='word_1_551' title='bbox 757 3991 931 4062; x_wconf 89' lang='lat' dir='ltr'><strong>imponendo</strong></span> <span class='ocrx_word' id='word_1_552' title='bbox 945 3993 1014 4047; x_wconf 89' lang='lat' dir='ltr'><strong>mihi</strong></span> <span class='ocrx_word' id='word_1_553' title='bbox 1030 3992 1099 4047; x_wconf 89' lang='lat' dir='ltr'><strong>lalso</strong></span> <span class='ocrx_word' id='word_1_554' title='bbox 1124 3989 1340 4060; x_wconf 77' lang='lat' dir='ltr'><strong>blasphemiam,</strong></span> 
     </span>
     <span class='ocr_line' id='line_1_108' title="bbox 757 4061 1343 4134; baseline -0.009 -15"><span class='ocrx_word' id='word_1_555' title='bbox 757 4063 865 4120; x_wconf 86' lang='lat' dir='ltr'><strong>scilicet</strong></span> <span class='ocrx_word' id='word_1_556' title='bbox 878 4078 922 4118; x_wconf 88' lang='lat' dir='ltr'><strong>me</strong></span> <span class='ocrx_word' id='word_1_557' title='bbox 937 4078 994 4119; x_wconf 94' lang='lat' dir='ltr'><strong>non</strong></span> <span class='ocrx_word' id='word_1_558' title='bbox 1011 4077 1091 4134; x_wconf 87' lang='lat' dir='ltr'><strong>posse</strong></span> <span class='ocrx_word' id='word_1_559' title='bbox 1112 4071 1227 4134; x_wconf 86' lang='lat' dir='ltr'><strong>peccata</strong></span> <span class='ocrx_word' id='word_1_560' title='bbox 1245 4061 1343 4116; x_wconf 91' lang='lat' dir='ltr'><strong>dimit·</strong></span> 
     </span>
     <span class='ocr_line' id='line_1_109' title="bbox 759 4128 1347 4206; baseline -0.009 -15"><span class='ocrx_word' id='word_1_561' title='bbox 759 4141 829 4203; x_wconf 87' lang='lat' dir='ltr'><strong>tere,</strong></span> <span class='ocrx_word' id='word_1_562' title='bbox 871 4139 901 4190; x_wconf 91' lang='lat' dir='ltr'><strong>et</strong></span> <span class='ocrx_word' id='word_1_563' title='bbox 925 4135 1003 4205; x_wconf 91' lang='lat' dir='ltr'><strong>quod</strong></span> <span class='ocrx_word' id='word_1_564' title='bbox 1031 4138 1080 4189; x_wconf 84' lang='lat' dir='ltr'><strong>ltei</strong></span> <span class='ocrx_word' id='word_1_565' title='bbox 1103 4140 1157 4201; x_wconf 89' lang='lat' dir='ltr'><strong>cst,</strong></span> <span class='ocrx_word' id='word_1_566' title='bbox 1175 4128 1347 4206; x_wconf 76' lang='lat' dir='ltr'><strong>usurparet</strong></span> 
     </span>
     <span class='ocr_line' id='line_1_110' title="bbox 759 4203 1345 4275; baseline -0.005 -13"><span class='ocrx_word' id='word_1_567' title='bbox 759 4207 844 4275; x_wconf 87' lang='lat' dir='ltr'><strong>Quasi</strong></span> <span class='ocrx_word' id='word_1_568' title='bbox 863 4206 995 4263; x_wconf 86' lang='lat' dir='ltr'><strong>diceret:</strong></span> <span class='ocrx_word' id='word_1_569' title='bbox 1021 4207 1083 4272; x_wconf 79' lang='lat' dir='ltr'><strong>Qua</strong></span> <span class='ocrx_word' id='word_1_570' title='bbox 1108 4211 1246 4275; x_wconf 75' lang='lat' dir='ltr'><strong>potestate</strong></span> <span class='ocrx_word' id='word_1_571' title='bbox 1267 4203 1345 4274; x_wconf 84' lang='lat' dir='ltr'><strong>cogi·</strong></span> 
     </span>
     <span class='ocr_line' id='line_1_111' title="bbox 758 4280 1344 4348; baseline -0.007 -13"><span class='ocrx_word' id='word_1_572' title='bbox 758 4281 882 4335; x_wconf 89' lang='lat' dir='ltr'><strong>tationes</strong></span> <span class='ocrx_word' id='word_1_573' title='bbox 898 4286 1004 4335; x_wconf 62' lang='lat' dir='ltr'><strong>team</strong></span> <span class='ocrx_word' id='word_1_574' title='bbox 1017 4280 1109 4346; x_wconf 85' lang='lat' dir='ltr'><strong>video,</strong></span> <span class='ocrx_word' id='word_1_575' title='bbox 1126 4285 1212 4333; x_wconf 86' lang='lat' dir='ltr'><strong>etiarn</strong></span> <span class='ocrx_word' id='word_1_576' title='bbox 1228 4282 1344 4348; x_wconf 76' lang='lat' dir='ltr'><strong>peccata</strong></span> 
     </span>
     <span class='ocr_line' id='line_1_112' title="bbox 759 4349 1351 4423; baseline -0.005 -14"><span class='ocrx_word' id='word_1_577' title='bbox 759 4351 903 4408; x_wconf 88' lang='lat' dir='ltr'><strong>dimittere</strong></span> <span class='ocrx_word' id='word_1_578' title='bbox 922 4362 1047 4423; x_wconf 88' lang='lat' dir='ltr'><strong>possum,</strong></span> <span class='ocrx_word' id='word_1_579' title='bbox 1071 4351 1142 4422; x_wconf 82' lang='lat' dir='ltr'><strong>quit</strong></span> <span class='ocrx_word' id='word_1_580' title='bbox 1159 4349 1351 4420; x_wconf 73' lang='lat' dir='ltr'><strong>cogitationes</strong></span> 
     </span>
    </p>
   </div>
   <div class='ocr_carea' id='block_1_5' title="bbox 0 0 1444 4942">
    <p class='ocr_par' dir='ltr' id='par_1_7' title="bbox 0 0 1444 4942">
     <span class='ocr_line' id='line_1_113' title="bbox 0 0 1444 4942; baseline 0 0"><span class='ocrx_word' id='word_1_581' title='bbox 0 0 1444 4942; x_wconf 95' lang='lat' dir='ltr'><strong> </strong></span> 
     </span>
    </p>
   </div>
  </div>
 </body>
</html>
