2880 4942
290 341 326 392 Di}
355 340 481 393 tt'uets
509 340 680 395 eltutsttltt
709 341 880 422 btt'tbtttu
910 340 1130 393 t'uutuvteus.
1278 337 1327 390 tei

99 448 187 503 ancler
202 447 309 503 diceret
325 463 355 503 se
370 445 578 504 dominatorem
593 448 681 515 orbis,

101 518 148 574 ille
162 517 220 574 ait:
232 521 415 591 Nequaquam
430 534 461 575 es
477 518 617 581 donnaus.
633 520 683 576 scd

101 606 248 647 servotum
272 606 398 647 meorum
419 607 526 647 servus.
545 591 684 663 Superbia

101 663 186 729 euim,
201 662 316 719 domina
341 670 389 719 tua
403 667 431 718 et
444 662 548 720 ancilla
569 680 641 728 mica,
657 669 684 720 te

101 733 295 797 circumducit,
313 750 366 806 ego
387 741 483 791 autem
507 751 568 790 etam
586 752 686 808 suppe-

99 804 184 861 ditavi
198 825 205 871 ;
221 804 582 877 carnalisconenpiscentia
592 813 620 863 et
632 825 684 879 gu·

100 877 127 933 la
143 883 208 934 suut
223 877 345 935 domiuae
360 886 427 941 tuae.
443 883 472 934 et
484 879 584 934 aneilla
602 895 683 950 mne,

99 965 162 1020 quae
188 959 213 1004 tu
242 951 349 1006 ducunt
367 956 396 1006 et
415 949 465 1006 tibi
486 951 678 1015 dominantur,

100 1037 153 1089 eqo
166 1029 260 1078 autem
275 1038 323 1077 eas
338 1019 514 1091 suppeditavi
526 1030 554 1078 et
567 1023 621 1077 vici
634 1041 641 1091 ;
658 1028 687 1080 et

102 1093 176 1160 ideo,
190 1098 218 1147 tn
231 1109 262 1149 es
275 1109 422 1149 servorum
434 1109 562 1149 meorum
578 1110 684 1151 servus.

103 1164 212 1219 Deinde
227 1163 350 1220 ostendit
367 1180 478 1235 qvoenam
496 1166 578 1235 bujns
597 1166 685 1222 servi·

101 1234 181 1303 tntis,
198 1236 293 1291 dicens
309 1254 315 1292 :
332 1238 433 1293 Sciens
457 1241 557 1306 autern,
579 1237 687 1296 seilicet

102 1308 204 1379 eulpae,
219 1325 274 1364 non
290 1314 383 1364 menet
401 1312 431 1364 in
453 1309 542 1377 domo,
558 1310 641 1366 idest
658 1312 685 1366 in

102 1379 238 1443 Ecclesia,
250 1383 280 1435 ia
303 1387 442 1449 aternam,
458 1379 524 1436 licet
547 1382 629 1437 modu
649 1383 685 1438 ad

101 1457 223 1577 tempus,
238 1449 267 1507 iu
280 1460 429 1523 -quautum
452 1458 495 1508 est
510 1452 545 1508 de
566 1468 684 1509 numero

101 1522 157 1578 bde
173 1524 244 1589 inm3
270 1525 336 1593 quia
366 1524 449 1579 modo
479 1528 544 1579 sunt
567 1524 685 1580 admixti

102 1593 169 1648 mali
185 1610 248 1649 cum
264 1594 353 1662 bums,
368 1599 397 1650 et
411 1593 440 1650 in
453 1595 547 1650 iutnro
558 1596 594 1651 ab
609 1595 683 1652 iuvi·

102 1681 163 1721 eem
192 1666 421 1734 separabuntur,
453 1664 526 1722 sicut
553 1683 621 1723 oves
649 1668 683 1724 ab

100 1737 204 1805 hoedis;
220 1740 309 1794 Filius
326 1743 426 1804 aulem,
441 1737 548 1794 scilicet
567 1739 615 1795 Dei
631 1756 685 1796 na·

101 1809 212 1878 turalis‚
227 1815 319 1865 manet
332 1813 362 1866 in
374 1816 514 1879 aternum,
527 1811 595 1881 quia
609 1814 685 1868 sulus

101 1889 144 1937 est
159 1881 220 1938 sine
235 1890 360 1951 peccato,
373 1893 400 1939 et
413 1884 453 1939 sic
464 1883 549 1939 babet
560 1890 685 1954 potesta-

100 1958 158 2010 tem
184 1953 255 2010 alies
275 1953 415 2011 liberandi
441 1964 599 2026 epaeneto,
621 1954 687 2012 saei·

102 2027 175 2082 endo
201 2042 248 2082 eus
273 2026 345 2082 bbos
363 2028 411 2082 Dei
432 2026 525 2082 Patris
549 2042 598 2098 per
620 2043 685 2098 gra-

100 2096 169 2153 tiam
188 2098 357 2169 adoptionis,
385 2103 416 2154 ut
438 2114 534 2155 secum
554 2105 687 2155 maneant

102 2168 131 2225 in
147 2172 230 2226 duum
260 2169 408 2227 libertatis.
436 2171 469 2225 Et
482 2170 536 2226 boe
554 2171 686 2242 estquod

103 2241 256 2305 concludit,
271 2242 367 2298 uncus
383 2259 390 2298 :
406 2244 439 2300 Si
453 2258 515 2312 erqo
527 2245 626 2310 Filius,
638 2242 685 2314 qni

104 2329 169 2369 vere
184 2313 257 2371 liber
271 2322 313 2370 est
331 2319 360 2370 et
384 2318 484 2385 potens
505 2316 532 2369 in
551 2315 635 2370 dumo
653 2313 685 2370 li-

103 2385 231 2455 bertatis,
249 2403 296 2442 uos
312 2388 440 2442 liberauit
453 2404 469 2442 a
483 2384 617 2443 servitute
629 2386 686 2444 eul-

103 2473 156 2529 pae,
167 2474 229 2513 uere
243 2460 324 2514 liberi
336 2462 424 2528 esitio,
442 2476 497 2514 nou
512 2474 529 2513 a
545 2459 684 2528 barbaris,

101 2530 150 2585 sed
166 2545 183 2585 a
197 2528 310 2587 diabolo
319 2547 327 2600 ;
342 2548 399 2586 non
416 2528 576 2600 aeorperis
595 2529 684 2601 capti·

103 2600 199 2671 vitate,
215 2602 265 2659 sed
286 2605 322 2659 ab
346 2604 448 2659 animae
471 2600 634 2673 iniquitate,
654 2607 686 2659 nt

103 2679 249 2744 peecatum
273 2691 331 2731 non
357 2674 520 2730 dominetur
541 2673 570 2729 in
592 2675 683 2745 robis,

100 2744 168 2817 quia
190 2747 219 2802 in
247 2747 300 2802 boe
326 2745 453 2802 consistit
477 2744 683 2802 venalibertas.

103 2816 180 2873 Unde
203 2815 272 2874 dicit
295 2819 442 2888 Greqorias
460 2835 466 2874 :
483 2838 497 2871 u
511 2819 599 2885 Quem
615 2834 685 2875 con·

101 2887 222 2947 scientia
245 2890 383 2960 defendit,
398 2891 485 2948 etiam
504 2891 579 2946 iuter
600 2906 683 2947 accu-

100 2966 209 3018 satores
221 2960 293 3018 liber
307 2969 359 3019 est.
377 2983 389 3015 v
416 2964 494 3019 Unde
509 2967 538 3019 et
549 2965 660 3019 Boetius
675 2978 682 3019 :

103 3052 117 3086 u
138 3031 221 3090 Liber
238 3040 280 3090 est
303 3033 350 3107 qni
372 3035 458 3092 babet
478 3033 598 3091 liberam
617 3051 685 3091 con·

100 3103 685 3234 scientiamnPateterffoquodmuudana

102 3176 230 3247 libertae,
245 3179 280 3235 de
297 3194 352 3249 qua
370 3180 404 3236 Ju
427 3178 461 3235 mi
478 3179 684 3249 gloriabantur,

101 3266 160 3307 non
188 3255 232 3306 est
259 3267 326 3307 vera
355 3250 488 3318 libertas;
509 3266 561 3306 nce
592 3247 686 3306 caruis

102 3320 236 3378 nobilitas
257 3328 300 3379 cst
320 3338 387 3379 vera
407 3320 550 3378 nobilitas.
567 3320 622 3378 Sed
637 3322 687 3377 bo-

102 3392 159 3462 die,
172 3394 246 3451 beni
264 3400 331 3451 sunt
353 3392 434 3450 multi
453 3390 502 3464 qni
521 3391 557 3448 de
579 3391 686 3449 carnali

101 3465 260 3535 nobilitate,
281 3471 309 3522 et
330 3465 462 3522 libertate
487 3469 618 3535 quaerunt
639 3479 686 3519 ex·

102 3536 178 3606 tolli;
195 3554 252 3595 non
269 3537 495 3595 verecundantes
506 3535 541 3593 de
552 3533 687 3592 servitute

101 3609 220 3682 peceati.
239 3612 400 3667 Secundum
419 3609 618 3677 Aupnstinum,
639 3605 687 3679 qui

101 3696 136 3738 ex
161 3697 259 3739 amore
279 3686 387 3755 peccat,
405 3696 461 3737 non
489 3696 521 3736 ex
549 3679 687 3751 languore

102 3758 226 3824 naturae,
242 3770 295 3812 nec
314 3771 346 3810 ex
366 3751 530 3882 iffnomntia
545 3751 610 3819 levi,
627 3767 686 3808 ser-

103 3840 156 3881 vus
171 3832 213 3882 est
230 3825 351 3900 peccati;
366 3843 382 3883 a
396 3825 422 3882 ia
439 3824 515 3881 enim
534 3828 600 3880 sunt
622 3839 687 3895 pec-

104 3903 167 3954 cata
182 3897 366 3968 iufirmitans,
382 3896 438 3955 alia
454 3894 613 3969 imperitiae,
632 3894 688 3952 alia

103 3969 230 4027 malitiae.
247 3970 399 4027 lnbrmitas
416 3975 443 4027 et
461 3967 603 4051 imperitia
618 3984 687 4025 ceu·

105 4041 193 4099 traria
208 4049 275 4099 sunt
292 4043 385 4098 virtuti
402 4049 430 4099 ct
448 4040 612 4114 sapientiam
631 4055 689 4096 ma·

104 4113 166 4171 litia
181 4115 324 4172 contraria
339 4122 381 4171 est
396 4114 526 4172 bonitati.
600 4118 604 4124 '

140 4188 257 4255 binnan
275 4205 330 4243 non
348 4205 488 4243 intimius
504 4202 586 4241 ruera
600 4185 689 4241 vinnu-

106 4277 336 4326 nn,nscu·s1cs
363 4277 448 4316 ansnr
471 4277 540 4315 vene
562 4274 634 4313 mnu.
655 4287 689 4297 -

108 4331 226 4402 Deinde,
260 4330 384 4389 ostendit
407 4330 544 4388 Dominus
569 4328 687 4388 iudans

739 444 808 503 istos
825 460 882 503 nou
896 463 958 504 esse
978 445 1051 503 illios
1064 447 1198 513 Abrabae,
1213 445 1247 501 dc
1269 461 1324 516 quu

739 518 949 591 gloriabantnr;
973 519 1023 575 sed
1047 518 1141 591 potius
1156 519 1323 586 degeneres,

740 591 807 663 qnia
822 606 887 648 enm
902 589 1036 663 operibus
1056 589 1122 646 fidei
1138 606 1194 646 non
1211 588 1324 644 imitan-

740 669 793 719 tur.
813 665 886 719 Vcra
909 661 1016 719 etenim
1039 661 1139 719 blumio
1165 661 1326 718 declaratur

740 730 1325 807 perimitationempateruaeeonditionis;

740 806 828 863 ludaei
845 813 941 864 atatem
965 823 1022 863 non
1045 805 1231 863 imitabantur
1249 805 1324 859 laeta

741 880 872 947 Abrabae,
883 878 1202 1006 quinquerebantenm
1216 875 1326 932 interb-

741 966 815 1019 cere,
826 967 881 1022 quo
911 953 1055 1008 Abrabam
1068 967 1123 1007 non
1134 948 1210 1018 lecit,
1223 964 1257 1006 ex
1270 962 1326 1019 quo

742 1028 818 1078 reete
840 1023 969 1079 Salvator
985 1021 1138 1084 concludit.
1159 1020 1235 1093 quod
1263 1021 1326 1091 ejus

741 1110 808 1150 vere
825 1093 874 1149 ivlii
897 1111 954 1150 nou
971 1099 1063 1161 erant,
1079 1092 1209 1165 quamvis
1231 1093 1267 1148 ab
1291 1107 1325 1147 eo

743 1165 895 1222 carnaliter
914 1165 1136 1222 descendissent.
1152 1165 1230 1221 Unde
1245 1165 1327 1220 erant

743 1236 794 1292 urii
808 1238 929 1294 Abrabae
952 1237 1147 1294 tautummodo
1162 1252 1259 1303 earne,
1278 1232 1329 1291 sed

744 1325 801 1365 nou
818 1325 936 1380 opernm
951 1318 980 1365 et
994 1308 1060 1365 uuoi
1073 1307 1245 1375 imitatione;
1262 1320 1328 1362 earo

743 1381 857 1451 quidem
873 1381 988 1437 illorum
998 1397 1032 1438 ex
1044 1379 1106 1450 ipso
1122 1384 1193 1446 erat,
1209 1376 1328 1434 sedvita

743 1469 801 1508 non
817 1461 887 1509 erat.
909 1455 945 1509 Ex
961 1456 1014 1510 boe
1026 1457 1117 1535 patet,
1130 1452 1206 1523 qnod
1221 1451 1328 1506 trustra

743 1522 806 1594 quis
820 1523 968 1594 gloriatur,
985 1540 1052 1596 quta
1066 1523 1223 1579 secuudum
1245 1521 1327 1602 habi·-

743 1591 1327 1665 tuurustunussugustiuipelunnedica,

741 1682 791 1723 seu
806 1667 923 1724 alterius
938 1667 1045 1736 Sancti,
1058 1665 1110 1723 uisi
1123 1681 1210 1738 opera
1225 1663 1326 1737 ipsius,

742 1739 896 1795 secuudum
920 1755 1000 1796 suam
1022 1738 1250 1811 possibilitatem,
1267 1741 1327 1791 stn-

741 1810 807 1866 deat
831 1810 945 1868 imitari.
966 1811 1098 1868 videntes
1112 1819 1208 1867 autem
1224 1806 1325 1875 iudaei,

741 1882 819 1953 qnod
835 1884 970 1939 Dominus
995 1900 1028 1939 er
1052 1883 1186 1953 operibus
1211 1879 1329 1936 libatio·

741 1970 806 2010 nem
817 1956 964 2025 arguebat,
982 1955 1046 2011 idco
1059 1954 1191 2011 dixerunt
1206 1968 1235 2008 se
1253 1950 1328 2007 filios

743 2025 802 2092 Dei,
819 2028 898 2098 cnjus
914 2028 1015 2109 Legem
1026 2032 1053 2083 et
1068 2024 1254 2082 ceremonias
1266 2038 1327 2079 ser-

742 2098 855 2167 vabant,
872 2115 928 2154 non
943 2095 1247 2154 sicutaliiidololatriae
1262 2094 1325 2151 dedi

743 2168 771 2225 ti.
784 2172 918 2225 Dieerunt
929 2173 1025 2241 itaque
1039 2174 1087 2225 ei:
1096 2173 1161 2237 tvos,
1178 2167 1260 2225 unius
1278 2165 1327 2223 Dei

740 2241 873 2309 cultores,
884 2258 919 2297 ee
928 2245 1120 2310 fornicatione,
1129 2239 1237 2298 scilieet
1246 2236 1328 2312 spiri-

741 2313 809 2370 tuali
824 2314 1005 2383 Getrbiitatis,
1017 2331 1080 2386 quae
1093 2312 1250 2370 fornicatur
1264 2326 1328 2367 eum

742 2384 836 2441 multis
861 2385 926 2455 diis,
955 2404 1008 2442 non
1038 2402 1131 2442 sirmas
1155 2387 1226 2447 anti,
1251 2382 1329 2439 idola

741 2457 953 2514 colentessienl
964 2458 1017 2529 ipsi
1031 2458 1148 2527 iaciunt,
1165 2455 1254 2513 sedin
1270 2454 1328 2511 ilde

741 2528 824 2586 unius
848 2529 912 2585 Dei:
930 2530 1150 2586 fornicationem
1177 2527 1255 2584 euim
1278 2541 1327 2582 vo·

741 2604 806 2656 cant
820 2599 1023 2669 idololatriam,
1037 2601 1109 2658 sieut
1123 2606 1151 2656 et
1162 2600 1329 2671 frequenter

742 2671 907 2730 nominatur
930 2673 958 2729 in
979 2674 1064 2730 Sacra
1090 2671 1246 2744 Scriptura,
1262 2667 1329 2741 qnia

741 2744 838 2801 anima
865 2750 1015 2817 separatur
1038 2747 1130 2802 aDeo
1152 2760 1203 2816 per·
1227 2742 1325 2824 iilam:

741 2834 825 2872 unum
836 2817 1125 2890 petrcntspiritualem
1137 2817 1267 2872 babemus
1279 2830 1327 2871 ser·

740 2888 806 2945 lieet
820 2892 915 2959 Deum,
931 2906 1016 2962 quem
1037 2890 1167 2957 colimus,
1183 2886 1251 2960 quia
1267 2902 1325 2943 non

740 2960 871 3018 colebant
890 2961 1081 3035 pluralitatem
1102 2962 1231 3027 deorum,
1255 2958 1327 3015 sieut

739 3033 873 3091 Gentiles.
891 3035 945 3092 Sed
961 3037 1033 3091 bane
1045 3033 1245 3107 paternitatem
1261 3030 1327 3089 Sal-

740 3112 821 3162 vator
837 3106 968 3174 excludit,
984 3113 1013 3163 et
1028 3109 1116 3162 Deum
1132 3122 1190 3162 non
1203 3119 1266 3161 esse
1286 3102 1327 3159 eis

739 3182 851 3248 patrem
866 3178 999 3239 ostendit.
1021 3177 1087 3248 quia
1112 3193 1171 3233 nou
1191 3174 1324 3245 diligunt,

741 3264 794 3304 nee
809 3254 985 3318 cognoscunt
1005 3250 1067 3304 e'us
1088 3247 1200 3314 Filium,
1221 3245 1326 3302 scilicet

740 3318 833 3390 ipsum
849 3319 992 3376 Christum
1006 3266 1042 3376 aii
1053 3335 1087 3376 eo
1103 3318 1243 3374 missum:
1261 3332 1327 3372 nam

742 3389 855 3446 dilectio
871 3396 898 3447 et
917 3389 1018 3447 notitia
1032 3389 1136 3447 Clivisti
1150 3394 1194 3444 est
1213 3386 1327 3458 signent

741 3460 890 3518 filiationis
910 3464 958 3518 Dei
966 3480 974 3530 ;
990 3476 1089 3518 eornm
1108 3461 1186 3517 enim
1209 3474 1272 3529 qnae
1292 3459 1326 3515 ab

741 3550 799 3590 uno
813 3533 980 3604 procedunt,
992 3538 1090 3589 mutua
1101 3538 1144 3589 est
1158 3530 1284 3601 dileetio,
1297 3528 1326 3586 in

742 3605 801 3673 illo,
818 3621 835 3661 a
850 3622 906 3677 quo
919 3605 1087 3677 procedunt.

778 3682 793 3733 5
807 3678 940 3734 Cnnrsrns
956 3695 1004 3733 nus
1018 3693 1147 3734 osrannrr
1160 3692 1224 3731 usse
1238 3692 1325 3731 rimus

741 3766 859 3806 aranon.
872 3782 906 3790 -
920 3748 1027 3807 Deinde
1042 3748 1165 3810 ostendit
1179 3764 1211 3805 eu
1225 3764 1258 3805 us
1271 3746 1327 3803 sint

742 3821 840 3889 lilibet
852 3821 920 3878 dicit
932 3838 981 3879 eos
995 3838 1027 3878 ex
1037 3827 1117 3894 patre
1128 3821 1212 3878 diabo
1224 3837 1241 3876 o
1252 3835 1325 3900 esse²

741 3911 799 3951 nou
827 3895 982 3963 creatione,
1004 3895 1056 3951 sed
1080 3893 1249 3957 imitatione,
1278 3906 1326 3961 qut

742 3966 885 4023 desideria
903 3967 992 4039 patris
1011 3965 1065 4034 sui,
1085 3965 1193 4021 scilieet
1208 3961 1326 4044 diaboli,

741 4039 840 4095 volunt
855 4045 1002 4111 perticere,
1020 4045 1047 4094 et
1062 4038 1241 4094 innocentem
1256 4050 1327 4091 oem-

743 4111 830 4179 dere;
861 4111 936 4183 quod
969 4111 1072 4183 probat
1101 4111 1326 4179 consequenter,

743 4182 921 4240 conditiones
936 4180 1042 4239 diaboli
1059 4179 1212 4252 explicans
1229 4183 1256 4235 et
1276 4193 1326 4249 po·

743 4261 804 4312 stea
818 4256 853 4312 ad
870 4254 946 4328 ipsos
960 4253 1115 4325 applicans.
1128 4253 1218 4308 Unam
1233 4255 1327 4333 antem

743 4327 934 4385 conditionem
965 4324 1071 4383 diaboli
1101 4323 1193 4397 primo
1224 4325 1327 4396 tangit,
