2880 4942
331 349 372 402 DE
400 344 607 400 scuuoetdlt
634 342 856 397 FESTlVinTE
882 341 1084 396 JUDAEORUM.
1160 357 1161 360 ’

1280 339 1325 394 2¹¹3

551 685 689 757 CAPUT
717 685 868 755 dxxxii

381 908 419 951 DE
442 907 622 952 scameratam
643 903 841 951 resalutatus
861 903 1036 950 tuumoltmt.

572 1075 691 1135 Joannis
712 1087 776 1145 cap.
794 1074 852 1130 Vll.

140 1301 150 1334 1
164 1280 232 1345 an
245 1295 286 1332 srr
301 1279 493 1333 Seeuoeeaml
508 1279 617 1333 -Post
632 1279 687 1333 baea

99 1356 191 1406 autem
212 1349 382 1416 ambulabat,
399 1354 427 1404 et
442 1351 576 1406 manebat
594 1350 687 1404 adhue

98 1425 177 1477 lesus
192 1424 222 1475 in
238 1421 381 1477 Galitaeam
403 1420 530 1477 docendo
554 1420 583 1476 in
603 1435 686 1491 syna-

100 1494 182 1563 gogis
207 1508 330 1557 eornm;
351 1508 405 1547 nou
429 1495 500 1547 caim
524 1490 629 1547 uolebat
656 1493 686 1545 tn

98 1566 223 1620 Judaam
235 1563 385 1630 ambulare,
399 1566 467 1633 quta
479 1564 570 1618 ludaei
585 1576 686 1632 qurere-

102 1636 168 1692 bant
182 1651 241 1690 eum
257 1637 416 1704 interficere.
433 1633 509 1690 Licet
528 1633 605 1690 enirn
622 1648 684 1705 pas·

99 1712 143 1764 set
167 1705 313 1762 intereos
337 1703 400 1761 sine
424 1705 595 1762 documento
612 1721 684 1772 esse,

99 1777 188 1834 voluit
202 1782 299 1834 tamen
319 1775 472 1849 aliquando
487 1787 552 1833 ante
575 1783 686 1848 tempus

101 1866 160 1906 snae
172 1847 326 1915 Passionis,
342 1863 373 1904 se
385 1848 421 1904 ab
434 1847 476 1904 eis
491 1849 660 1904 subtrahere
677 1864 684 1902 ι

103 1920 205 1994 primo,
224 1922 335 1986 ratione
350 1918 406 1988 sui,
420 1920 486 1989 qnia
500 1919 627 1975 nondum
642 1935 688 1974 re-

102 1997 313 2062 ueratlempns‚
328 2007 383 2062 qno
397 1991 509 2047 volebat
521 1990 609 2046 occidi
623 2008 629 2059 ;
646 2006 689 2046 se·

103 2064 206 2131 eundo,
220 2063 330 2119 ratione
343 2061 442 2130 nostri,
452 2067 483 2118 nt
492 2066 616 2117 nostram
626 2077 690 2117 con·

105 2140 246 2193 solaretur
265 2133 471 2199 infirmitatem,
491 2133 586 2190 dando
607 2131 689 2188 nobis

103 2206 273 2276 exemplum,
286 2206 361 2277 qnod
376 2220 525 2276 possumus
534 2203 689 2285 aliquando

105 2279 247 2337 decimare
267 2276 510 2350 perseeutionem;
531 2281 625 2339 tertre,
643 2291 688 2330 ra·

104 2351 182 2409 tione
197 2349 322 2420 ipsorum
335 2348 509 2412 iudeorum,
522 2363 557 2403 ne
572 2361 690 2402 manens

104 2422 134 2479 in
150 2421 243 2478 medio
258 2437 367 2487 eornm,
381 2419 472 2489 magis
491 2435 540 2477 eos
559 2418 691 2474 incitaret

105 2494 136 2551 iu
148 2493 252 2551 adium.
268 2495 336 2548 Erat
350 2497 441 2547 autem
452 2494 482 2547 in
492 2493 619 2562 proximo
631 2490 690 2544 dies

104 2568 193 2636 festus
216 2565 383 2631 ludaeorum,
403 2560 626 2633 scenopegiam
649 2565 691 2615 est

106 2637 244 2695 festivitas
270 2635 546 2698 Tabernaculornm,
576 2631 690 2704 qnando

106 2709 275 2766 habitabant
290 2705 340 2762 filii
357 2706 441 2762 lsrael
455 2704 483 2761 in
498 2701 690 2761 tabernaculis

108 2786 213 2853 septem
227 2779 337 2846 diebus,
353 2778 405 2833 snb
419 2776 521 2833 umbra
534 2790 690 2842 ramorum,

108 2852 137 2910 in
148 2849 362 2909 similitudinem
378 2853 407 2905 et
421 2847 587 2904 memoriam
600 2848 692 2903 taber·

110 2923 285 2985 naeniarum,
313 2923 341 2977 in
367 2919 470 2992 quibus
492 2918 692 2976 habitaverunt

110 3005 207 3068 patres
221 3009 401 3061 eornm,cum
418 2991 510 3048 educti
526 3008 559 3048 ex
573 2993 692 3063 AEpypto

110 3066 362 3140 peregrinarentur
376 3063 404 3120 in
423 3079 535 3132 eremo;
554 3063 631 3119 velut
647 3076 692 3117 re-

111 3139 293 3196 miniscentes
321 3136 460 3192 beneficia
492 3133 614 3201 Domini,
643 3130 693 3203 qui

112 3216 193 3268 erant
210 3207 360 3265 Donrinum
375 3205 508 3264 occisuri.
527 3208 558 3261 m
574 3211 615 3261 est
632 3205 696 3258 See·

112 3283 234 3354 nopegia
256 3279 341 3336 dictio
368 3279 476 3345 Graeea,
500 3274 657 3346 composita
679 3289 696 3328 a

112 3364 174 3417 arrd
191 3361 234 3417 vel
248 3359 342 3424 σιὲνος,
360 3356 436 3429 quod
451 3359 494 3410 est
510 3355 621 3420 umbra,
640 3357 698 3406 eta

112 3443 211 3517 papea,
225 3440 301 3513 qnod
322 3445 364 3494 est
392 3435 560 3503 comedere;
581 3434 657 3513 quia·
669 3428 698 3486 in

112 3512 289 3572 umbraculis
304 3508 502 3573 comedebant,
516 3505 636 3561 durante
652 3502 700 3582 dia

112 3585 275 3643 festivitate.
297 3585 330 3639 Et
348 3577 555 3642 celebrabatur,
573 3575 700 3632 collectis

112 3657 252 3714 fructibus
274 3652 352 3721 anni,
375 3652 405 3707 in
430 3648 584 3720 septembri
603 3660 700 3703 menso

114 3728 252 3802 septimo;
268 3725 335 3798 qnia
349 3723 398 3779 illo
412 3727 550 3792 tempore,
567 3735 622 3792 quo
639 3733 701 3774 urae

115 3810 199 3858 erant
214 3797 392 3880 colligendae,
402 3793 549 3850 exiverunt
564 3795 598 3847 de
613 3791 701 3847 eremi

115 3871 321 3938 tabernaculis,
341 3873 369 3924 et
387 3871 528 3922 venerunt
547 3863 576 3920 in
595 3868 702 3918 terram

116 3941 315 4018 promissionis
342 3942 418 3996 unde
434 3940 624 4008 exploratores
640 3948 703 4006 por-

117 4021 251 4072 taverunt
269 4013 298 4068 in
324 4021 401 4067 recte
424 4025 501 4065 uras,
518 4009 552 4064 m
566 4013 632 4063 tune
647 4007 704 4062 Ju-

118 4087 173 4144 daei
194 4085 363 4143 habitabant
387 4083 415 4136 in
435 4079 620 4147 umbraculis,
638 4075 705 4149 quia

138 4164 331 4224 atrcscorum,
345 4168 397 4226 per
407 4151 594 4223 quadraginta
604 4163 705 4216 annos,

117 4175 320 4288 Kabitaverant
334 4226 364 4282 in
379 4222 580 4279 tabernaculis.

157 4323 172 4360 a
186 4303 329 4359 burconem
343 4311 495 4353 aanutmmr
508 4311 651 4351 causamn
661 4309 709 4349 un-

185 4396 256 4449 vm
266 4395 284 4447 J
285 4406 333 4448 usu
342 4391 462 4450 Cnmsm,
472 4401 558 4442 rouns
571 4390 606 4441 11.

747 1296 830 1343 autu.
847 1309 880 1319 -
894 1279 1059 1335 imminente
1078 1278 1166 1349 igitur
1188 1281 1332 1350 Scenope-

745 1351 803 1418 gia,
818 1352 921 1419 tratres
935 1354 1005 1421 ejus,
1021 1351 1048 1406 id
1066 1355 1110 1407 est
1125 1349 1331 1414 consanguinei

745 1422 868 1487 Domini,
886 1438 944 1478 non
964 1421 1102 1490 Apostoli,
1126 1421 1177 1478 sed
1195 1420 1244 1477 alii
1265 1436 1331 1549 Ero·

743 1492 842 1565 pinqui
858 1494 921 1566 ejus
935 1493 1152 1558 cognationem
1168 1498 1248 1565 parte
1288 1508 1334 1549 ea·

744 1572 780 1621 tae
814 1563 937 1637 Virginis
964 1567 1072 1634 Maria,
1100 1563 1169 1636 quia
1199 1563 1334 1621 viderunt

744 1638 751 1692 i
773 1652 835 1693 sum
855 1652 912 1693 non
931 1653 993 1693 esse
1011 1645 1144 1708 paratum
1171 1635 1207 1692 ad
1234 1649 1334 1692 ascen-

764 1708 879 1776 endum,
894 1707 1055 1765 invitabant
1070 1724 1137 1764 enm
1156 1713 1188 1765 ut
1205 1708 1241 1763 ad
1257 1706 1333 1763 diem

745 1780 848 1836 testum
857 1781 886 1834 in
899 1780 1067 1847 Jerusalem,
1081 1795 1145 1852 quae
1156 1783 1242 1848 eaput
1251 1778 1332 1850 regni

745 1850 1334 1922 est,ascenderet,ibiquegioriammiraeu·

744 1922 839 1979 lorum
849 1921 1024 1991 ostenderet,
1038 1928 1066 1977 et
1080 1937 1109 1977 se
1126 1920 1332 1978 manifestaret.

748 1993 878 2051 Christus
893 1993 968 2049 enim
983 1993 1108 2050 habebat
1120 1991 1256 2063 quosdam
1271 2007 1336 2062 cog·

748 2072 831 2122 natos
852 2064 1010 2121 seeundum
1035 2079 1161 2127 carnem,
1187 2064 1234 2135 qni
1256 2078 1334 2118 more

745 2138 909 2194 Judaeornm
935 2138 1038 2193 iratres
1054 2134 1141 2206 ipsius
1154 2135 1334 2191 dicebantur.

746 2210 924 2264 attinuerunt
946 2208 983 2263 ad
1000 2224 1086 2264 eum:
1106 2208 1206 2263 Transi
1220 2207 1294 2276 tine,
1310 2210 1335 2260 et

744 2281 814 2335 uada
828 2283 858 2336 in
878 2279 1012 2341 Judaam.
1028 2280 1082 2336 hoe
1103 2286 1147 2335 est
1172 2276 1328 2335 Jerusalem

742 2354 850 2410 Judaeae
877 2349 1114 2421 metropolitam
1143 2355 1168 2405 ct
1196 2349 1329 2421 discipuli

744 2427 796 2492 tui,
814 2423 843 2480 id
870 2429 911 2480 est
931 2424 1022 2480 turbas
1041 2428 1068 2479 te
1097 2425 1259 2493 sequentes,
1279 2435 1329 2476 seu

744 2495 808 2553 alie
824 2495 1021 2566 undecumque
1036 2493 1102 2550 illuc.
1118 2491 1328 2558 convenientes,

744 2568 857 2623 uideam
877 2582 959 2637 opera
979 2571 1027 2621 tua
1051 2571 1079 2620 et
1100 2563 1249 2626 miracula,
1271 2576 1331 2633 aaa

744 2641 829 2708 (aeis.
853 2639 892 2693 de
915 2636 949 2704 si,
973 2636 1130 2693 seeundum
1153 2635 1266 2702 bedam,
1286 2632 1331 2690 di·

746 2715 832 2768 eant:
849 2711 889 2765 Tu
905 2711 987 2791 signa
1001 2708 1085 2777 iacis;
1102 2713 1130 2763 et
1146 2704 1228 2790 penei
1242 2721 1276 2760 ea
1290 2704 1332 2760 vi·

745 2783 1021 2852 dent.Trans1ergo
1038 2780 1074 2836 ad
1093 2794 1202 2852 regiam
1222 2777 1333 2846 urbem,

747 2856 794 2912 ubi
810 2861 876 2910 sunt
889 2851 1043 2925 principes.
1060 2860 1093 2908 ut
1107 2850 1136 2907 in
1159 2848 1225 2908 visis
1247 2848 1336 2920 siguis

746 2925 860 2983 landem
875 2922 1058 2997 consequaris
1081 2920 1184 2981 abeis.
1203 2921 1338 2979 Carnutes

746 2996 829 3055 amici
859 2997 980 3068 gloriam
1011 2997 1072 3069 ejus
1105 2998 1278 3066 querentes,
1305 2998 1336 3049 ut

746 3070 825 3127 illius
839 3068 991 3142 participes
1006 3068 1117 3135 fierent,
1131 3070 1159 3122 et
1174 3080 1224 3135 per
1247 3062 1337 3120 mira·

749 3143 813 3199 cula
841 3141 902 3210 ejus
929 3138 1194 3210 magnificarentur,
1221 3133 1336 3190 carnale

749 3209 899 3270 eonsilium
921 3209 1039 3276 dabant,
1055 3223 1111 3278 quo
1136 3207 1265 3263 Salvator
1286 3220 1335 3259 no-

750 3290 809 3341 ster
821 3279 920 3336 mundi
934 3277 1056 3350 gloriam
1071 3277 1244 3347 acquireret,
1256 3289 1338 3330 sunm
1359 3328 1365 3339 ,

752 3370 805 3427 qne
819 3365 922 3407 nomen
933 3348 1045 3422 longius
1055 3353 1084 3404 ct
1096 3347 1179 3403 latius
1191 3347 1337 3413 dilatarem

753 3426 874 3495 ideoque
888 3437 946 3478 non
961 3420 991 3476 in
1004 3420 1114 3476 occulto
1124 3421 1152 3473 et
1162 3414 1338 3485 abscondito,

753 3497 801 3555 sed
819 3495 911 3566 palam
926 3498 955 3550 et
975 3493 1003 3547 in
1018 3493 1159 3548 conventu
1172 3489 1337 3557 multorum,

754 3567 891 3626 miracula
926 3564 1076 3620 Dominum
1113 3562 1210 3618 lesum
1246 3558 1340 3615 faeere

754 3638 955 3698 admonebant.
973 3636 1019 3691 Est
1045 3648 1168 3705 namque
1191 3628 1339 3705 proprium

756 3708 848 3769 inanis
860 3709 959 3782 gloriae
971 3706 1150 3779 eupidorum,
1163 3710 1195 3762 ut
1203 3700 1342 3776 quidquid

756 3785 911 3857 gloriosum
920 3795 1003 3837 suum
1013 3780 1054 3836 vel
1064 3793 1180 3833 suorum
1193 3773 1344 3840 exstiterit,

758 3856 926 3913 ostendatur
950 3852 978 3908 in
1007 3852 1129 3924 publico.
1152 3852 1247 3919 Neque
1273 3848 1345 3901 enim

757 3931 872 3997 fratrer,
887 3923 916 3981 id
937 3927 980 3980 est
995 3918 1199 3993 consanguinei
1215 3919 1275 3988 ejus
1289 3917 1346 3996 bn·

760 4013 875 4057 menam
887 4002 915 4051 et
931 3996 1104 4052 mundanam
1115 3990 1235 4063 gloriam
1251 4003 1346 4060 requi·

760 4076 866 4138 rentes,
892 4067 1013 4124 fideliter
1045 4065 1190 4122 eredebant
1218 4063 1249 4115 in
1274 4074 1345 4128 eam,

762 4143 934 4200 aestimantes
953 4153 1019 4194 eum
1042 4150 1114 4192 sane
1136 4133 1302 4205 gloriosum,
1319 4135 1348 4212 et

784 4215 861 4271 toriae
882 4209 1028 4268 homiuum
1042 4210 1199 4264 amatorem
1216 4206 1245 4260 et
1267 4218 1346 4273 cupr-

763 4233 842 4345 5nm.
856 4283 947 4353 Facis,
963 4278 1105 4354 inquiunt,
1123 4277 1274 4347 miracula,
1297 4271 1349 4330 sed

1179 4378 1258 4438 ,10
