2880 4942
150 341 194 395 tlt

151 450 225 521 jicsti
236 468 245 515 ‚·
268 445 296 502 in
311 459 367 518 quo
387 441 512 516 perlecta
531 442 656 512 claritas,
672 445 740 515 quia
765 442 769 467 ¹

154 520 320 591 salpebnat3
338 519 366 572 in
379 530 435 586 quo
450 513 572 586 perfecta
585 514 737 571 delectabi-

153 594 227 659 litas,
237 589 303 662 quia
312 591 384 644 sicut
394 587 447 656 sol,
460 585 541 642 dulce
552 586 628 642 enim
642 586 738 643 lumen

154 671 197 722 est
207 669 235 719 et
247 659 415 718 delectabile
423 677 432 725 ς
448 656 479 714 in
492 673 547 729 quo
558 658 685 713 sublimis
694 659 737 714 di-

154 736 258 810 gnitas,
275 733 342 804 quia
358 733 496 799 inrepa03
507 730 536 784 in
551 744 606 800 quo
620 738 740 801 paterna

156 808 269 872 caritas,
284 804 350 874 quia
368 804 461 858 Patria
476 816 576 857 eorum.

187 879 281 933 Eanan
295 890 436 931 vanasoua
455 889 594 930 sacunnuu
611 874 737 929 liencurt.

152 979 188 993 -
204 951 284 1005 llanc
302 946 465 1017 parabolam
480 945 632 1001 secundam
648 946 740 1017 tangit

153 1024 273 1087 llarcus,
282 1017 388 1074 iaciens
398 1022 508 1074 tantum
520 1016 692 1073 mentionem
704 1016 739 1073 cle

157 1095 231 1151 bonu
249 1089 367 1158 semine,
389 1088 464 1160 quod
483 1088 519 1145 ad
534 1088 610 1145 solus
635 1089 740 1145 electos

171 1165 285 1231 ertinet,
310 1162 369 1234 qui,
389 1167 535 1232 tamquam
559 1161 685 1217 triticum
711 1165 741 1215 et

149 1182 346 1304 frumentum,
384 1233 414 1289 in
451 1232 588 1289 horreum
625 1239 739 1289 aeternae

154 1308 336 1366 beatitudinis
361 1304 540 1387 colligentur,
567 1304 680 1375 quando
700 1304 739 1359 zi-

151 1383 232 1436 zania
252 1385 280 1435 ct
307 1375 406 1433 lolium
431 1391 460 1431 m
489 1376 632 1432 caminum
667 1375 740 1445 inuis

152 1452 309 1508 mittentur.
337 1448 417 1504 Unde
443 1453 591 1517 comparat
616 1462 738 1517 regnum

151 1523 299 1587 coelnrum,
328 1518 357 1573 id
387 1524 430 1574 est
449 1516 613 1586 Ecclesiam,
630 1533 694 1589 quae
721 1535 738 1573 a

152 1595 208 1649 Deo
228 1590 337 1662 regitur
351 1595 379 1645 et
391 1587 521 1644 homines
534 1587 737 1660 reginharium

148 1664 266 1737 jacienti
283 1675 380 1716 semen
392 1660 421 1716 in
434 1666 615 1728 terram,etc.
631 1662 685 1716 Per
699 1676 738 1715 sc-

152 1750 211 1791 mea
239 1731 407 1804 intelligitur
429 1732 546 1788 verbum
561 1732 637 1799 vitae,
662 1733 736 1803 quod

150 1809 239 1869 domo,
254 1805 362 1859 scilicet
383 1803 520 1875 Christus,
540 1805 689 1859 seminavit
707 1806 736 1859 in
761 1816 764 1859 l

151 1879 237 1936 eorda
251 1877 389 1947 hunrana;
406 1881 435 1932 et
447 1875 579 1932 dormivit
593 1890 642 1946 per
658 1891 735 1930 mor·
761 1864 764 1959 ξ

151 1956 220 2007 teuv.
236 1945 367 2020 Exsurgit
386 1952 480 2004 autern
500 1963 607 2017 semen,
622 1954 699 2003 noete
711 1952 736 2003 et
761 1996 764 2033 Ι

150 2022 206 2086 dic,
221 2039 253 2078 ac
274 2021 416 2094 germinat
428 2026 456 2077 et
470 2021 579 2089 crescit,
594 2022 660 2091 qnia
676 2026 738 2087 post
761 2036 764 2085 ς

113 2125 118 2133 ·
151 2110 284 2151 somnum
300 2093 403 2149 Christi
415 2090 736 2149 numeruscredontinm

153 2181 204 2236 pec
225 2168 344 2221 adversa
359 2170 387 2219 et
409 2179 543 2234 prospera
566 2165 737 2235 germinavit

151 2238 179 2293 in
196 2236 262 2303 sicle,
283 2240 310 2293 et
330 2234 418 2290 crevit
437 2235 466 2290 in
489 2250 592 2303 opere;
609 2234 675 2288 dcam
688 2250 735 2288 ae-

151 2309 203 2364 scit
227 2308 355 2367 illelmo
378 2309 420 2360 cst
443 2306 551 2360 nescire
578 2319 630 2360 nos
658 2304 735 2367 lacit,

151 2393 234 2450 quem
246 2376 483 2432 scilicctlructum
498 2391 587 2445 usque
603 2377 631 2429 in
648 2375 734 2432 [incur

149 2449 251 2507 allevat
276 2450 311 2505 Et
324 2451 398 2502 tosa
408 2448 481 2503 ccltro
493 2448 655 2517 [rrectificnt
668 2448 735 2518 quia

150 2523 294 2578 voluntate
319 2519 479 2589 adducitur,
496 2523 528 2574 ut
546 2520 667 2575 fructum
690 2520 733 2575 la-

149 2595 213 2660 ciat,
238 2596 329 2665 primo
354 2592 476 2661 lcccbom,
500 2592 598 2647 deinde
616 2594 732 2663 spicam,

147 2666 247 2723 deinde
259 2668 371 2736 plenum
389 2667 558 2733 trumentum
583 2666 615 2721 in
644 2668 732 2735 spica.

147 2740 186 2794 Ex
201 2753 307 2792 sennua
327 2736 403 2791 cuim
429 2736 481 2791 isto
502 2742 616 2804 recepto
637 2736 666 2790 in
682 2737 733 2791 nli-

170 2826 205 2864 uo
222 2808 348 2873 homine,
363 2807 455 2876 primo
475 2804 634 2875 concipitur
649 2807 735 2861 timor

149 2825 310 2936 gisinarum
319 2877 502 2947 judiciorum,
513 2881 541 2931 et
556 2876 734 2947 significatur

148 2966 199 3023 por
219 2949 428 3018 l1e1·lranv,quae
449 2952 491 3002 est
510 2945 577 3017 quid
601 2948 734 3017 imperie-

149 3028 225 3079 ctum
239 3036 246 3085 ;
261 3028 290 3074 et
301 3019 369 3089 quia
383 3034 417 3073 ex
433 3017 534 3073 timore
544 3026 634 3075 cessat
648 3020 732 3075 brimo

148 3091 266 3160 amalis,
280 3098 308 3146 ct
325 3089 423 3160 incipit
441 3104 471 3145 se
491 3105 623 3146 exercere
637 3091 665 3146 in
682 3092 734 3148 bo·

148 3166 201 3233 uis,
216 3165 279 3219 idco
293 3162 417 3218 secundo
431 3159 589 3233 concipitur
603 3179 666 3234 spes
688 3164 731 3219 di·

147 3237 276 3293 vinorum
292 3233 506 3305 beneficiorum,
521 3236 734 3308 quasignisvca·

147 3315 194 3366 tur
208 3323 258 3380 por
271 3307 389 3379 spicam,
411 3307 510 3379 inqua
532 3312 576 3363 est
591 3309 651 3380 jain
671 3324 734 3379 spes

148 3381 229 3455 grani
241 3380 327 3436 luituri
338 3396 347 3449 ;
359 3378 444 3435 tertio
456 3396 488 3435 ex
499 3379 553 3435 hoc
566 3380 650 3435 datur
664 3381 734 3437 cari-

149 3451 733 3524 tativusamor,quiliodciopuspccfcctam,

148 3530 177 3581 et
192 3522 256 3579 ideo
270 3523 447 3595 significatur
466 3539 516 3594 per
535 3525 651 3595 plenum
667 3542 732 3590 era·

147 3610 225 3660 num,
240 3596 319 3664 cpuiac,
333 3600 364 3650 ut
377 3594 445 3650 dicit
457 3597 607 3666 Apostolus
620 3615 627 3652 :
642 3598 733 3652 Plcni·

146 3665 211 3720 tudo
223 3667 303 3733 Lapis
318 3669 357 3720 est
371 3666 492 3722 dilectio.
506 3667 567 3737 Vel,
583 3674 657 3723 tacco
670 3670 732 3736 scu-

144 3738 248 3805 cta'ficut
260 3738 350 3804 primo
366 3737 488 3807 hobam,
504 3738 603 3794 deinde
616 3742 733 3809 spicum,

145 3806 244 3863 deinde
262 3807 373 3877 plenum
399 3808 569 3874 trumentum
586 3828 595 3865 a
612 3810 667 3865 hoc
692 3817 735 3865 est

144 3880 287 3945 timorem,
308 3876 513 3948 peonitentiam,
526 3885 555 3935 et
576 3882 732 3937 caritatem.

145 3949 188 4008 llli
202 3951 250 4022 qui
265 3955 404 4021 generant
417 3949 539 4019 hobam,
553 3951 581 4006 id
597 3958 639 4007 est
649 3953 732 4008 timo-

146 4038 217 4088 rem,
234 4028 300 4078 sunt
315 4021 494 4094 incipientes,
509 4022 557 4094 qui
568 4023 674 4079 debent
687 4023 731 4080 iu·

146 4095 241 4166 cipere
254 4097 400 4163 atimore;
416 4094 488 4150 sicut
500 4092 577 4150 enim
588 4094 677 4150 herba
691 4101 734 4152 est

146 4167 317 4249 principium
341 4165 437 4238 spica,
466 4165 506 4223 sic
526 4168 609 4222 timor
622 4170 733 4224 Doacim'

146 4243 188 4293 est
205 4240 375 4311 principium
402 4240 479 4310 vitae,
506 4243 535 4295 et
559 4239 731 4294 initiamen-

140 4310 265 4379 pientia.
281 4311 324 4369 llli
345 4311 394 4384 qui
412 4314 553 4386 generant
569 4313 675 4385 apicum
689 4310 730 4386 id,

98 4462 212 4656 ἱ,

521 332 629 387 rainu
655 333 773 391 Plavis
802 335 905 388 CAPUT
933 333 1016 387 llel

797 450 840 499 cst
862 442 1058 515 poenitcntiam
1078 442 1189 513 ducam,
1204 447 1272 501 sunt
1296 447 1389 517 proil-

796 515 919 585 cientes;
937 514 986 586 qui
1010 514 1082 570 sieut
1105 512 1237 571 delectati
1261 525 1331 576 sunt
1356 521 1384 577 in

796 587 928 660 pcccatis,
941 586 981 642 sic
989 585 1094 641 debent
1106 601 1137 642 se
1147 586 1276 660 affligere
1288 590 1320 647 iu
1330 606 1387 663 poe·

795 659 916 715 nitentia
937 664 966 714 et
989 655 1129 714 lamentis.
1153 657 1197 714 llli
1215 661 1265 730 qui
1279 662 1385 732 produ·

795 735 863 786 cunt
874 731 988 802 plenum
1010 730 1192 799 frumentum,
1208 731 1236 786 id
1254 738 1297 788 est
1309 736 1384 791 cari·

794 806 883 858 tatem
897 806 925 858 et
943 801 1085 858 bonorum
1100 816 1216 873 operum
1229 802 1386 873 plenitudi-

795 889 872 942 nem,
887 878 955 929 sunt
971 872 1097 944 perfecti,
1118 873 1166 945 qui
1183 875 1291 931 habent
1310 878 1384 935 cari·

795 951 884 1001 tatem
897 946 947 1002 Dei
961 952 989 1002 et
1004 944 1122 1015 proximi
1139 962 1146 1003 :
1160 944 1228 1017 quia
1238 948 1385 1018 plenitudo

794 1020 876 1087 lepis
889 1022 930 1074 est
945 1018 1056 1073 dilectio
1069 1018 1127 1073 sive
1138 1027 1260 1089 caritas;
1272 1025 1302 1076 et
1316 1026 1383 1079 tuuc

797 1096 839 1146 cst
855 1090 940 1146 homo
955 1089 1119 1161 dispositus,
1132 1094 1163 1144 ut
1176 1090 1211 1144 de
1225 1096 1301 1147 statu
1348 1109 1382 1151 a·

795 1161 843 1218 tiae
858 1167 983 1218 transeat
999 1161 1033 1217 ad
1054 1160 1184 1232 gloriam.
1199 1162 1232 1217 Et
1246 1107 1384 1221 ἰάοοῖο·

796 1232 889 1289 minus
903 1239 970 1289 tunc
981 1234 1069 1288 mittit
1083 1232 1193 1299 falcem,
1206 1233 1234 1288 id
1247 1240 1291 1290 est
1304 1250 1381 1292 rnor-

795 1310 865 1374 tem,
882 1304 1073 1361 abscindendo
1090 1304 1182 1374 justos
1198 1305 1233 1360 de
1248 1308 1382 1376 praesenti

794 1377 864 1440 vita,
888 1380 919 1432 ut
937 1376 1092 1432 transierat
1105 1376 1140 1430 ad
1157 1375 1300 1448 gloriam
1318 1394 1384 1450 quo

793 1450 871 1503 niam
895 1448 974 1503 odeat
993 1449 1100 1515 messia,
1130 1445 1158 1502 id
1184 1455 1226 1503 cst
1253 1449 1383 1506 collectio

792 1520 934 1589 justorum
946 1519 976 1573 in
993 1520 1094 1589 patria.
1107 1519 1267 1575 Secundum
1284 1521 1383 1591 ureae

793 1593 877 1658 num,
898 1604 996 1646 semen
1012 1590 1098 1645 homo
1119 1591 1190 1663 jacit
1213 1592 1383 1665 interram,

794 1678 859 1718 curn
867 1662 945 1718 cordi
959 1677 1009 1717 suo
1028 1661 1132 1717 bonam
1145 1663 1333 1721 intentionem
1341 1664 1383 1721 in·

794 1734 872 1789 serit.
889 1734 923 1789 Et
937 1739 1087 1804 postquam
1110 1750 1207 1789 semen
1218 1735 1381 1806 jactaverit,

794 1805 909 1875 dormit,
925 1803 1066 1876 quiajam
1089 1806 1119 1861 in
1133 1822 1181 1874 spe
1200 1805 1269 1862 boni
1289 1808 1385 1879 operis

794 1877 912 1949 quescit.
928 1878 1015 1932 Nocte
1036 1892 1102 1933 vero
1124 1877 1250 1945 exsurgit
1273 1893 1308 1935 ae
1325 1878 1382 1950 die,

794 1950 860 2019 quia
875 1950 948 2004 inter
963 1948 1081 2003 advorsa
1096 1954 1124 2004 et
1140 1965 1274 2019 prospera
1292 1950 1381 2021 proii-

794 2023 841 2076 cit.
858 2021 892 2076 Et
912 2035 1009 2076 semen
1025 2021 1177 2092 germinat,
1194 2027 1222 2075 et
1236 2021 1383 2091 increscit,

793 2091 860 2148 dcvcn
877 2092 923 2149 ille
937 2091 1027 2148 nescit
1043 2106 1050 2147 τ
1069 2093 1135 2164 quia
1152 2098 1180 2147 et
1202 2108 1266 2149 cum
1286 2094 1381 2150 adhuc

793 2164 886 2220 metiri
898 2163 1074 2220 incrementa
1089 2180 1140 2220 sua
1156 2180 1212 2219 uon
1233 2165 1321 2235 valet,
1335 2180 1381 2222 se·

792 2235 849 2290 mel
858 2242 994 2304 concepta
1007 2237 1095 2290 virtus
1105 2237 1139 2291 ad
1151 2235 1309 2305 protectum
1324 2237 1382 2293 du·

792 2307 874 2361 citur.
888 2307 922 2361 Et
938 2305 1013 2363 ultro
1030 2311 1107 2363 terra
1122 2306 1285 2377 fructificat,
1301 2306 1381 2381 quia,

791 2378 982 2448 praeveniente
1005 2393 1034 2433 se
1057 2378 1158 2451 gratia,
1188 2394 1267 2434 mens
1286 2380 1381 2437 homi·

790 2449 834 2504 nis
851 2456 1007 2520 spontanee
1026 2453 1061 2505 ad
1080 2450 1201 2506 tructnm
1222 2451 1289 2507 boni
1311 2466 1382 2523 ope·

790 2520 830 2577 ris
841 2522 974 2594 assurgit.
991 2522 1061 2578 Cum
1081 2538 1149 2594 ergo
1169 2522 1310 2579 desideria
1325 2522 1379 2579 ho·

790 2610 825 2649 na
846 2594 1033 2664 concipimus,
1052 2609 1150 2650 semen
1171 2593 1200 2649 in
1217 2600 1294 2651 terra
1310 2595 1378 2651 mit·

790 2666 894 2736 timus3
912 2681 976 2721 cum
991 2681 1060 2721 vero
1075 2664 1187 2736 operari
1203 2672 1281 2722 recta
1305 2665 1379 2724 inci-

790 2736 891 2808 pimus,
912 2737 1003 2792 hcrba
1018 2752 1133 2803 sumus;
1151 2753 1215 2793 cum
1231 2743 1328 2794 autern
1341 2740 1378 2795 ad

791 2808 948 2879 proiectum
966 2823 1036 2879 opus
1056 2810 1205 2872 trahimus,
1220 2809 1255 2865 ad
1269 2810 1380 2881 spicam

790 2878 985 2949 pervenimus;
1001 2896 1121 2951 cumque
1133 2881 1162 2935 iu
1176 2881 1305 2951 ejusdem
1313 2897 1380 2953 ope-

789 2949 951 3006 risdernum
962 2951 1134 3021 perfectione
1144 2954 1378 3025 scammoniam

789 3023 903 3094 plenum
920 3022 1095 3079 trumentum
1110 3024 1138 3078 iu
1160 3025 1240 3095 spica
1255 3024 1379 3095 proferi-

790 3110 861 3149 rnns.
879 3093 1064 3163 Omnipotens
1075 3101 1170 3151 autem
1186 3098 1257 3151 Deus
1274 3096 1303 3152 in
1315 3112 1380 3168 pro·

789 3165 906 3223 ductum
921 3165 1045 3222 fructum
1061 3166 1161 3223 lalccm
1180 3165 1275 3238 mittit,
1292 3175 1378 3241 atque

789 3252 908 3295 messem
921 3253 1002 3294 suam
1015 3238 1142 3305 desecat,
1153 3237 1300 3311 quostiam,
1312 3255 1378 3299 cum

790 3325 1020 3382 unumquemque
1033 3310 1069 3366 ad
1081 3326 1167 3382 opera
1178 3311 1304 3382 perlecta
1315 3308 1380 3384 per'·

789 3382 910 3451 durarit,
934 3382 994 3455 ojus
1015 3384 1201 3452 temporalem
1220 3386 1308 3447 vitam
1326 3398 1379 3459 per

789 3455 943 3510 immissam
963 3457 1133 3510 sententiam
1147 3453 1256 3517 incidit,
1271 3459 1302 3510 ut
1314 3468 1378 3529 gra-

790 3542 857 3583 num
880 3526 1019 3582 suum-ad
1034 3527 1159 3581 coelestia
1183 3526 1288 3582 hiirrea
1311 3541 1378 3599 per·

789 3598 883 3654 ducat.
903 3596 974 3654 Vide
992 3612 1073 3669 ergo,
1094 3614 1129 3654 nc
1154 3596 1191 3653 sis
1216 3602 1328 3655 tantum
1348 3599 1378 3656 iu

789 3668 879 3724 heroa
894 3669 937 3724 vel
952 3669 1040 3739 spica,
1061 3674 1090 3725 ct
1111 3668 1308 3727 maturitatem
1325 3686 1378 3727 ex·

788 3744 897 3809 spectes
908 3738 938 3796 in
948 3742 1103 3812 purgatorii
1116 3756 1214 3812 poena;
1226 3758 1283 3798 non
1299 3744 1377 3799 enim

788 3811 911 3866 fructum
929 3809 1112 3869 immaturum
1133 3819 1290 3887 congregat
1303 3815 1378 3871 Deus

788 3880 818 3938 in
832 3883 968 3941 horreum
981 3899 1075 3941 suurn.
1091 3885 1188 3941 Nullus
1204 3892 1311 3958 tanuen,
1326 3886 1377 3958 qui

787 3955 824 4011 ad
844 3955 952 4011 bonurn
964 3957 1138 4026 propositum
1149 3957 1243 4013 adhuc
1255 3957 1285 4013 in
1297 3972 1377 4014 men·

787 4026 823 4082 tis
837 4026 1030 4084 teneritudine
1043 4043 1104 4085 esse
1117 4029 1303 4099 conspicitur,
1323 4029 1376 4085 de·

786 4096 943 4169 spiciatur:
972 4099 1039 4172 quia
1066 4098 1239 4155 frumentum
1260 4100 1310 4157 lici
1336 4100 1374 4157 ab

786 4170 876 4226 herba
890 4168 999 4242 incipit,
1014 4175 1044 4227 ut
1057 4186 1179 4243 gramm
1195 4171 1255 4228 liat.

825 4263 856 4299 ιο
872 4244 1017 4298 Plausum
1031 4258 1065 4298 ue
1085 4258 1175 4299 ovano
1204 4259 1319 4311 srxav1s3
1345 4261 1373 4300 va

786 4328 841 4377 oua
852 4327 1026 4372 uascnvrrun
1040 4331 1138 4374 saurus
1152 4317 1290 4377 Eunussm
1306 4331 1374 4374 rosr
