2880 4942
131 348 174 402 lll
500 346 610 399 tttlhh
637 344 755 397 Patris
782 341 885 394 clrbt
913 338 987 391 LXII

129 455 246 525 propter
266 451 394 508 laborem
421 450 496 506 lacta
520 454 573 520 est,
597 453 629 504 ut
652 446 720 504 dicit

131 525 347 593 chrysostomus.
365 524 397 577 Et
422 522 501 593 juxta
528 520 634 577 lentem
658 525 720 576 erat

131 596 207 651 locus
234 600 315 665 aptus
340 591 444 651 Christi
466 591 613 660 doctrinae,
644 591 718 662 apud

129 682 212 735 quem
226 671 269 721 est
283 665 348 722 lons
370 681 452 791 epure
466 663 632 746 sapientie,
648 678 716 735 gra-

132 736 176 792 riae
197 741 225 792 et
241 735 324 806 vltae3
345 752 381 792 un
405 752 420 791 e
436 741 521 792 etiam
536 741 652 808 propter
668 750 717 790 au-

129 806 288 864 ctoritatem
301 806 421 864 docendi
434 807 561 877 sedebat,
571 807 637 878 quia
645 821 720 862 sum·

131 893 195 934 inus
223 879 323 934 doctor
345 884 416 936 erat.
442 881 517 935 Horo
544 884 635 934 ootem
657 883 717 932 erut

129 952 211 1018 quasi
236 955 333 1018 seeto;
355 951 409 1006 hoc
435 949 537 1006 dicitur
562 950 597 1006 ad
621 955 717 1006 osten·

129 1020 256 1077 dendum
285 1037 401 1078 causam
429 1020 623 1093 fatigatiouls;
652 1020 718 1092 quia

129 1105 181 1161 per
196 1108 332 1165 maguum
341 1099 453 1166 tempus
467 1093 553 1150 etiam
564 1092 719 1165 praedican-

129 1162 166 1218 do
181 1162 375 1232 laboraverat,
391 1181 447 1220 nou
467 1164 542 1223 enirn
555 1165 717 1237 J'umeutum

130 1233 267 1290 babebat.
285 1238 342 1292 lsta
360 1235 488 1307 fatigatio
516 1235 620 1293 Christi
646 1237 718 1292 hora

132 1310 210 1361 sexta
227 1305 280 1362 luit
299 1306 411 1378 signum
427 1307 572 1364 Passionis
592 1310 653 1380 ejus
674 1308 687 1362 f
705 1337 716 1347 ·

130 1382 210 1443 turae,
232 1376 281 1432 tali
306 1378 387 1435 hora.
409 1380 553 1452 Fatigetur
581 1377 717 1434 Dominus

130 1448 285 1504 secuudum
303 1465 427 1517 carnem,
447 1451 526 1522 cujus
551 1448 719 1505 tortitudine

130 1518 236 1573 conditi
257 1535 368 1587 sumus;
397 1520 532 1592 fatigatur
554 1536 606 1592 per
631 1535 716 1591 quem

131 1587 241 1659 fatigati
267 1595 451 1660 recreantur,
484 1591 627 1662 fatigatur,
661 1607 716 1662 quo

131 1659 290 1729 deserente,
310 1660 478 1732 fatigamur,
494 1678 549 1733 quo
565 1666 715 1733 praesente,

130 1729 287 1812 firmamur.
304 1732 432 1814 Suscepit
448 1733 525 1789 enirn
539 1734 635 1789 omnia
651 1749 715 1804 quae

130 1802 716 1877 nostraeinfirmitatrssuntabsquepeeca-

129 1876 169 1941 to,
184 1878 282 1954 utnos
298 1890 315 1931 a
329 1880 443 1947 peccato
459 1875 604 1947 liberaret,
618 1883 646 1933 et
665 1892 716 1932 uos

129 1959 209 2027 quasi
222 1946 353 2002 infirmus
365 1947 494 2004 iullrmos
504 1947 636 2005 nutriret.
648 1951 715 2005 For-

128 2017 218 2072 titudo
236 2033 359 2091 namque
378 2021 439 2092 elus
460 2036 512 2076 uos
527 2020 653 2089 creavit;
670 2019 713 2075 in-

129 2087 249 2144 firmitas
263 2090 323 2161 eius
335 2107 387 2147 uos
398 2091 545 2148 recreavit.
557 2091 717 2162 Assumpsit

128 2175 187 2240 uun
204 2161 296 2215 solum
320 2168 452 2219 naturam
473 2164 643 2232 humanam,
665 2162 715 2218 sed

129 2236 214 2310 etlam
225 2231 352 2287 delectus
359 2236 434 2289 circa
445 2239 589 2302 naturam,
598 2250 670 2305 quos
677 2233 716 2289 ri·

129 2299 232 2356 delicet
244 2300 334 2371 ipsum
347 2302 443 2359 decuit
455 2320 608 2360 assumere.
625 2304 714 2372 Unde,

130 2386 193 2427 eum
211 2387 302 2442 poeuae
322 2371 378 2428 sint
397 2373 585 2431 exercitativa
605 2374 715 2431 virtutis

128 2441 271 2514 perlectae,
287 2443 473 2501 testificativae
486 2446 621 2503 humanae
634 2451 715 2502 natu-

130 2528 179 2582 rae,
191 2529 249 2569 non
257 2513 417 2574 simulative
427 2518 581 2591 assumpsit
594 2517 715 2591 poeuali-

128 2589 211 2658 tates,
227 2591 285 2642 tarn
300 2590 462 2660 corporales
478 2606 564 2661 quum
582 2589 715 2663 spiritua-

128 2655 180 2738 les,
199 2675 261 2730 quae
275 2660 431 2732 respiciunt
444 2668 570 2719 nostram
580 2670 713 2719 naturam

127 2744 159 2785 ru
175 2732 327 2799 communi,
344 2732 418 2789 sicut
431 2735 535 2790 samem
549 2739 578 2790 et
593 2733 668 2790 sitim
685 2733 714 2789 iu

128 2800 421 2881 absentiaualimeuti,
452 2803 596 2861 tristitiam
622 2813 651 2862 et
678 2804 713 2860 ti·

128 2886 237 2926 morem
265 2887 296 2952 iu
319 2876 470 2945 praesentia
491 2875 663 2943 documenti,
687 2879 715 2932 et

128 2945 223 2997 cetera
242 2941 451 3016 hujuscemodi,
471 2949 503 3002 ut
521 2951 563 3002 est
580 2946 667 3014 calor,
686 2951 715 3002 et

130 3011 229 3083 frigus,
255 3011 402 3085 lassitudo,
421 3021 450 3072 et
463 3015 577 3073 similia.
594 3019 656 3073 Non
670 3024 713 3072 ta·

130 3098 194 3139 men
207 3099 305 3166 omnes
315 3086 442 3145 defectus
455 3087 713 3160 assumpsitcorpo·

129 3154 214 3225 rales,
229 3161 302 3211 sicut
321 3164 387 3215 suut
412 3160 538 3217 defectus
566 3159 712 3232 aegritudi-

129 3243 197 3283 num
225 3227 457 3309 multiformium
475 3248 528 3289 nec
546 3248 645 3288 ornnes
661 3232 711 3288 de·

128 3299 218 3356 lectus
235 3300 406 3371 spirituales,
426 3303 498 3360 sicut
524 3309 590 3360 sunt
615 3320 712 3376 pecca-

128 3376 198 3455 tum,
224 3371 399 3445 ignorantia,
414 3375 532 3434 rebellio
558 3375 651 3433 caruis
675 3377 712 3433 ud

127 3443 270 3515 spiritum,
283 3451 337 3503 etc.
353 3446 483 3504 Christus
496 3447 600 3520 quippe
612 3448 711 3506 volens

127 3516 277 3573 ostendere
298 3517 447 3576 veritatem
463 3520 598 3577 bumanae
624 3525 710 3576 uatu-

128 3601 178 3653 rae,
200 3586 384 3657 permittebat
397 3606 471 3672 'earn
491 3607 588 3674 agere,
608 3596 636 3647 et
652 3589 711 3716 pati

126 3669 189 3726 quae
216 3665 285 3713 sunt
308 3676 423 3732 propria
444 3662 584 3731 hominis;
615 3677 712 3717 voens

21 3728 30 3735 “
126 3724 212 3780 etiam
238 3726 266 3781 in
293 3744 324 3784 se
358 3732 509 3788 ostendere
536 3734 711 3788 voluntatem

126 3794 230 3852 divinae
246 3803 366 3868 naturae,
387 3800 509 3858 iaciebat
524 3808 553 3859 et
572 3803 711 3874 operaba-

128 3873 174 3925 tur
187 3883 275 3939 opera
286 3868 345 3925 Dei.
364 3871 444 3927 Unde
458 3873 574 3943 quando
587 3872 713 3930 retrabe-

126 3941 176 3998 bat
193 3938 332 3997 inlluxum
353 3940 455 3998 diviuae
474 3948 584 4001 uaturae
599 3943 713 4001 virtutis

126 4027 144 4070 a
158 4026 288 4141 corpore,
312 4011 464 4096 esuriebat·
479 4019 508 4070 et
522 4014 711 4088 fatigabatur3

126 4099 201 4156 quan
223 4102 239 4141 o
255 4101 321 4143 vero
334 4101 425 4158 ipsam
439 4090 573 4144 virtutem
587 4086 713 4144 divinam

126 4159 239 4228 corpori
271 4157 432 4229 exhibebat,
466 4156 527 4216 sine
559 4158 622 4217 eibo
656 4175 713 4215 non

125 4227 278 4297 esuriebat,
292 4234 319 4286 et
333 4228 362 4286 in
377 4227 523 4288 laboribus
538 4247 595 4288 uon
610 4229 712 4314 latiga-

128 4304 182 4355 tur.
199 4302 312 4358 lveruut
323 4307 419 4361 autem
431 4301 562 4377 discipuli
579 4302 714 4361 incivita-

72 4578 163 4654 ἱ

776 451 833 500 tem
849 442 971 510 Sichem,
987 445 1017 496 ut
1032 439 1111 497 cibos
1125 446 1262 497 emerent.
1280 441 1363 514 Hinc,

775 516 932 572 secuudum
948 513 1364 585 chrysostomum,Evangelista

775 586 899 643 ostendit
925 583 1027 643 Christi
1052 583 1256 655 bumilitatem,
1278 584 1306 641 iu
1326 603 1362 644 eo

775 659 851 729 quod
885 657 975 713 solus·
992 654 1226 726 relinquebatur;
1253 656 1362 714 etenim

774 730 814 786 ita
836 728 990 801 discipulos
1014 727 1166 783 assuefecit
1181 744 1297 784 omnem
1311 744 1361 785 su·

774 803 902 873 perbiam
924 799 1102 856 conculcare.
1120 798 1171 854 Ubi
1190 799 1277 855 etiam
1291 807 1362 858 uota

774 872 877 930 Christi
892 870 1111 944 parcunouiam3
1127 887 1192 926 naut
1207 871 1246 927 ita
1258 887 1360 943 parum

773 944 808 1002 de
823 943 893 1001 cibis
908 943 1035 1012 curabat,
1052 942 1129 1015 qnod
1144 942 1213 998 nihil
1229 943 1361 1001 comesti·

772 1016 828 1074 bile
843 1031 939 1072 secum
955 1015 1073 1071 serebat.

808 1093 824 1143 ὅ
840 1090 879 1144 De
892 1090 1072 1145 Ssunnrrasrs
1082 1103 1294 1149 smouasrrsrsn
1305 1103 1360 1142 urs-

773 1177 894 1216 snnrrun.
910 1189 944 1201 -
965 1161 998 1214 Et
1012 1161 1085 1213 uenit
1099 1160 1199 1213 mulier
1212 1159 1245 1212 de
1259 1160 1357 1216 Soma-

771 1235 815 1287 rio
840 1229 965 1302 regione,
985 1229 1091 1286 scilicet
1112 1229 1148 1285 de
1168 1229 1228 1301 ipsa
1244 1228 1359 1286 civitate

772 1303 895 1374 Sicbem,
911 1307 976 1358 tune
993 1299 1235 1359 Samaritanorum
1252 1306 1357 1357 metro·

771 1373 838 1446 poli,
860 1377 972 1430 haurire
989 1390 1101 1445 uquam,
1116 1371 1278 1428 litteraliter
1310 1387 1357 1429 ro·

771 1451 834 1517 pter
861 1446 1002 1501 delectum
1032 1444 1224 1515 corporalem;
1249 1388 1309 1524 serf
1328 1443 1358 1499 in

772 1516 916 1588 mysterio;
931 1521 1048 1588 propter
1064 1515 1205 1571 delectum
1224 1514 1356 1587 spiritua·

772 1587 806 1643 lis
822 1587 959 1644 doctrinae
975 1595 1002 1643 et
1017 1586 1116 1659 gratiae
1132 1586 1267 1658 praedicto
1282 1577 1374 1667 pe'o'

772 1675 831 1715 rom
847 1676 854 1713 :
869 1660 942 1714 inter
962 1675 1046 1730 qnam
1061 1664 1089 1714 et
1105 1657 1247 1714 Christum
1268 1657 1314 1713 dra
1326 1673 1357 1714 o·

771 1746 824 1801 gus
837 1729 900 1798 luit,
910 1729 976 1802 quia
984 1730 1079 1801 plures
1090 1728 1247 1785 locutiones
1258 1734 1358 1785 mutuo

772 1802 941 1858 habuerunt.
965 1803 1084 1856 Domino
1106 1816 1173 1870 ergo
1193 1808 1291 1871 potum
1308 1815 1358 1871 pe·

771 1877 858 1939 teate,
875 1872 955 1944 quasi
970 1872 1056 1928 fidem
1071 1873 1134 1943 ejus
1149 1871 1262 1927 sitiente
1273 1888 1280 1938 ;
1292 1869 1359 1942 quia

772 1950 799 2001 et
813 1944 925 2000 sitiebat
943 1959 1046 2015 aquam
1061 1949 1177 2015 propter
1191 1941 1302 1998 itineris
1316 1942 1357 1998 la·

771 2015 949 2086 tigatiouem,
970 2022 998 2071 et
1014 2015 1136 2070 salutern
1155 2012 1279 2069 bominis
1291 2028 1358 2085 pro·

771 2093 834 2159 pter
844 2089 905 2160 ejus
915 2103 1041 2143 amorem
1053 2104 1059 2142 :
1070 2084 1172 2142 mulier
1181 2091 1283 2140 notans
1293 2100 1357 2142 eum

771 2164 800 2215 et
811 2175 986 2229 cognoscens
998 2175 1030 2214 en
1043 2156 1163 2213 fimbriis
1175 2155 1252 2228 pallii
1265 2155 1357 2228 ipsum

771 2245 833 2286 esse
847 2229 987 2299 Judaeum,
1003 2228 1073 2285 dixit
1085 2228 1198 2284 Judaeos
1212 2244 1267 2283 non
1280 2226 1357 2284 couti

771 2300 967 2369 Samaritauis,
983 2300 1050 2371 quia
1068 2299 1160 2356 ludaei
1177 2298 1320 2356 abstinent
1339 2314 1358 2355 a

770 2373 855 2428 rebus
873 2387 980 2428 eorum.
1008 2374 1045 2427 Ex
1065 2371 1165 2428 habitu
1187 2387 1218 2426 er
1237 2387 1253 2426 o
1270 2384 1357 2442 quem

770 2386 1357 2517 portabat,eognoritmulierquoffludarus

771 2520 856 2598 esset²
881 2515 957 2588 quia,
981 2514 1052 2571 siout
1074 2521 1156 2571 eraut
1179 2512 1303 2569 distincti
1320 2514 1357 2571 ab

770 2587 834 2644 aliis
849 2604 879 2643 ru
894 2588 970 2643 cultu
986 2586 1036 2643 [lei
1055 2591 1083 2642 et
1099 2586 1129 2642 iu
1147 2583 1287 2657 corporali
1302 2583 1357 2641 cir·

771 2658 954 2726 oumcisione,
970 2657 1011 2714 ita
1023 2657 1108 2714 etiam
1121 2656 1151 2713 iu
1163 2661 1250 2713 veste.
1265 2654 1357 2714 rudet

771 2730 848 2787 euim
868 2731 1012 2788 habebant
1031 2728 1159 2785 fimbrias
1174 2728 1204 2784 in
1219 2727 1356 2797 vestibus,

769 2817 821 2874 per
835 2817 906 2874 quas
921 2800 1157 2858 discernebantur
1173 2817 1190 2856 a
1208 2799 1357 2857 Gentibus.

770 2875 843 2944 Ergo
860 2878 888 2928 et
902 2878 932 2929 tu
944 2890 977 2930 en
989 2873 1088 2930 habitu
1101 2871 1284 2943 cognoscaris
1296 2887 1356 2928 esse

769 2942 960 3012 Christianus;
981 2961 1013 3000 en
1038 2943 1137 3001 habitu
1156 2949 1184 3000 et
1203 2942 1356 2999 sobrietate

768 3015 897 3071 ciborum
912 3020 940 3071 et
953 3016 1137 3073 edificiorum
1151 3019 1179 3071 et
1194 3012 1356 3087 hujusmodi

770 3085 899 3156 clericus,
914 3088 958 3144 vel
972 3087 1132 3159 religiosus.
1146 3088 1212 3156 Sed,
1225 3086 1293 3142 heul
1307 3085 1356 3142 bo·

769 3157 816 3214 die
836 3157 879 3214 vix
903 3165 1122 3230 cognoscuntur,
1139 3163 1166 3214 et
1182 3159 1217 3215 ab
1235 3156 1355 3214 invicem

768 3229 969 3287 discernuntur
983 3230 1077 3287 clerici
1094 3228 1215 3300 aluicis,
1231 3234 1259 3286 et
1274 3227 1356 3286 Chri·

768 3301 850 3359 stiaui
867 3302 904 3360 ab
918 3301 1092 3359 infidelibus.
1108 3333 1143 3342 -
1160 3302 1193 3357 Et
1210 3300 1356 3358 sciendum

768 3372 814 3431 bic
830 3375 917 3458 quod,
934 3373 1053 3432 sublatis
1066 3374 1164 3429 decem
1179 3372 1310 3431 tribubus
1324 3370 1355 3428 in

768 3450 970 3519 captivitatem,
997 3462 1046 3503 rex
1072 3443 1251 3527 Assyriorum
1279 3441 1356 3500 misit
1429 3491 1434 3502 .

768 3519 899 3600 proprios
907 3516 1036 3576 homiues
1048 3516 1076 3572 in
1086 3517 1182 3573 odium
1192 3518 1207 3573 J
1211 3515 1355 3573 udaeorum

768 3590 805 3646 ad
821 3589 1002 3647 incolendum
1018 3605 1137 3662 reguum
1154 3588 1252 3644 decem
1266 3584 1356 3644 tribu·

769 3676 830 3729 um,
839 3661 944 3717 scilicet
953 3667 1058 3717 terram
1068 3658 1216 3727 Samariam
1228 3658 1304 3715 misit
1310 3674 1359 3715 au·

770 3736 826 3787 tem
836 3731 1359 3800 Dominusleoneseosdevorautes,et

770 3801 834 3858 ideo
844 3818 893 3857 rex
902 3802 1197 3875 Assyriorum,habito
1207 3818 1294 3874 super
1303 3801 1359 3858 hoc

771 3872 900 3943 oonsilio,
916 3873 992 3930 misit
1009 3890 1095 3930 unum
1111 3875 1146 3930 de
1162 3871 1359 3931 sacerdotibus

772 3943 900 4017 captivis,
916 3951 948 4001 ut
960 3945 1074 4002 doceret
1086 3962 1136 4002 eos
1147 3947 1241 4002 colere
1257 3947 1358 4002 Deum.

772 4014 836 4085 Qui,
852 4015 969 4072 consilio
983 4017 1110 4088 persuasi
1128 4021 1306 4088 receperunt,
1323 4015 1360 4074 ob

772 4092 879 4144 metum
894 4088 1019 4145 terarum
1038 4103 1056 4144 a
1076 4090 1133 4145 Deo
1155 4087 1359 4157 immissarum,

772 4159 860 4217 libros
874 4158 977 4232 Moysis
989 4163 1017 4215 et
1028 4161 1125 4229 losue,
1138 4159 1270 4232 discipuli
1284 4160 1360 4232 ejus,

772 4235 802 4288 et
813 4229 941 4303 legitima
952 4236 1047 4300 terrae,
1059 4248 1116 4288 nou
1129 4237 1224 4288 autem
1240 4232 1361 4305 prophe·

772 4301 841 4374 tias,
854 4308 884 4361 et
900 4301 968 4361 inde
983 4301 1041 4360 illis
1059 4301 1236 4361 circumcisio
1255 4302 1359 4373 iuerat,
