<?xml version="1.0" encoding="UTF-8"?>
<!DOCTYPE html PUBLIC "-//W3C//DTD XHTML 1.0 Transitional//EN"
    "http://www.w3.org/TR/xhtml1/DTD/xhtml1-transitional.dtd">
<html xmlns="http://www.w3.org/1999/xhtml" xml:lang="en" lang="en">
 <head>
  <title>
</title>
<meta http-equiv="Content-Type" content="text/html;charset=utf-8" />
  <meta name='ocr-system' content='tesseract 3.04.00' />
  <meta name='ocr-capabilities' content='ocr_page ocr_carea ocr_par ocr_line ocrx_word'/>
</head>
<body>
  <div class='ocr_page' id='page_1' title='image "./vitajesuchristi00ludogoog_0309.png"; bbox 0 0 2880 4942; ppageno 0'>
   <div class='ocr_carea' id='block_1_1' title="bbox 96 362 993 427">
    <p class='ocr_par' dir='ltr' id='par_1_1' title="bbox 96 362 993 427">
     <span class='ocr_line' id='line_1_1' title="bbox 96 362 993 427; baseline -0.001 -5"><span class='ocrx_word' id='word_1_1' title='bbox 96 362 142 422; x_wconf 75' lang='lat'>³00</span> <span class='ocrx_word' id='word_1_2' title='bbox 439 369 548 426; x_wconf 74' lang='lat' dir='ltr'>tutte</span> <span class='ocrx_word' id='word_1_3' title='bbox 576 370 698 427; x_wconf 78' lang='lat' dir='ltr'>Pluris</span> <span class='ocrx_word' id='word_1_4' title='bbox 725 369 830 425; x_wconf 77' lang='lat' dir='ltr'>carot</span> <span class='ocrx_word' id='word_1_5' title='bbox 857 366 993 424; x_wconf 73' lang='lat' dir='ltr'>cxxxvi</span> 
     </span>
    </p>
   </div>
   <div class='ocr_carea' id='block_1_2' title="bbox 70 470 1347 2339">
    <p class='ocr_par' dir='ltr' id='par_1_2' title="bbox 70 470 1347 2339">
     <span class='ocr_line' id='line_1_2' title="bbox 94 470 1346 556; baseline -0.006 -20"><span class='ocrx_word' id='word_1_6' title='bbox 94 477 245 552; x_wconf 83' lang='lat' dir='ltr'>jactabant</span> <span class='ocrx_word' id='word_1_7' title='bbox 267 494 297 536; x_wconf 93' lang='lat' dir='ltr'>se</span> <span class='ocrx_word' id='word_1_8' title='bbox 316 477 413 536; x_wconf 85' lang='lat' dir='ltr'>videre</span> <span class='ocrx_word' id='word_1_9' title='bbox 436 478 497 537; x_wconf 88' lang='lat' dir='ltr'>sine</span> <span class='ocrx_word' id='word_1_10' title='bbox 512 479 635 547; x_wconf 86' lang='lat' dir='ltr'>Christo,</span> <span class='ocrx_word' id='word_1_11' title='bbox 654 478 708 553; x_wconf 79' lang='lat' dir='ltr'>etl</span> <span class='ocrx_word' id='word_1_12' title='bbox 738 480 791 544; x_wconf 86' lang='lat' dir='ltr'>tro,</span> <span class='ocrx_word' id='word_1_13' title='bbox 810 475 908 547; x_wconf 87' lang='lat' dir='ltr'>quales</span> <span class='ocrx_word' id='word_1_14' title='bbox 930 479 999 532; x_wconf 88' lang='lat' dir='ltr'>suut</span> <span class='ocrx_word' id='word_1_15' title='bbox 1021 487 1137 556; x_wconf 77' lang='lat' dir='ltr'>omues</span> <span class='ocrx_word' id='word_1_16' title='bbox 1159 470 1308 555; x_wconf 76' lang='lat' dir='ltr'>infideles,</span> <span class='ocrx_word' id='word_1_17' title='bbox 1324 478 1346 528; x_wconf 84' lang='lat' dir='ltr'>et</span> 
     </span>
     <span class='ocr_line' id='line_1_3' title="bbox 97 544 1347 629; baseline -0.008 -21"><span class='ocrx_word' id='word_1_18' title='bbox 97 566 150 624; x_wconf 90' lang='lat' dir='ltr'>per</span> <span class='ocrx_word' id='word_1_19' title='bbox 168 567 346 621; x_wconf 90' lang='lat' dir='ltr'>consequens</span> <span class='ocrx_word' id='word_1_20' title='bbox 370 552 510 622; x_wconf 90' lang='lat' dir='ltr'>possead</span> <span class='ocrx_word' id='word_1_21' title='bbox 534 554 709 629; x_wconf 64' lang='lat' dir='ltr'>veritatem}</span> <span class='ocrx_word' id='word_1_22' title='bbox 739 548 826 605; x_wconf 88' lang='lat' dir='ltr'>etiam</span> <span class='ocrx_word' id='word_1_23' title='bbox 842 547 909 603; x_wconf 88' lang='lat' dir='ltr'>mali</span> <span class='ocrx_word' id='word_1_24' title='bbox 924 545 1030 603; x_wconf 83' lang='lat' dir='ltr'>fideles</span> <span class='ocrx_word' id='word_1_25' title='bbox 1059 546 1118 627; x_wconf 73' lang='lat' dir='ltr'>[ltu</span> <span class='ocrx_word' id='word_1_26' title='bbox 1135 544 1347 627; x_wconf 58' lang='lat' dir='ltr'>dicrtdupusti·</span> 
     </span>
     <span class='ocr_line' id='line_1_4' title="bbox 97 621 1344 705; baseline -0.006 -26"><span class='ocrx_word' id='word_1_27' title='bbox 97 621 321 696; x_wconf 83' lang='lat' dir='ltr'>perveniresine</span> <span class='ocrx_word' id='word_1_28' title='bbox 334 640 385 690; x_wconf 89' lang='lat' dir='ltr'>eo;</span> <span class='ocrx_word' id='word_1_29' title='bbox 401 622 464 679; x_wconf 92' lang='lat' dir='ltr'>ideo</span> <span class='ocrx_word' id='word_1_30' title='bbox 481 623 622 691; x_wconf 85' lang='lat' dir='ltr'>Christus,</span> <span class='ocrx_word' id='word_1_31' title='bbox 635 622 684 695; x_wconf 91' lang='lat' dir='ltr'>qui</span> <span class='ocrx_word' id='word_1_32' title='bbox 706 634 709 705; x_wconf 62' lang='lat' dir='ltr'>p</span> <span class='ocrx_word' id='word_1_33' title='bbox 739 636 810 677; x_wconf 82' lang='lat' dir='ltr'>nus:</span> <span class='ocrx_word' id='word_1_34' title='bbox 829 639 843 673; x_wconf 88' lang='lat' dir='ltr'>u</span> <span class='ocrx_word' id='word_1_35' title='bbox 865 622 953 675; x_wconf 87' lang='lat' dir='ltr'>latrat</span> <span class='ocrx_word' id='word_1_36' title='bbox 971 633 1027 690; x_wconf 89' lang='lat' dir='ltr'>per</span> <span class='ocrx_word' id='word_1_37' title='bbox 1041 623 1174 686; x_wconf 84' lang='lat' dir='ltr'>ostrum,</span> <span class='ocrx_word' id='word_1_38' title='bbox 1196 632 1248 689; x_wconf 83' lang='lat' dir='ltr'>qur</span> <span class='ocrx_word' id='word_1_39' title='bbox 1270 622 1344 672; x_wconf 81' lang='lat' dir='ltr'>intrat</span> 
     </span>
     <span class='ocr_line' id='line_1_5' title="bbox 98 687 1343 771; baseline -0.006 -20"><span class='ocrx_word' id='word_1_40' title='bbox 98 709 186 766; x_wconf 88' lang='lat' dir='ltr'>supra</span> <span class='ocrx_word' id='word_1_41' title='bbox 201 694 306 765; x_wconf 80' lang='lat' dir='ltr'>incepit</span> <span class='ocrx_word' id='word_1_42' title='bbox 320 693 464 765; x_wconf 85' lang='lat' dir='ltr'>disputare</span> <span class='ocrx_word' id='word_1_43' title='bbox 479 701 579 752; x_wconf 91' lang='lat' dir='ltr'>contra</span> <span class='ocrx_word' id='word_1_44' title='bbox 591 710 685 767; x_wconf 90' lang='lat' dir='ltr'>super·</span> <span class='ocrx_word' id='word_1_45' title='bbox 707 752 709 768; x_wconf 28' lang='lat'><em>2</em></span> <span class='ocrx_word' id='word_1_46' title='bbox 739 708 791 765; x_wconf 89' lang='lat' dir='ltr'>per</span> <span class='ocrx_word' id='word_1_47' title='bbox 800 690 954 755; x_wconf 81' lang='lat' dir='ltr'>Christum,</span> <span class='ocrx_word' id='word_1_48' title='bbox 964 692 1015 761; x_wconf 91' lang='lat' dir='ltr'>qui</span> <span class='ocrx_word' id='word_1_49' title='bbox 1031 687 1179 771; x_wconf 70' lang='lat' dir='ltr'>imitatur</span> <span class='ocrx_word' id='word_1_50' title='bbox 1190 690 1343 771; x_wconf 34' lang='lat' dir='ltr'>pass-ionem</span> 
     </span>
     <span class='ocr_line' id='line_1_6' title="bbox 99 759 1342 838; baseline -0.005 -16"><span class='ocrx_word' id='word_1_51' title='bbox 99 765 177 822; x_wconf 91' lang='lat' dir='ltr'>biam</span> <span class='ocrx_word' id='word_1_52' title='bbox 196 771 224 821; x_wconf 92' lang='lat' dir='ltr'>et</span> <span class='ocrx_word' id='word_1_53' title='bbox 240 764 408 837; x_wconf 89' lang='lat' dir='ltr'>jactantiam</span> <span class='ocrx_word' id='word_1_54' title='bbox 428 782 638 838; x_wconf 87' lang='lat' dir='ltr'>eorum‚nunc‚</span> <span class='ocrx_word' id='word_1_55' title='bbox 656 770 710 825; x_wconf 67' lang='lat' dir='ltr'>uti</span> <span class='ocrx_word' id='word_1_56' title='bbox 740 763 855 832; x_wconf 86' lang='lat' dir='ltr'>Christi,</span> <span class='ocrx_word' id='word_1_57' title='bbox 885 760 933 834; x_wconf 93' lang='lat' dir='ltr'>qui</span> <span class='ocrx_word' id='word_1_58' title='bbox 963 765 1125 833; x_wconf 84' lang='lat' dir='ltr'>cognoscit</span> <span class='ocrx_word' id='word_1_59' title='bbox 1156 759 1342 817; x_wconf 82' lang='lat' dir='ltr'>humilitatem</span> 
     </span>
     <span class='ocr_line' id='line_1_7' title="bbox 99 833 1343 910; baseline -0.004 -18"><span class='ocrx_word' id='word_1_60' title='bbox 99 837 174 892; x_wconf 89' lang='lat' dir='ltr'>hanc</span> <span class='ocrx_word' id='word_1_61' title='bbox 187 836 430 907; x_wconf 84' lang='lat' dir='ltr'>magisretuudat,</span> <span class='ocrx_word' id='word_1_62' title='bbox 461 837 576 910; x_wconf 89' lang='lat' dir='ltr'>ropouit</span> <span class='ocrx_word' id='word_1_63' title='bbox 586 843 687 895; x_wconf 89' lang='lat' dir='ltr'>eontra</span> <span class='ocrx_word' id='word_1_64' title='bbox 708 844 711 885; x_wconf 82' lang='lat' dir='ltr'>t</span> <span class='ocrx_word' id='word_1_65' title='bbox 741 834 863 894; x_wconf 87' lang='lat' dir='ltr'>Christi:</span> <span class='ocrx_word' id='word_1_66' title='bbox 879 854 893 887; x_wconf 81' lang='lat' dir='ltr'>u</span> <span class='ocrx_word' id='word_1_67' title='bbox 905 833 967 890; x_wconf 84' lang='lat' dir='ltr'>haec</span> <span class='ocrx_word' id='word_1_68' title='bbox 976 834 1180 901; x_wconf 78' lang='lat' dir='ltr'>Aupusfiuus.</span> <span class='ocrx_word' id='word_1_69' title='bbox 1194 833 1343 900; x_wconf 72' lang='lat' dir='ltr'>otricum</span> 
     </span>
     <span class='ocr_line' id='line_1_8' title="bbox 99 854 1343 988; baseline -0.004 -24"><span class='ocrx_word' id='word_1_70' title='bbox 99 923 162 964; x_wconf 88' lang='lat' dir='ltr'>eam</span> <span class='ocrx_word' id='word_1_71' title='bbox 193 907 408 965; x_wconf 88' lang='lat' dir='ltr'>similitudinem</span> <span class='ocrx_word' id='word_1_72' title='bbox 440 854 614 966; x_wconf 41' lang='lat' dir='ltr'>zumilitatis</span> <span class='ocrx_word' id='word_1_73' title='bbox 651 888 711 966; x_wconf 67' lang='lat' dir='ltr'>de!</span> <span class='ocrx_word' id='word_1_74' title='bbox 741 903 1343 988; x_wconf 70' lang='lat' dir='ltr'>ineutperostium.idestperfldemclui-</span> 
     </span>
     <span class='ocr_line' id='line_1_9' title="bbox 100 976 1340 1054; baseline -0.003 -19"><span class='ocrx_word' id='word_1_75' title='bbox 100 977 168 1035; x_wconf 89' lang='lat' dir='ltr'>ovili</span> <span class='ocrx_word' id='word_1_76' title='bbox 181 984 210 1035; x_wconf 91' lang='lat' dir='ltr'>et</span> <span class='ocrx_word' id='word_1_77' title='bbox 223 978 293 1036; x_wconf 88' lang='lat' dir='ltr'>ostio</span> <span class='ocrx_word' id='word_1_78' title='bbox 306 981 379 1052; x_wconf 82' lang='lat' dir='ltr'>ejus,</span> <span class='ocrx_word' id='word_1_79' title='bbox 397 997 516 1052; x_wconf 91' lang='lat' dir='ltr'>quorum</span> <span class='ocrx_word' id='word_1_80' title='bbox 533 987 686 1054; x_wconf 89' lang='lat' dir='ltr'>utrumque</span> <span class='ocrx_word' id='word_1_81' title='bbox 741 978 788 1047; x_wconf 90' lang='lat' dir='ltr'>sti,</span> <span class='ocrx_word' id='word_1_82' title='bbox 804 983 832 1034; x_wconf 91' lang='lat' dir='ltr'>et</span> <span class='ocrx_word' id='word_1_83' title='bbox 849 976 1054 1045; x_wconf 83' lang='lat' dir='ltr'>humilitatem,</span> <span class='ocrx_word' id='word_1_84' title='bbox 1072 981 1106 1032; x_wconf 88' lang='lat' dir='ltr'>et</span> <span class='ocrx_word' id='word_1_85' title='bbox 1119 976 1200 1033; x_wconf 83' lang='lat' dir='ltr'>alias</span> <span class='ocrx_word' id='word_1_86' title='bbox 1216 992 1277 1048; x_wconf 71' lang='lat' dir='ltr'>epus</span> <span class='ocrx_word' id='word_1_87' title='bbox 1291 992 1340 1031; x_wconf 87' lang='lat' dir='ltr'>ur·</span> 
     </span>
     <span class='ocr_line' id='line_1_10' title="bbox 100 1048 1338 1123; baseline -0.002 -17"><span class='ocrx_word' id='word_1_88' title='bbox 100 1057 145 1107; x_wconf 88' lang='lat' dir='ltr'>est</span> <span class='ocrx_word' id='word_1_89' title='bbox 158 1050 276 1123; x_wconf 77' lang='lat' dir='ltr'>humile,</span> <span class='ocrx_word' id='word_1_90' title='bbox 294 1068 346 1108; x_wconf 87' lang='lat' dir='ltr'>nee</span> <span class='ocrx_word' id='word_1_91' title='bbox 369 1052 504 1122; x_wconf 80' lang='lat' dir='ltr'>admittit,</span> <span class='ocrx_word' id='word_1_92' title='bbox 520 1053 573 1108; x_wconf 88' lang='lat' dir='ltr'>nisi</span> <span class='ocrx_word' id='word_1_93' title='bbox 594 1052 687 1109; x_wconf 90' lang='lat' dir='ltr'>humi·</span> <span class='ocrx_word' id='word_1_94' title='bbox 741 1055 826 1121; x_wconf 91' lang='lat' dir='ltr'>tutes,</span> <span class='ocrx_word' id='word_1_95' title='bbox 844 1052 874 1106; x_wconf 78' lang='lat' dir='ltr'>tu</span> <span class='ocrx_word' id='word_1_96' title='bbox 895 1051 966 1106; x_wconf 83' lang='lat' dir='ltr'>oeile</span> <span class='ocrx_word' id='word_1_97' title='bbox 980 1052 1087 1117; x_wconf 79' lang='lat' dir='ltr'>ovium,</span> <span class='ocrx_word' id='word_1_98' title='bbox 1106 1049 1148 1105; x_wconf 95' lang='lat' dir='ltr'>ad</span> <span class='ocrx_word' id='word_1_99' title='bbox 1166 1048 1338 1120; x_wconf 86' lang='lat' dir='ltr'>pascendum</span> 
     </span>
     <span class='ocr_line' id='line_1_11' title="bbox 101 1120 1337 1193; baseline -0.003 -15"><span class='ocrx_word' id='word_1_100' title='bbox 101 1120 205 1179; x_wconf 90' lang='lat' dir='ltr'>liantes</span> <span class='ocrx_word' id='word_1_101' title='bbox 218 1139 258 1180; x_wconf 89' lang='lat' dir='ltr'>se.</span> <span class='ocrx_word' id='word_1_102' title='bbox 274 1126 313 1181; x_wconf 80' lang='lat' dir='ltr'>Ac</span> <span class='ocrx_word' id='word_1_103' title='bbox 328 1123 351 1181; x_wconf 94' lang='lat' dir='ltr'>si</span> <span class='ocrx_word' id='word_1_104' title='bbox 368 1124 409 1182; x_wconf 89' lang='lat' dir='ltr'>eis</span> <span class='ocrx_word' id='word_1_105' title='bbox 423 1125 532 1182; x_wconf 89' lang='lat' dir='ltr'>diceret</span> <span class='ocrx_word' id='word_1_106' title='bbox 545 1143 552 1181; x_wconf 92' lang='lat'>:</span> <span class='ocrx_word' id='word_1_107' title='bbox 564 1124 592 1182; x_wconf 91' lang='lat' dir='ltr'>Si</span> <span class='ocrx_word' id='word_1_108' title='bbox 602 1123 687 1181; x_wconf 87' lang='lat' dir='ltr'>vultis</span> <span class='ocrx_word' id='word_1_109' title='bbox 742 1137 802 1190; x_wconf 87' lang='lat' dir='ltr'>eas,</span> <span class='ocrx_word' id='word_1_110' title='bbox 816 1127 913 1193; x_wconf 85' lang='lat' dir='ltr'>pastor</span> <span class='ocrx_word' id='word_1_111' title='bbox 927 1125 967 1177; x_wconf 85' lang='lat' dir='ltr'>est</span> <span class='ocrx_word' id='word_1_112' title='bbox 985 1123 1093 1188; x_wconf 83' lang='lat' dir='ltr'>ovium,</span> <span class='ocrx_word' id='word_1_113' title='bbox 1112 1120 1283 1177; x_wconf 88' lang='lat' dir='ltr'>secundum</span> <span class='ocrx_word' id='word_1_114' title='bbox 1299 1135 1337 1174; x_wconf 89' lang='lat' dir='ltr'>re·</span> 
     </span>
     <span class='ocr_line' id='line_1_12' title="bbox 100 1190 1338 1331; baseline -0.002 -81"><span class='ocrx_word' id='word_1_115' title='bbox 100 1193 211 1252; x_wconf 90' lang='lat' dir='ltr'>intrare</span> <span class='ocrx_word' id='word_1_116' title='bbox 225 1211 277 1279; x_wconf 89' lang='lat' dir='ltr'>per</span> <span class='ocrx_word' id='word_1_117' title='bbox 293 1196 400 1254; x_wconf 89' lang='lat' dir='ltr'>humile</span> <span class='ocrx_word' id='word_1_118' title='bbox 415 1197 518 1254; x_wconf 92' lang='lat' dir='ltr'>ostium</span> <span class='ocrx_word' id='word_1_119' title='bbox 536 1196 564 1253; x_wconf 91' lang='lat' dir='ltr'>iu</span> <span class='ocrx_word' id='word_1_120' title='bbox 580 1194 713 1331; x_wconf 71' lang='lat' dir='ltr'>humile&#39;</span> <span class='ocrx_word' id='word_1_121' title='bbox 742 1196 866 1249; x_wconf 90' lang='lat' dir='ltr'>ritatem.</span> <span class='ocrx_word' id='word_1_122' title='bbox 883 1194 944 1249; x_wconf 88' lang='lat' dir='ltr'>Non</span> <span class='ocrx_word' id='word_1_123' title='bbox 971 1190 1064 1248; x_wconf 91' lang='lat' dir='ltr'>omnis</span> <span class='ocrx_word' id='word_1_124' title='bbox 1094 1195 1148 1275; x_wconf 85' lang='lat' dir='ltr'>qui</span> <span class='ocrx_word' id='word_1_125' title='bbox 1177 1191 1270 1248; x_wconf 87' lang='lat' dir='ltr'>intrat</span> <span class='ocrx_word' id='word_1_126' title='bbox 1296 1206 1338 1272; x_wconf 89' lang='lat' dir='ltr'>per</span> 
     </span>
     <span class='ocr_line' id='line_1_13' title="bbox 102 1265 1337 1345; baseline -0.005 -22"><span class='ocrx_word' id='word_1_127' title='bbox 102 1266 176 1324; x_wconf 89' lang='lat' dir='ltr'>ovile</span> <span class='ocrx_word' id='word_1_128' title='bbox 189 1267 686 1341; x_wconf 80' lang='lat' dir='ltr'>ovium‚oportetutvoshumilietis,</span> <span class='ocrx_word' id='word_1_129' title='bbox 743 1265 846 1322; x_wconf 87' lang='lat' dir='ltr'>ostium</span> <span class='ocrx_word' id='word_1_130' title='bbox 865 1274 963 1337; x_wconf 93' lang='lat' dir='ltr'>pastor</span> <span class='ocrx_word' id='word_1_131' title='bbox 981 1268 1035 1331; x_wconf 89' lang='lat' dir='ltr'>est,</span> <span class='ocrx_word' id='word_1_132' title='bbox 1051 1279 1124 1335; x_wconf 83' lang='lat' dir='ltr'>quia</span> <span class='ocrx_word' id='word_1_133' title='bbox 1149 1268 1181 1321; x_wconf 88' lang='lat' dir='ltr'>et</span> <span class='ocrx_word' id='word_1_134' title='bbox 1207 1280 1278 1345; x_wconf 75' lang='lat' dir='ltr'>oves</span> <span class='ocrx_word' id='word_1_135' title='bbox 1299 1279 1337 1344; x_wconf 81' lang='lat' dir='ltr'>ru·</span> 
     </span>
     <span class='ocr_line' id='line_1_14' title="bbox 102 1335 1336 1404; baseline -0.003 -11"><span class='ocrx_word' id='word_1_136' title='bbox 102 1354 156 1394; x_wconf 91' lang='lat' dir='ltr'>nec</span> <span class='ocrx_word' id='word_1_137' title='bbox 178 1343 236 1395; x_wconf 88' lang='lat' dir='ltr'>tam</span> <span class='ocrx_word' id='word_1_138' title='bbox 259 1340 317 1397; x_wconf 82' lang='lat' dir='ltr'>alta</span> <span class='ocrx_word' id='word_1_139' title='bbox 338 1342 373 1397; x_wconf 90' lang='lat' dir='ltr'>de</span> <span class='ocrx_word' id='word_1_140' title='bbox 398 1339 478 1397; x_wconf 89' lang='lat' dir='ltr'>vobis</span> <span class='ocrx_word' id='word_1_141' title='bbox 500 1339 639 1396; x_wconf 90' lang='lat' dir='ltr'>sentiatis.</span> <span class='ocrx_word' id='word_1_142' title='bbox 655 1341 689 1395; x_wconf 78' lang='lat' dir='ltr'>st</span> <span class='ocrx_word' id='word_1_143' title='bbox 742 1342 839 1404; x_wconf 89' lang='lat' dir='ltr'>traut;</span> <span class='ocrx_word' id='word_1_144' title='bbox 855 1340 1048 1392; x_wconf 74' lang='lat' dir='ltr'><strong>verumtamen</strong></span> <span class='ocrx_word' id='word_1_145' title='bbox 1074 1335 1181 1392; x_wconf 88' lang='lat' dir='ltr'>unitas</span> <span class='ocrx_word' id='word_1_146' title='bbox 1203 1350 1336 1392; x_wconf 80' lang='lat' dir='ltr'>universi-</span> 
     </span>
     <span class='ocr_line' id='line_1_15' title="bbox 100 1407 1335 1488; baseline -0.004 -22"><span class='ocrx_word' id='word_1_147' title='bbox 100 1425 158 1466; x_wconf 91' lang='lat' dir='ltr'>non</span> <span class='ocrx_word' id='word_1_148' title='bbox 173 1416 284 1466; x_wconf 90' lang='lat' dir='ltr'>tantum</span> <span class='ocrx_word' id='word_1_149' title='bbox 302 1411 411 1468; x_wconf 81' lang='lat' dir='ltr'>inducit</span> <span class='ocrx_word' id='word_1_150' title='bbox 431 1413 505 1467; x_wconf 90' lang='lat' dir='ltr'>hauc</span> <span class='ocrx_word' id='word_1_151' title='bbox 525 1409 687 1467; x_wconf 71' lang='lat' dir='ltr'>similitudi·</span> <span class='ocrx_word' id='word_1_152' title='bbox 743 1411 808 1464; x_wconf 87' lang='lat' dir='ltr'>tatis</span> <span class='ocrx_word' id='word_1_153' title='bbox 825 1407 956 1464; x_wconf 73' lang='lat' dir='ltr'>Ecclesiae</span> <span class='ocrx_word' id='word_1_154' title='bbox 975 1407 1063 1464; x_wconf 87' lang='lat' dir='ltr'>verbo</span> <span class='ocrx_word' id='word_1_155' title='bbox 1082 1413 1113 1463; x_wconf 90' lang='lat' dir='ltr'>et</span> <span class='ocrx_word' id='word_1_156' title='bbox 1133 1407 1272 1479; x_wconf 82' lang='lat' dir='ltr'>exemplo</span> <span class='ocrx_word' id='word_1_157' title='bbox 1293 1421 1335 1488; x_wconf 68' lang='lat' dir='ltr'>pa·</span> 
     </span>
     <span class='ocr_line' id='line_1_16' title="bbox 104 1477 1335 1551; baseline -0.002 -15"><span class='ocrx_word' id='word_1_158' title='bbox 104 1496 170 1537; x_wconf 91' lang='lat' dir='ltr'>nem</span> <span class='ocrx_word' id='word_1_159' title='bbox 199 1483 233 1537; x_wconf 88' lang='lat' dir='ltr'>ad</span> <span class='ocrx_word' id='word_1_160' title='bbox 260 1482 427 1539; x_wconf 86' lang='lat' dir='ltr'>humilitatis</span> <span class='ocrx_word' id='word_1_161' title='bbox 446 1482 686 1550; x_wconf 90' lang='lat' dir='ltr'>insinuationem;</span> <span class='ocrx_word' id='word_1_162' title='bbox 711 1477 713 1507; x_wconf 84' lang='lat'><strong>¹</strong></span> <span class='ocrx_word' id='word_1_163' title='bbox 744 1479 797 1537; x_wconf 89' lang='lat' dir='ltr'>scit</span> <span class='ocrx_word' id='word_1_164' title='bbox 820 1478 956 1551; x_wconf 80' lang='lat' dir='ltr'>quotidie.</span> <span class='ocrx_word' id='word_1_165' title='bbox 977 1482 1059 1546; x_wconf 83' lang='lat' dir='ltr'>Huic,</span> <span class='ocrx_word' id='word_1_166' title='bbox 1080 1478 1200 1535; x_wconf 88' lang='lat' dir='ltr'>scilicet</span> <span class='ocrx_word' id='word_1_167' title='bbox 1223 1485 1335 1551; x_wconf 76' lang='lat' dir='ltr'>pastori,</span> 
     </span>
     <span class='ocr_line' id='line_1_17' title="bbox 99 1512 1335 1633; baseline -0.001 -28"><span class='ocrx_word' id='word_1_168' title='bbox 99 1550 298 1631; x_wconf 75' lang='lat' dir='ltr'>verumetiam,</span> <span class='ocrx_word' id='word_1_169' title='bbox 323 1559 353 1609; x_wconf 92' lang='lat' dir='ltr'>ut</span> <span class='ocrx_word' id='word_1_170' title='bbox 376 1554 508 1610; x_wconf 90' lang='lat' dir='ltr'>ostendat</span> <span class='ocrx_word' id='word_1_171' title='bbox 536 1570 588 1624; x_wconf 93' lang='lat' dir='ltr'>per</span> <span class='ocrx_word' id='word_1_172' title='bbox 611 1553 687 1625; x_wconf 92' lang='lat' dir='ltr'>quod</span> <span class='ocrx_word' id='word_1_173' title='bbox 711 1512 714 1633; x_wconf 63' lang='grc' dir='ltr'>Ι</span> <span class='ocrx_word' id='word_1_174' title='bbox 744 1555 877 1609; x_wconf 84' lang='lat' dir='ltr'>ostiarius</span> <span class='ocrx_word' id='word_1_175' title='bbox 895 1549 1019 1632; x_wconf 66' lang='lat' dir='ltr'>§pirilus</span> <span class='ocrx_word' id='word_1_176' title='bbox 1039 1551 1163 1632; x_wconf 81' lang='lat' dir='ltr'>Sanctus</span> <span class='ocrx_word' id='word_1_177' title='bbox 1186 1549 1335 1607; x_wconf 84' lang='lat' dir='ltr'>revelando</span> 
     </span>
     <span class='ocr_line' id='line_1_18' title="bbox 101 1621 1335 1695; baseline 0 -18"><span class='ocrx_word' id='word_1_178' title='bbox 101 1629 207 1678; x_wconf 86' lang='lat' dir='ltr'>ostrum</span> <span class='ocrx_word' id='word_1_179' title='bbox 221 1623 250 1676; x_wconf 86' lang='lat' dir='ltr'>in</span> <span class='ocrx_word' id='word_1_180' title='bbox 264 1623 337 1679; x_wconf 86' lang='lat' dir='ltr'>ovile</span> <span class='ocrx_word' id='word_1_181' title='bbox 351 1623 444 1680; x_wconf 86' lang='lat' dir='ltr'>orium</span> <span class='ocrx_word' id='word_1_182' title='bbox 458 1623 494 1679; x_wconf 90' lang='lat' dir='ltr'>sit</span> <span class='ocrx_word' id='word_1_183' title='bbox 506 1624 688 1693; x_wconf 89' lang='lat' dir='ltr'>intrandum;</span> <span class='ocrx_word' id='word_1_184' title='bbox 711 1640 714 1667; x_wconf 76' lang='lat'><strong>¹</strong></span> <span class='ocrx_word' id='word_1_185' title='bbox 744 1627 836 1695; x_wconf 80' lang='lat' dir='ltr'>operit</span> <span class='ocrx_word' id='word_1_186' title='bbox 849 1629 952 1692; x_wconf 75' lang='lat' dir='ltr'>ostrum</span> <span class='ocrx_word' id='word_1_187' title='bbox 967 1621 1095 1678; x_wconf 82' lang='lat' dir='ltr'>veritatis</span> <span class='ocrx_word' id='word_1_188' title='bbox 1110 1624 1148 1679; x_wconf 90' lang='lat' dir='ltr'>ad</span> <span class='ocrx_word' id='word_1_189' title='bbox 1165 1627 1249 1679; x_wconf 89' lang='lat' dir='ltr'>recte</span> <span class='ocrx_word' id='word_1_190' title='bbox 1263 1622 1335 1679; x_wconf 81' lang='lat' dir='ltr'>intel</span> 
     </span>
     <span class='ocr_line' id='line_1_19' title="bbox 103 1686 1334 1766; baseline 0.002 -18"><span class='ocrx_word' id='word_1_191' title='bbox 103 1699 131 1748; x_wconf 92' lang='lat' dir='ltr'>et</span> <span class='ocrx_word' id='word_1_192' title='bbox 144 1692 313 1764; x_wconf 73' lang='lat' dir='ltr'>exprimitur</span> <span class='ocrx_word' id='word_1_193' title='bbox 328 1693 356 1750; x_wconf 93' lang='lat' dir='ltr'>in</span> <span class='ocrx_word' id='word_1_194' title='bbox 371 1712 405 1751; x_wconf 88' lang='lat' dir='ltr'>ea</span> <span class='ocrx_word' id='word_1_195' title='bbox 419 1695 552 1752; x_wconf 88' lang='lat' dir='ltr'>distincta</span> <span class='ocrx_word' id='word_1_196' title='bbox 563 1694 688 1752; x_wconf 89' lang='lat' dir='ltr'>conditio</span> <span class='ocrx_word' id='word_1_197' title='bbox 711 1686 714 1745; x_wconf 80' lang='lat' dir='ltr'>l</span> <span class='ocrx_word' id='word_1_198' title='bbox 745 1695 901 1766; x_wconf 88' lang='lat' dir='ltr'>ligendum,</span> <span class='ocrx_word' id='word_1_199' title='bbox 921 1699 950 1750; x_wconf 90' lang='lat' dir='ltr'>et</span> <span class='ocrx_word' id='word_1_200' title='bbox 968 1692 1088 1766; x_wconf 76' lang='lat' dir='ltr'>justitia</span> <span class='ocrx_word' id='word_1_201' title='bbox 1114 1694 1152 1751; x_wconf 92' lang='lat' dir='ltr'>ad</span> <span class='ocrx_word' id='word_1_202' title='bbox 1173 1694 1253 1751; x_wconf 88' lang='lat' dir='ltr'>bene</span> <span class='ocrx_word' id='word_1_203' title='bbox 1274 1709 1334 1766; x_wconf 86' lang='lat' dir='ltr'>ope·</span> 
     </span>
     <span class='ocr_line' id='line_1_20' title="bbox 104 1748 1335 1846; baseline 0.001 -27"><span class='ocrx_word' id='word_1_204' title='bbox 104 1763 176 1820; x_wconf 91' lang='lat' dir='ltr'>furis</span> <span class='ocrx_word' id='word_1_205' title='bbox 199 1770 227 1821; x_wconf 91' lang='lat' dir='ltr'>et</span> <span class='ocrx_word' id='word_1_206' title='bbox 248 1766 371 1837; x_wconf 89' lang='lat' dir='ltr'>pastoris</span> <span class='ocrx_word' id='word_1_207' title='bbox 391 1766 496 1827; x_wconf 91' lang='lat' dir='ltr'>ovium.</span> <span class='ocrx_word' id='word_1_208' title='bbox 513 1773 629 1840; x_wconf 90' lang='lat' dir='ltr'>propter</span> <span class='ocrx_word' id='word_1_209' title='bbox 646 1767 688 1824; x_wconf 91' lang='lat' dir='ltr'>di·</span> <span class='ocrx_word' id='word_1_210' title='bbox 712 1748 715 1845; x_wconf 56' lang='lat' dir='ltr'>l</span> <span class='ocrx_word' id='word_1_211' title='bbox 745 1767 880 1835; x_wconf 79' lang='lat' dir='ltr'>randum,</span> <span class='ocrx_word' id='word_1_212' title='bbox 901 1770 931 1823; x_wconf 93' lang='lat' dir='ltr'>ut</span> <span class='ocrx_word' id='word_1_213' title='bbox 952 1781 1018 1846; x_wconf 81' lang='lat' dir='ltr'>oves</span> <span class='ocrx_word' id='word_1_214' title='bbox 1041 1781 1161 1837; x_wconf 90' lang='lat' dir='ltr'>pascere</span> <span class='ocrx_word' id='word_1_215' title='bbox 1190 1766 1335 1838; x_wconf 62' lang='lat' dir='ltr'>possim</span> 
     </span>
     <span class='ocr_line' id='line_1_21' title="bbox 102 1835 1335 1921; baseline 0.002 -30"><span class='ocrx_word' id='word_1_216' title='bbox 102 1851 214 1893; x_wconf 79' lang='lat' dir='ltr'>vorsum</span> <span class='ocrx_word' id='word_1_217' title='bbox 228 1836 352 1921; x_wconf 68' lang='lat' dir='ltr'>ipsorum</span> <span class='ocrx_word' id='word_1_218' title='bbox 365 1839 523 1913; x_wconf 71' lang='lat' dir='ltr'>ingressum</span> <span class='ocrx_word' id='word_1_219' title='bbox 533 1848 618 1912; x_wconf 90' lang='lat' dir='ltr'>atque</span> <span class='ocrx_word' id='word_1_220' title='bbox 628 1839 690 1896; x_wconf 88' lang='lat' dir='ltr'>offl-</span> <span class='ocrx_word' id='word_1_221' title='bbox 712 1860 715 1888; x_wconf 80' lang='grc' dir='ltr'>ι</span> <span class='ocrx_word' id='word_1_222' title='bbox 745 1855 807 1896; x_wconf 80' lang='lat' dir='ltr'>oceo</span> <span class='ocrx_word' id='word_1_223' title='bbox 832 1853 922 1893; x_wconf 85' lang='lat' dir='ltr'>vocem</span> <span class='ocrx_word' id='word_1_224' title='bbox 944 1852 1006 1906; x_wconf 68' lang='lat' dir='ltr'>epus</span> <span class='ocrx_word' id='word_1_225' title='bbox 1024 1838 1157 1905; x_wconf 72' lang='lat' dir='ltr'>audirent,</span> <span class='ocrx_word' id='word_1_226' title='bbox 1173 1835 1206 1893; x_wconf 93' lang='lat' dir='ltr'>id</span> <span class='ocrx_word' id='word_1_227' title='bbox 1232 1843 1274 1894; x_wconf 88' lang='lat' dir='ltr'>est</span> <span class='ocrx_word' id='word_1_228' title='bbox 1291 1837 1335 1893; x_wconf 82' lang='lat' dir='ltr'>do</span> 
     </span>
     <span class='ocr_line' id='line_1_22' title="bbox 104 1907 1336 1982; baseline -0.002 -17"><span class='ocrx_word' id='word_1_229' title='bbox 104 1909 189 1965; x_wconf 89' lang='lat' dir='ltr'>cium.</span> <span class='ocrx_word' id='word_1_230' title='bbox 212 1909 285 1965; x_wconf 83' lang='lat' dir='ltr'>Dicit</span> <span class='ocrx_word' id='word_1_231' title='bbox 305 1926 396 1982; x_wconf 90' lang='lat' dir='ltr'>ergo:</span> <span class='ocrx_word' id='word_1_232' title='bbox 414 1913 512 1975; x_wconf 74' lang='lat' dir='ltr'>Amen,</span> <span class='ocrx_word' id='word_1_233' title='bbox 530 1929 608 1968; x_wconf 82' lang='lat' dir='ltr'>omen</span> <span class='ocrx_word' id='word_1_234' title='bbox 630 1913 690 1967; x_wconf 85' lang='lat' dir='ltr'>dico</span> <span class='ocrx_word' id='word_1_235' title='bbox 713 1908 715 1935; x_wconf 82' lang='lat'>&#39;</span> <span class='ocrx_word' id='word_1_236' title='bbox 746 1909 866 1967; x_wconf 88' lang='lat' dir='ltr'>ctriuam</span> <span class='ocrx_word' id='word_1_237' title='bbox 882 1907 1038 1980; x_wconf 90' lang='lat' dir='ltr'>recipiunt;</span> <span class='ocrx_word' id='word_1_238' title='bbox 1053 1913 1078 1964; x_wconf 90' lang='lat' dir='ltr'>et</span> <span class='ocrx_word' id='word_1_239' title='bbox 1090 1914 1171 1965; x_wconf 84' lang='lat' dir='ltr'>vocat</span> <span class='ocrx_word' id='word_1_240' title='bbox 1186 1925 1239 1964; x_wconf 81' lang='lat' dir='ltr'>eas</span> <span class='ocrx_word' id='word_1_241' title='bbox 1251 1912 1336 1965; x_wconf 84' lang='lat' dir='ltr'>nomi·</span> 
     </span>
     <span class='ocr_line' id='line_1_23' title="bbox 70 1979 1336 2055; baseline -0.003 -16"><span class='ocrx_word' id='word_1_242' title='bbox 70 2030 75 2039; x_wconf 86' lang='lat'><strong>.</strong></span> <span class='ocrx_word' id='word_1_243' title='bbox 105 1981 184 2036; x_wconf 79' lang='lat' dir='ltr'>vodis</span> <span class='ocrx_word' id='word_1_244' title='bbox 199 2001 208 2037; x_wconf 76' lang='lat' dir='ltr'>r</span> <span class='ocrx_word' id='word_1_245' title='bbox 224 1983 277 2050; x_wconf 81' lang='lat' dir='ltr'>oui</span> <span class='ocrx_word' id='word_1_246' title='bbox 299 1999 353 2038; x_wconf 83' lang='lat' dir='ltr'>uon</span> <span class='ocrx_word' id='word_1_247' title='bbox 378 1987 642 2055; x_wconf 79' lang='lat' dir='ltr'>latrotperostr&#39;um</span> <span class='ocrx_word' id='word_1_248' title='bbox 660 1987 691 2038; x_wconf 83' lang='lat' dir='ltr'>ia</span> <span class='ocrx_word' id='word_1_249' title='bbox 745 1986 845 2048; x_wconf 64' lang='lat' dir='ltr'>notem,</span> <span class='ocrx_word' id='word_1_250' title='bbox 871 1979 1126 2037; x_wconf 84' lang='lat' dir='ltr'>condescendendo</span> <span class='ocrx_word' id='word_1_251' title='bbox 1158 1980 1336 2038; x_wconf 76' lang='lat' dir='ltr'>familiariter</span> 
     </span>
     <span class='ocr_line' id='line_1_24' title="bbox 104 2051 1336 2123; baseline -0.001 -16"><span class='ocrx_word' id='word_1_252' title='bbox 104 2053 175 2108; x_wconf 83' lang='lat' dir='ltr'>erile</span> <span class='ocrx_word' id='word_1_253' title='bbox 188 2057 280 2109; x_wconf 82' lang='lat' dir='ltr'>orium</span> <span class='ocrx_word' id='word_1_254' title='bbox 295 2055 343 2109; x_wconf 87' lang='lat' dir='ltr'>sed</span> <span class='ocrx_word' id='word_1_255' title='bbox 357 2056 480 2111; x_wconf 84' lang='lat' dir='ltr'>escendit</span> <span class='ocrx_word' id='word_1_256' title='bbox 499 2057 623 2123; x_wconf 82' lang='lat' dir='ltr'>aliunde,</span> <span class='ocrx_word' id='word_1_257' title='bbox 643 2057 692 2110; x_wconf 85' lang='lat' dir='ltr'>ille</span> <span class='ocrx_word' id='word_1_258' title='bbox 747 2051 867 2110; x_wconf 89' lang='lat' dir='ltr'>subditis</span> <span class='ocrx_word' id='word_1_259' title='bbox 886 2051 1015 2123; x_wconf 81' lang='lat' dir='ltr'>siugulis,</span> <span class='ocrx_word' id='word_1_260' title='bbox 1032 2058 1063 2108; x_wconf 90' lang='lat' dir='ltr'>ut</span> <span class='ocrx_word' id='word_1_261' title='bbox 1082 2068 1115 2108; x_wconf 85' lang='lat' dir='ltr'>ex</span> <span class='ocrx_word' id='word_1_262' title='bbox 1142 2051 1336 2109; x_wconf 81' lang='lat' dir='ltr'>familiaritate</span> 
     </span>
     <span class='ocr_line' id='line_1_25' title="bbox 104 2123 1333 2197; baseline 0 -18"><span class='ocrx_word' id='word_1_263' title='bbox 104 2124 153 2191; x_wconf 73' lang='lat' dir='ltr'>fur</span> <span class='ocrx_word' id='word_1_264' title='bbox 168 2131 208 2180; x_wconf 86' lang='lat' dir='ltr'>est</span> <span class='ocrx_word' id='word_1_265' title='bbox 223 2131 248 2181; x_wconf 87' lang='lat' dir='ltr'>et</span> <span class='ocrx_word' id='word_1_266' title='bbox 263 2128 354 2191; x_wconf 85' lang='lat' dir='ltr'>tatro;</span> <span class='ocrx_word' id='word_1_267' title='bbox 372 2143 429 2184; x_wconf 90' lang='lat' dir='ltr'>non</span> <span class='ocrx_word' id='word_1_268' title='bbox 444 2126 521 2183; x_wconf 89' lang='lat' dir='ltr'>enim</span> <span class='ocrx_word' id='word_1_269' title='bbox 539 2126 615 2183; x_wconf 89' lang='lat' dir='ltr'>veuit</span> <span class='ocrx_word' id='word_1_270' title='bbox 629 2142 692 2197; x_wconf 91' lang='lat' dir='ltr'>pro·</span> <span class='ocrx_word' id='word_1_271' title='bbox 714 2139 717 2169; x_wconf 66' lang='grc' dir='ltr'>Ι</span> <span class='ocrx_word' id='word_1_272' title='bbox 747 2123 899 2195; x_wconf 89' lang='lat' dir='ltr'>uuicuique</span> <span class='ocrx_word' id='word_1_273' title='bbox 914 2124 962 2180; x_wconf 91' lang='lat' dir='ltr'>det</span> <span class='ocrx_word' id='word_1_274' title='bbox 975 2139 1076 2180; x_wconf 89' lang='lat' dir='ltr'>ausum</span> <span class='ocrx_word' id='word_1_275' title='bbox 1090 2123 1232 2181; x_wconf 88' lang='lat' dir='ltr'>veniendi</span> <span class='ocrx_word' id='word_1_276' title='bbox 1248 2124 1285 2182; x_wconf 85' lang='lat' dir='ltr'>ad</span> <span class='ocrx_word' id='word_1_277' title='bbox 1299 2139 1333 2190; x_wconf 80' lang='lat' dir='ltr'>se,</span> 
     </span>
     <span class='ocr_line' id='line_1_26' title="bbox 104 2195 1337 2278; baseline 0.001 -28"><span class='ocrx_word' id='word_1_278' title='bbox 104 2200 168 2277; x_wconf 90' lang='lat' dir='ltr'>pter</span> <span class='ocrx_word' id='word_1_279' title='bbox 187 2196 305 2267; x_wconf 86' lang='lat' dir='ltr'>bonum,</span> <span class='ocrx_word' id='word_1_280' title='bbox 326 2197 389 2254; x_wconf 93' lang='lat' dir='ltr'>ideo</span> <span class='ocrx_word' id='word_1_281' title='bbox 409 2198 513 2269; x_wconf 77' lang='lat' dir='ltr'>querit</span> <span class='ocrx_word' id='word_1_282' title='bbox 534 2197 691 2254; x_wconf 90' lang='lat' dir='ltr'>indebitum</span> <span class='ocrx_word' id='word_1_283' title='bbox 748 2197 876 2253; x_wconf 82' lang='lat' dir='ltr'>eteduct&#39;t</span> <span class='ocrx_word' id='word_1_284' title='bbox 891 2212 936 2251; x_wconf 86' lang='lat' dir='ltr'>eos</span> <span class='ocrx_word' id='word_1_285' title='bbox 950 2210 1001 2278; x_wconf 91' lang='lat' dir='ltr'>per</span> <span class='ocrx_word' id='word_1_286' title='bbox 1016 2195 1242 2252; x_wconf 84' lang='lat' dir='ltr'>instructionem</span> <span class='ocrx_word' id='word_1_287' title='bbox 1258 2196 1337 2253; x_wconf 79' lang='lat' dir='ltr'>dete</span> 
     </span>
     <span class='ocr_line' id='line_1_27' title="bbox 107 2266 1336 2339; baseline -0.001 -18"><span class='ocrx_word' id='word_1_288' title='bbox 107 2282 292 2336; x_wconf 66' lang='lat' dir='ltr'>ingressum</span> <span class='ocrx_word' id='word_1_289' title='bbox 324 2272 373 2339; x_wconf 83' lang='lat' dir='ltr'>qui</span> <span class='ocrx_word' id='word_1_290' title='bbox 405 2276 496 2325; x_wconf 83' lang='lat' dir='ltr'>autem</span> <span class='ocrx_word' id='word_1_291' title='bbox 524 2273 612 2325; x_wconf 82' lang='lat' dir='ltr'>intret</span> <span class='ocrx_word' id='word_1_292' title='bbox 643 2285 692 2339; x_wconf 87' lang='lat' dir='ltr'>per</span> <span class='ocrx_word' id='word_1_293' title='bbox 748 2266 844 2324; x_wconf 86' lang='lat' dir='ltr'>nebris</span> <span class='ocrx_word' id='word_1_294' title='bbox 867 2283 973 2323; x_wconf 84' lang='lat' dir='ltr'>erroris</span> <span class='ocrx_word' id='word_1_295' title='bbox 990 2268 1019 2322; x_wconf 91' lang='lat' dir='ltr'>in</span> <span class='ocrx_word' id='word_1_296' title='bbox 1042 2267 1336 2337; x_wconf 86' lang='lat' dir='ltr'>lumenveritatis,et</span> 
     </span>
    </p>
   </div>
   <div class='ocr_carea' id='block_1_3' title="bbox 105 2338 696 4414">
    <p class='ocr_par' dir='ltr' id='par_1_3' title="bbox 105 2338 696 4414">
     <span class='ocr_line' id='line_1_28' title="bbox 105 2338 692 2410; baseline 0.005 -17"><span class='ocrx_word' id='word_1_297' title='bbox 105 2340 215 2405; x_wconf 83' lang='lat' dir='ltr'>ostium,</span> <span class='ocrx_word' id='word_1_298' title='bbox 230 2338 276 2394; x_wconf 88' lang='lat' dir='ltr'>ille</span> <span class='ocrx_word' id='word_1_299' title='bbox 288 2345 432 2410; x_wconf 84' lang='lat' dir='ltr'>pastorest</span> <span class='ocrx_word' id='word_1_300' title='bbox 444 2344 545 2409; x_wconf 86' lang='lat' dir='ltr'>ouium,</span> <span class='ocrx_word' id='word_1_301' title='bbox 562 2356 692 2410; x_wconf 75' lang='lat' dir='ltr'>querens</span> 
     </span>
     <span class='ocr_line' id='line_1_29' title="bbox 105 2408 690 2484; baseline 0.002 -18"><span class='ocrx_word' id='word_1_302' title='bbox 105 2408 210 2466; x_wconf 92' lang='lat' dir='ltr'>bonum</span> <span class='ocrx_word' id='word_1_303' title='bbox 226 2425 334 2466; x_wconf 91' lang='lat' dir='ltr'>earum.</span> <span class='ocrx_word' id='word_1_304' title='bbox 352 2413 423 2466; x_wconf 83' lang='lat' dir='ltr'>Huic</span> <span class='ocrx_word' id='word_1_305' title='bbox 438 2414 569 2467; x_wconf 60' lang='lat' dir='ltr'>actionus</span> <span class='ocrx_word' id='word_1_306' title='bbox 589 2415 690 2484; x_wconf 82' lang='lat' dir='ltr'>operit.</span> 
     </span>
     <span class='ocr_line' id='line_1_30' title="bbox 107 2479 693 2553; baseline 0.002 -16"><span class='ocrx_word' id='word_1_307' title='bbox 107 2479 241 2552; x_wconf 89' lang='lat' dir='ltr'>quiescit</span> <span class='ocrx_word' id='word_1_308' title='bbox 257 2497 322 2539; x_wconf 90' lang='lat' dir='ltr'>eum</span> <span class='ocrx_word' id='word_1_309' title='bbox 344 2481 443 2540; x_wconf 86' lang='lat' dir='ltr'>ovibus</span> <span class='ocrx_word' id='word_1_310' title='bbox 460 2484 648 2553; x_wconf 66' lang='lat' dir='ltr'>benevolum</span> <span class='ocrx_word' id='word_1_311' title='bbox 667 2487 693 2538; x_wconf 86' lang='lat' dir='ltr'>et</span> 
     </span>
     <span class='ocr_line' id='line_1_31' title="bbox 106 2555 692 2626; baseline 0.005 -17"><span class='ocrx_word' id='word_1_312' title='bbox 106 2569 167 2609; x_wconf 83' lang='lat' dir='ltr'>oues</span> <span class='ocrx_word' id='word_1_313' title='bbox 186 2570 275 2610; x_wconf 81' lang='lat' dir='ltr'>vocem</span> <span class='ocrx_word' id='word_1_314' title='bbox 292 2555 351 2624; x_wconf 81' lang='lat' dir='ltr'>ejut</span> <span class='ocrx_word' id='word_1_315' title='bbox 368 2556 497 2620; x_wconf 73' lang='lat' dir='ltr'>erudiunt.</span> <span class='ocrx_word' id='word_1_316' title='bbox 516 2555 543 2612; x_wconf 92' lang='lat' dir='ltr'>id</span> <span class='ocrx_word' id='word_1_317' title='bbox 561 2561 603 2612; x_wconf 91' lang='lat' dir='ltr'>est</span> <span class='ocrx_word' id='word_1_318' title='bbox 620 2570 692 2626; x_wconf 84' lang='lat' dir='ltr'>cog-</span> 
     </span>
     <span class='ocr_line' id='line_1_32' title="bbox 107 2626 693 2698; baseline 0.003 -18"><span class='ocrx_word' id='word_1_319' title='bbox 107 2631 237 2693; x_wconf 78' lang='lat' dir='ltr'>noscunt,</span> <span class='ocrx_word' id='word_1_320' title='bbox 264 2626 330 2698; x_wconf 92' lang='lat' dir='ltr'>quia</span> <span class='ocrx_word' id='word_1_321' title='bbox 355 2627 438 2684; x_wconf 82' lang='lat' dir='ltr'>bruta</span> <span class='ocrx_word' id='word_1_322' title='bbox 465 2626 601 2684; x_wconf 90' lang='lat' dir='ltr'>animalia</span> <span class='ocrx_word' id='word_1_323' title='bbox 627 2642 693 2683; x_wconf 90' lang='lat' dir='ltr'>suos</span> 
     </span>
     <span class='ocr_line' id='line_1_33' title="bbox 108 2696 693 2770; baseline 0.003 -19"><span class='ocrx_word' id='word_1_324' title='bbox 108 2696 304 2754; x_wconf 79' lang='lat' dir='ltr'>benefactores</span> <span class='ocrx_word' id='word_1_325' title='bbox 334 2709 555 2768; x_wconf 82' lang='lat' dir='ltr'>recognoscunt3</span> <span class='ocrx_word' id='word_1_326' title='bbox 576 2706 601 2754; x_wconf 82' lang='lat' dir='ltr'>et</span> <span class='ocrx_word' id='word_1_327' title='bbox 626 2714 693 2770; x_wconf 86' lang='lat' dir='ltr'>pro·</span> 
     </span>
     <span class='ocr_line' id='line_1_34' title="bbox 105 2768 692 2841; baseline 0.005 -20"><span class='ocrx_word' id='word_1_328' title='bbox 105 2770 260 2838; x_wconf 75' lang='lat' dir='ltr'>petasones</span> <span class='ocrx_word' id='word_1_329' title='bbox 278 2775 356 2824; x_wconf 85' lang='lat' dir='ltr'>cocat</span> <span class='ocrx_word' id='word_1_330' title='bbox 375 2773 548 2827; x_wconf 73' lang='lat' dir='ltr'>nominatim.</span> <span class='ocrx_word' id='word_1_331' title='bbox 567 2769 634 2841; x_wconf 88' lang='lat' dir='ltr'>quia</span> <span class='ocrx_word' id='word_1_332' title='bbox 648 2768 692 2825; x_wconf 89' lang='lat' dir='ltr'>di·</span> 
     </span>
     <span class='ocr_line' id='line_1_35' title="bbox 107 2839 693 2912; baseline 0.005 -20"><span class='ocrx_word' id='word_1_333' title='bbox 107 2839 209 2893; x_wconf 90' lang='lat' dir='ltr'>stincte</span> <span class='ocrx_word' id='word_1_334' title='bbox 233 2855 281 2894; x_wconf 90' lang='lat' dir='ltr'>eas</span> <span class='ocrx_word' id='word_1_335' title='bbox 308 2842 462 2910; x_wconf 79' lang='lat' dir='ltr'>cognoscit,</span> <span class='ocrx_word' id='word_1_336' title='bbox 481 2841 555 2912; x_wconf 94' lang='lat' dir='ltr'>quod</span> <span class='ocrx_word' id='word_1_337' title='bbox 581 2841 693 2896; x_wconf 92' lang='lat' dir='ltr'>alienus</span> 
     </span>
     <span class='ocr_line' id='line_1_36' title="bbox 107 2908 692 2988; baseline 0.003 -25"><span class='ocrx_word' id='word_1_338' title='bbox 107 2924 166 2988; x_wconf 77' lang='lat' dir='ltr'>npn</span> <span class='ocrx_word' id='word_1_339' title='bbox 191 2908 271 2975; x_wconf 89' lang='lat' dir='ltr'>larit;</span> <span class='ocrx_word' id='word_1_340' title='bbox 297 2916 322 2964; x_wconf 91' lang='lat' dir='ltr'>et</span> <span class='ocrx_word' id='word_1_341' title='bbox 343 2911 435 2966; x_wconf 83' lang='lat' dir='ltr'>educit</span> <span class='ocrx_word' id='word_1_342' title='bbox 456 2928 502 2966; x_wconf 86' lang='lat' dir='ltr'>ecs</span> <span class='ocrx_word' id='word_1_343' title='bbox 524 2912 560 2968; x_wconf 92' lang='lat' dir='ltr'>ad</span> <span class='ocrx_word' id='word_1_344' title='bbox 580 2916 692 2983; x_wconf 89' lang='lat' dir='ltr'>pastum</span> 
     </span>
     <span class='ocr_line' id='line_1_37' title="bbox 106 2979 691 3053; baseline 0.005 -20"><span class='ocrx_word' id='word_1_345' title='bbox 106 2984 173 3034; x_wconf 77' lang='lat' dir='ltr'>mla</span> <span class='ocrx_word' id='word_1_346' title='bbox 194 2979 259 3035; x_wconf 92' lang='lat' dir='ltr'>huie</span> <span class='ocrx_word' id='word_1_347' title='bbox 279 2981 481 3038; x_wconf 87' lang='lat' dir='ltr'>necessarium.</span> <span class='ocrx_word' id='word_1_348' title='bbox 499 2985 535 3038; x_wconf 80' lang='lat' dir='ltr'>et</span> <span class='ocrx_word' id='word_1_349' title='bbox 554 3000 614 3038; x_wconf 88' lang='lat' dir='ltr'>eum</span> <span class='ocrx_word' id='word_1_350' title='bbox 627 2999 691 3053; x_wconf 86' lang='lat' dir='ltr'>pro·</span> 
     </span>
     <span class='ocr_line' id='line_1_38' title="bbox 107 3053 691 3131; baseline 0.009 -27"><span class='ocrx_word' id='word_1_351' title='bbox 107 3053 187 3131; x_wconf 64' lang='lat' dir='ltr'>prim</span> <span class='ocrx_word' id='word_1_352' title='bbox 210 3067 271 3106; x_wconf 86' lang='lat' dir='ltr'>oues</span> <span class='ocrx_word' id='word_1_353' title='bbox 295 3055 425 3113; x_wconf 77' lang='lat' dir='ltr'>emiserit.</span> <span class='ocrx_word' id='word_1_354' title='bbox 446 3058 509 3108; x_wconf 84' lang='lat' dir='ltr'>nale</span> <span class='ocrx_word' id='word_1_355' title='bbox 533 3071 578 3109; x_wconf 88' lang='lat' dir='ltr'>eus</span> <span class='ocrx_word' id='word_1_356' title='bbox 602 3055 691 3123; x_wconf 83' lang='lat' dir='ltr'>ondit,</span> 
     </span>
     <span class='ocr_line' id='line_1_39' title="bbox 109 3122 692 3198; baseline 0.007 -20"><span class='ocrx_word' id='word_1_357' title='bbox 109 3123 175 3193; x_wconf 82' lang='lat' dir='ltr'>q&#39;uta</span> <span class='ocrx_word' id='word_1_358' title='bbox 186 3122 375 3181; x_wconf 90' lang='lat' dir='ltr'>communiter</span> <span class='ocrx_word' id='word_1_359' title='bbox 384 3126 474 3182; x_wconf 91' lang='lat' dir='ltr'>solent</span> <span class='ocrx_word' id='word_1_360' title='bbox 484 3132 612 3196; x_wconf 90' lang='lat' dir='ltr'>pastores</span> <span class='ocrx_word' id='word_1_361' title='bbox 622 3141 692 3198; x_wconf 75' lang='lat' dir='ltr'>prce·</span> 
     </span>
     <span class='ocr_line' id='line_1_40' title="bbox 106 3195 692 3268; baseline 0.007 -18"><span class='ocrx_word' id='word_1_362' title='bbox 106 3195 208 3251; x_wconf 85' lang='lat' dir='ltr'>cedere</span> <span class='ocrx_word' id='word_1_363' title='bbox 226 3211 328 3267; x_wconf 83' lang='lat' dir='ltr'>greges</span> <span class='ocrx_word' id='word_1_364' title='bbox 347 3213 423 3265; x_wconf 75' lang='lat' dir='ltr'>suos,</span> <span class='ocrx_word' id='word_1_365' title='bbox 444 3203 472 3253; x_wconf 91' lang='lat' dir='ltr'>et</span> <span class='ocrx_word' id='word_1_366' title='bbox 489 3199 525 3254; x_wconf 88' lang='lat' dir='ltr'>ad</span> <span class='ocrx_word' id='word_1_367' title='bbox 549 3205 692 3268; x_wconf 87' lang='lat' dir='ltr'>pastorum</span> 
     </span>
     <span class='ocr_line' id='line_1_41' title="bbox 105 3268 694 3342; baseline 0.01 -21"><span class='ocrx_word' id='word_1_368' title='bbox 105 3281 235 3337; x_wconf 91' lang='lat' dir='ltr'>gressum</span> <span class='ocrx_word' id='word_1_369' title='bbox 244 3284 310 3324; x_wconf 90' lang='lat' dir='ltr'>oves</span> <span class='ocrx_word' id='word_1_370' title='bbox 318 3268 567 3339; x_wconf 82' lang='lat' dir='ltr'>diriguntur3ldeo</span> <span class='ocrx_word' id='word_1_371' title='bbox 578 3270 694 3342; x_wconf 86' lang='lat' dir='ltr'>subjun-</span> 
     </span>
     <span class='ocr_line' id='line_1_42' title="bbox 106 3338 693 3413; baseline 0.003 -18"><span class='ocrx_word' id='word_1_372' title='bbox 106 3338 182 3411; x_wconf 89' lang='lat' dir='ltr'>gitur</span> <span class='ocrx_word' id='word_1_373' title='bbox 196 3357 202 3396; x_wconf 94' lang='lat'>:</span> <span class='ocrx_word' id='word_1_374' title='bbox 218 3343 255 3397; x_wconf 79' lang='lat' dir='ltr'>st</span> <span class='ocrx_word' id='word_1_375' title='bbox 269 3357 330 3397; x_wconf 87' lang='lat' dir='ltr'>oves</span> <span class='ocrx_word' id='word_1_376' title='bbox 349 3343 430 3398; x_wconf 84' lang='lat' dir='ltr'>illum</span> <span class='ocrx_word' id='word_1_377' title='bbox 444 3349 606 3413; x_wconf 84' lang='lat' dir='ltr'>sequuntur,</span> <span class='ocrx_word' id='word_1_378' title='bbox 626 3345 693 3413; x_wconf 84' lang='lat' dir='ltr'>quio</span> 
     </span>
     <span class='ocr_line' id='line_1_43' title="bbox 107 3415 693 3485; baseline 0.002 -18"><span class='ocrx_word' id='word_1_379' title='bbox 107 3415 198 3468; x_wconf 81' lang='lat' dir='ltr'>sciunt</span> <span class='ocrx_word' id='word_1_380' title='bbox 212 3419 240 3468; x_wconf 88' lang='lat' dir='ltr'>ct</span> <span class='ocrx_word' id='word_1_381' title='bbox 255 3419 428 3485; x_wconf 90' lang='lat' dir='ltr'>cognoscunt</span> <span class='ocrx_word' id='word_1_382' title='bbox 442 3431 529 3471; x_wconf 87' lang='lat' dir='ltr'>uocem</span> <span class='ocrx_word' id='word_1_383' title='bbox 543 3415 617 3479; x_wconf 84' lang='lat' dir='ltr'>e&#39;us;</span> <span class='ocrx_word' id='word_1_384' title='bbox 632 3415 693 3469; x_wconf 83' lang='lat' dir='ltr'>uti-</span> 
     </span>
     <span class='ocr_line' id='line_1_44' title="bbox 110 3432 693 3551; baseline 0.003 -12"><span class='ocrx_word' id='word_1_385' title='bbox 110 3498 190 3540; x_wconf 87' lang='lat' dir='ltr'>euum</span> <span class='ocrx_word' id='word_1_386' title='bbox 204 3490 304 3551; x_wconf 86' lang='lat' dir='ltr'>cutem,</span> <span class='ocrx_word' id='word_1_387' title='bbox 316 3486 344 3541; x_wconf 93' lang='lat' dir='ltr'>id</span> <span class='ocrx_word' id='word_1_388' title='bbox 356 3492 398 3541; x_wconf 92' lang='lat' dir='ltr'>est</span> <span class='ocrx_word' id='word_1_389' title='bbox 411 3486 502 3543; x_wconf 90' lang='lat' dir='ltr'>furem</span> <span class='ocrx_word' id='word_1_390' title='bbox 516 3491 543 3542; x_wconf 91' lang='lat' dir='ltr'>et</span> <span class='ocrx_word' id='word_1_391' title='bbox 554 3432 693 3543; x_wconf 56' lang='lat' dir='ltr'>latronem</span> 
     </span>
     <span class='ocr_line' id='line_1_45' title="bbox 108 3559 694 3628; baseline 0.002 -18"><span class='ocrx_word' id='word_1_392' title='bbox 108 3571 162 3611; x_wconf 83' lang='lat' dir='ltr'>nou</span> <span class='ocrx_word' id='word_1_393' title='bbox 172 3563 334 3626; x_wconf 83' lang='lat' dir='ltr'>sequuntur,</span> <span class='ocrx_word' id='word_1_394' title='bbox 345 3559 394 3612; x_wconf 85' lang='lat' dir='ltr'>sed</span> <span class='ocrx_word' id='word_1_395' title='bbox 402 3560 517 3626; x_wconf 74' lang='lat' dir='ltr'>fugiunt</span> <span class='ocrx_word' id='word_1_396' title='bbox 529 3559 565 3612; x_wconf 82' lang='lat' dir='ltr'>ab</span> <span class='ocrx_word' id='word_1_397' title='bbox 575 3574 614 3627; x_wconf 76' lang='lat' dir='ltr'>ee¹</span> <span class='ocrx_word' id='word_1_398' title='bbox 627 3561 694 3628; x_wconf 81' lang='lat' dir='ltr'>quta</span> 
     </span>
     <span class='ocr_line' id='line_1_46' title="bbox 106 3632 694 3710; baseline 0.005 -29"><span class='ocrx_word' id='word_1_399' title='bbox 106 3642 160 3682; x_wconf 81' lang='lat' dir='ltr'>non</span> <span class='ocrx_word' id='word_1_400' title='bbox 174 3634 307 3682; x_wconf 66' lang='lat' dir='ltr'>account</span> <span class='ocrx_word' id='word_1_401' title='bbox 320 3645 410 3683; x_wconf 87' lang='lat' dir='ltr'>uocem</span> <span class='ocrx_word' id='word_1_402' title='bbox 423 3632 585 3694; x_wconf 77' lang='lat' dir='ltr'>alienorum,</span> <span class='ocrx_word' id='word_1_403' title='bbox 600 3634 694 3710; x_wconf 87' lang='lat' dir='ltr'>pasto·</span> 
     </span>
     <span class='ocr_line' id='line_1_47' title="bbox 106 3698 694 3771; baseline 0.005 -18"><span class='ocrx_word' id='word_1_404' title='bbox 106 3712 200 3753; x_wconf 91' lang='lat' dir='ltr'>resse</span> <span class='ocrx_word' id='word_1_405' title='bbox 219 3698 427 3754; x_wconf 89' lang='lat' dir='ltr'>mentientium.</span> <span class='ocrx_word' id='word_1_406' title='bbox 450 3699 579 3757; x_wconf 86' lang='lat' dir='ltr'>Ostendit</span> <span class='ocrx_word' id='word_1_407' title='bbox 599 3707 694 3771; x_wconf 82' lang='lat' dir='ltr'>ltaque</span> 
     </span>
     <span class='ocr_line' id='line_1_48' title="bbox 106 3767 695 3843; baseline 0.002 -17"><span class='ocrx_word' id='word_1_408' title='bbox 106 3767 234 3826; x_wconf 86' lang='lat' dir='ltr'>Christus</span> <span class='ocrx_word' id='word_1_409' title='bbox 251 3768 412 3837; x_wconf 68' lang='lat' dir='ltr'>Pharnacis,</span> <span class='ocrx_word' id='word_1_410' title='bbox 430 3770 495 3840; x_wconf 91' lang='lat' dir='ltr'>quia</span> <span class='ocrx_word' id='word_1_411' title='bbox 510 3787 561 3828; x_wconf 90' lang='lat' dir='ltr'>nec</span> <span class='ocrx_word' id='word_1_412' title='bbox 575 3775 695 3843; x_wconf 90' lang='lat' dir='ltr'>sapien-</span> 
     </span>
     <span class='ocr_line' id='line_1_49' title="bbox 105 3838 696 3923; baseline 0.003 -27"><span class='ocrx_word' id='word_1_413' title='bbox 105 3838 155 3903; x_wconf 89' lang='lat' dir='ltr'>tia,</span> <span class='ocrx_word' id='word_1_414' title='bbox 177 3855 228 3895; x_wconf 89' lang='lat' dir='ltr'>nec</span> <span class='ocrx_word' id='word_1_415' title='bbox 248 3839 409 3896; x_wconf 83' lang='lat' dir='ltr'>observatio</span> <span class='ocrx_word' id='word_1_416' title='bbox 430 3841 521 3923; x_wconf 80' lang='lat' dir='ltr'>Legis.</span> <span class='ocrx_word' id='word_1_417' title='bbox 543 3857 597 3897; x_wconf 89' lang='lat' dir='ltr'>nec</span> <span class='ocrx_word' id='word_1_418' title='bbox 620 3842 696 3898; x_wconf 88' lang='lat' dir='ltr'>bona</span> 
     </span>
     <span class='ocr_line' id='line_1_50' title="bbox 111 3909 693 3986; baseline 0.002 -18"><span class='ocrx_word' id='word_1_419' title='bbox 111 3911 168 3968; x_wconf 87' lang='lat' dir='ltr'>vita</span> <span class='ocrx_word' id='word_1_420' title='bbox 182 3909 337 3983; x_wconf 86' lang='lat' dir='ltr'>quidquam</span> <span class='ocrx_word' id='word_1_421' title='bbox 351 3911 435 3981; x_wconf 86' lang='lat' dir='ltr'>valet,</span> <span class='ocrx_word' id='word_1_422' title='bbox 453 3912 506 3968; x_wconf 86' lang='lat' dir='ltr'>ursi</span> <span class='ocrx_word' id='word_1_423' title='bbox 519 3929 571 3986; x_wconf 92' lang='lat' dir='ltr'>per</span> <span class='ocrx_word' id='word_1_424' title='bbox 584 3911 693 3984; x_wconf 82' lang='lat' dir='ltr'>ipsum3</span> 
     </span>
     <span class='ocr_line' id='line_1_51' title="bbox 107 3982 694 4055; baseline 0.003 -16"><span class='ocrx_word' id='word_1_425' title='bbox 107 3988 135 4039; x_wconf 91' lang='lat' dir='ltr'>et</span> <span class='ocrx_word' id='word_1_426' title='bbox 148 3985 222 4055; x_wconf 93' lang='lat' dir='ltr'>quod</span> <span class='ocrx_word' id='word_1_427' title='bbox 235 3982 460 4055; x_wconf 83' lang='lat' dir='ltr'>impossitileest</span> <span class='ocrx_word' id='word_1_428' title='bbox 469 4000 519 4041; x_wconf 90' lang='lat' dir='ltr'>eos</span> <span class='ocrx_word' id='word_1_429' title='bbox 530 3983 694 4041; x_wconf 83' lang='lat' dir='ltr'>rideresine</span> 
     </span>
     <span class='ocr_line' id='line_1_52' title="bbox 107 4053 694 4127; baseline 0.002 -15"><span class='ocrx_word' id='word_1_430' title='bbox 107 4055 231 4125; x_wconf 85' lang='lat' dir='ltr'>Christo,</span> <span class='ocrx_word' id='word_1_431' title='bbox 252 4061 280 4112; x_wconf 92' lang='lat' dir='ltr'>et</span> <span class='ocrx_word' id='word_1_432' title='bbox 306 4055 343 4111; x_wconf 90' lang='lat' dir='ltr'>ad</span> <span class='ocrx_word' id='word_1_433' title='bbox 372 4053 520 4112; x_wconf 83' lang='lat' dir='ltr'>veritatem</span> <span class='ocrx_word' id='word_1_434' title='bbox 545 4055 694 4127; x_wconf 78' lang='lat' dir='ltr'>pervenire</span> 
     </span>
     <span class='ocr_line' id='line_1_53' title="bbox 106 4126 695 4199; baseline -0.002 -15"><span class='ocrx_word' id='word_1_435' title='bbox 106 4130 167 4184; x_wconf 88' lang='lat' dir='ltr'>sinc</span> <span class='ocrx_word' id='word_1_436' title='bbox 186 4143 231 4197; x_wconf 84' lang='lat' dir='ltr'>eo,</span> <span class='ocrx_word' id='word_1_437' title='bbox 249 4126 370 4185; x_wconf 91' lang='lat' dir='ltr'>dicens:</span> <span class='ocrx_word' id='word_1_438' title='bbox 393 4127 446 4195; x_wconf 81' lang='lat' dir='ltr'>Qut</span> <span class='ocrx_word' id='word_1_439' title='bbox 462 4144 515 4182; x_wconf 85' lang='lat' dir='ltr'>non</span> <span class='ocrx_word' id='word_1_440' title='bbox 534 4130 622 4183; x_wconf 83' lang='lat' dir='ltr'>intret</span> <span class='ocrx_word' id='word_1_441' title='bbox 643 4144 695 4199; x_wconf 90' lang='lat' dir='ltr'>per</span> 
     </span>
     <span class='ocr_line' id='line_1_54' title="bbox 105 4199 695 4273; baseline 0 -18"><span class='ocrx_word' id='word_1_442' title='bbox 105 4202 217 4267; x_wconf 83' lang='lat' dir='ltr'>ostium,</span> <span class='ocrx_word' id='word_1_443' title='bbox 230 4199 259 4256; x_wconf 93' lang='lat' dir='ltr'>id</span> <span class='ocrx_word' id='word_1_444' title='bbox 279 4206 322 4257; x_wconf 90' lang='lat' dir='ltr'>est</span> <span class='ocrx_word' id='word_1_445' title='bbox 340 4216 393 4273; x_wconf 91' lang='lat' dir='ltr'>per</span> <span class='ocrx_word' id='word_1_446' title='bbox 407 4199 562 4264; x_wconf 83' lang='lat' dir='ltr'>Christum,</span> <span class='ocrx_word' id='word_1_447' title='bbox 575 4202 604 4255; x_wconf 84' lang='lat' dir='ltr'>iu</span> <span class='ocrx_word' id='word_1_448' title='bbox 624 4202 695 4255; x_wconf 83' lang='lat' dir='ltr'>ovile</span> 
     </span>
     <span class='ocr_line' id='line_1_55' title="bbox 105 4270 694 4343; baseline 0.003 -17"><span class='ocrx_word' id='word_1_449' title='bbox 105 4273 209 4340; x_wconf 87' lang='lat' dir='ltr'>ovium,</span> <span class='ocrx_word' id='word_1_450' title='bbox 224 4271 309 4328; x_wconf 76' lang='lat' dir='ltr'>idest</span> <span class='ocrx_word' id='word_1_451' title='bbox 324 4270 352 4329; x_wconf 93' lang='lat' dir='ltr'>in</span> <span class='ocrx_word' id='word_1_452' title='bbox 366 4271 521 4330; x_wconf 85' lang='lat' dir='ltr'>Ecclesiam</span> <span class='ocrx_word' id='word_1_453' title='bbox 536 4277 565 4329; x_wconf 89' lang='lat' dir='ltr'>et</span> <span class='ocrx_word' id='word_1_454' title='bbox 577 4286 694 4343; x_wconf 80' lang='lat' dir='ltr'>congre</span> 
     </span>
     <span class='ocr_line' id='line_1_56' title="bbox 106 4340 694 4414; baseline 0.005 -17"><span class='ocrx_word' id='word_1_455' title='bbox 106 4340 251 4414; x_wconf 83' lang='lat' dir='ltr'>gationem</span> <span class='ocrx_word' id='word_1_456' title='bbox 266 4343 411 4412; x_wconf 77' lang='lat' dir='ltr'>fidelium3</span> <span class='ocrx_word' id='word_1_457' title='bbox 428 4346 476 4401; x_wconf 83' lang='lat' dir='ltr'>iile</span> <span class='ocrx_word' id='word_1_458' title='bbox 488 4345 590 4412; x_wconf 74' lang='lat' dir='ltr'>furori</span> <span class='ocrx_word' id='word_1_459' title='bbox 607 4348 633 4399; x_wconf 89' lang='lat' dir='ltr'>et</span> <span class='ocrx_word' id='word_1_460' title='bbox 646 4345 694 4400; x_wconf 84' lang='lat' dir='ltr'>tu-</span> 
     </span>
    </p>
   </div>
   <div class='ocr_carea' id='block_1_4' title="bbox 747 2337 1340 4418">
    <p class='ocr_par' dir='ltr' id='par_1_4' title="bbox 747 2337 1336 3697">
     <span class='ocr_line' id='line_1_57' title="bbox 748 2337 1333 2410; baseline -0.007 -13"><span class='ocrx_word' id='word_1_461' title='bbox 748 2357 781 2397; x_wconf 81' lang='lat' dir='ltr'>en</span> <span class='ocrx_word' id='word_1_462' title='bbox 801 2355 924 2395; x_wconf 88' lang='lat' dir='ltr'>moerore</span> <span class='ocrx_word' id='word_1_463' title='bbox 948 2338 1092 2395; x_wconf 90' lang='lat' dir='ltr'>servitutis</span> <span class='ocrx_word' id='word_1_464' title='bbox 1109 2340 1140 2395; x_wconf 89' lang='lat' dir='ltr'>in</span> <span class='ocrx_word' id='word_1_465' title='bbox 1161 2355 1286 2410; x_wconf 88' lang='lat' dir='ltr'>regnum</span> <span class='ocrx_word' id='word_1_466' title='bbox 1304 2337 1333 2394; x_wconf 91' lang='lat' dir='ltr'>li·</span> 
     </span>
     <span class='ocr_line' id='line_1_58' title="bbox 748 2413 1333 2482; baseline -0.005 -14"><span class='ocrx_word' id='word_1_467' title='bbox 748 2413 880 2479; x_wconf 89' lang='lat' dir='ltr'>bertatis;</span> <span class='ocrx_word' id='word_1_468' title='bbox 897 2415 923 2465; x_wconf 86' lang='lat' dir='ltr'>et</span> <span class='ocrx_word' id='word_1_469' title='bbox 941 2426 1001 2465; x_wconf 87' lang='lat' dir='ltr'>cum</span> <span class='ocrx_word' id='word_1_470' title='bbox 1017 2413 1150 2482; x_wconf 68' lang='lat' dir='ltr'>proprios</span> <span class='ocrx_word' id='word_1_471' title='bbox 1165 2426 1229 2467; x_wconf 86' lang='lat' dir='ltr'>oves</span> <span class='ocrx_word' id='word_1_472' title='bbox 1244 2414 1333 2466; x_wconf 81' lang='lat' dir='ltr'>emise-</span> 
     </span>
     <span class='ocr_line' id='line_1_59' title="bbox 747 2480 1334 2553; baseline -0.005 -14"><span class='ocrx_word' id='word_1_473' title='bbox 747 2487 796 2541; x_wconf 82' lang='lat' dir='ltr'>rit.</span> <span class='ocrx_word' id='word_1_474' title='bbox 812 2482 848 2538; x_wconf 89' lang='lat' dir='ltr'>de</span> <span class='ocrx_word' id='word_1_475' title='bbox 864 2480 990 2538; x_wconf 88' lang='lat' dir='ltr'>fenebris</span> <span class='ocrx_word' id='word_1_476' title='bbox 1005 2480 1176 2553; x_wconf 74' lang='lat' dir='ltr'>ignorantiae</span> <span class='ocrx_word' id='word_1_477' title='bbox 1189 2482 1228 2538; x_wconf 91' lang='lat' dir='ltr'>ad</span> <span class='ocrx_word' id='word_1_478' title='bbox 1245 2482 1334 2539; x_wconf 91' lang='lat' dir='ltr'>lumen</span> 
     </span>
     <span class='ocr_line' id='line_1_60' title="bbox 749 2551 1333 2624; baseline -0.003 -14"><span class='ocrx_word' id='word_1_479' title='bbox 749 2554 824 2621; x_wconf 78' lang='lat' dir='ltr'>vitae,</span> <span class='ocrx_word' id='word_1_480' title='bbox 840 2553 916 2610; x_wconf 90' lang='lat' dir='ltr'>etde</span> <span class='ocrx_word' id='word_1_481' title='bbox 932 2568 1046 2609; x_wconf 89' lang='lat' dir='ltr'>carcere</span> <span class='ocrx_word' id='word_1_482' title='bbox 1061 2551 1152 2624; x_wconf 87' lang='lat' dir='ltr'>culpae</span> <span class='ocrx_word' id='word_1_483' title='bbox 1168 2554 1204 2610; x_wconf 86' lang='lat' dir='ltr'>ad</span> <span class='ocrx_word' id='word_1_484' title='bbox 1221 2553 1333 2610; x_wconf 84' lang='lat' dir='ltr'>liberta·</span> 
     </span>
     <span class='ocr_line' id='line_1_61' title="bbox 748 2624 1334 2696; baseline -0.003 -15"><span class='ocrx_word' id='word_1_485' title='bbox 748 2630 805 2682; x_wconf 91' lang='lat' dir='ltr'>tem</span> <span class='ocrx_word' id='word_1_486' title='bbox 827 2624 937 2696; x_wconf 70' lang='lat' dir='ltr'>gratiae,</span> <span class='ocrx_word' id='word_1_487' title='bbox 955 2630 1020 2680; x_wconf 84' lang='lat' dir='ltr'>uate</span> <span class='ocrx_word' id='word_1_488' title='bbox 1038 2641 1084 2680; x_wconf 87' lang='lat' dir='ltr'>eas</span> <span class='ocrx_word' id='word_1_489' title='bbox 1102 2625 1193 2692; x_wconf 84' lang='lat' dir='ltr'>vadit,</span> <span class='ocrx_word' id='word_1_490' title='bbox 1215 2640 1269 2696; x_wconf 88' lang='lat' dir='ltr'>per</span> <span class='ocrx_word' id='word_1_491' title='bbox 1286 2640 1334 2681; x_wconf 80' lang='lat' dir='ltr'>er·</span> 
     </span>
     <span class='ocr_line' id='line_1_62' title="bbox 748 2696 1334 2768; baseline -0.007 -14"><span class='ocrx_word' id='word_1_492' title='bbox 748 2696 842 2768; x_wconf 89' lang='lat' dir='ltr'>empla</span> <span class='ocrx_word' id='word_1_493' title='bbox 861 2698 1002 2753; x_wconf 88' lang='lat' dir='ltr'>bonorum</span> <span class='ocrx_word' id='word_1_494' title='bbox 1021 2711 1139 2767; x_wconf 88' lang='lat' dir='ltr'>operum</span> <span class='ocrx_word' id='word_1_495' title='bbox 1157 2701 1188 2752; x_wconf 92' lang='lat' dir='ltr'>et</span> <span class='ocrx_word' id='word_1_496' title='bbox 1204 2696 1289 2764; x_wconf 60' lang='lat' dir='ltr'>vitam</span> <span class='ocrx_word' id='word_1_497' title='bbox 1312 2700 1334 2750; x_wconf 85' lang='lat' dir='ltr'>et</span> 
     </span>
     <span class='ocr_line' id='line_1_63' title="bbox 748 2767 1333 2839; baseline -0.003 -15"><span class='ocrx_word' id='word_1_498' title='bbox 748 2785 810 2824; x_wconf 82' lang='lat' dir='ltr'>ouer</span> <span class='ocrx_word' id='word_1_499' title='bbox 819 2770 909 2836; x_wconf 82' lang='lat' dir='ltr'>illum,</span> <span class='ocrx_word' id='word_1_500' title='bbox 921 2774 1006 2838; x_wconf 90' lang='lat' dir='ltr'>atque</span> <span class='ocrx_word' id='word_1_501' title='bbox 1016 2767 1136 2838; x_wconf 85' lang='lat' dir='ltr'>vestigia</span> <span class='ocrx_word' id='word_1_502' title='bbox 1148 2768 1211 2839; x_wconf 85' lang='lat' dir='ltr'>ejus</span> <span class='ocrx_word' id='word_1_503' title='bbox 1221 2783 1333 2838; x_wconf 82' lang='lat' dir='ltr'>sequun-</span> 
     </span>
     <span class='ocr_line' id='line_1_64' title="bbox 749 2839 1336 2913; baseline -0.007 -16"><span class='ocrx_word' id='word_1_504' title='bbox 749 2848 795 2897; x_wconf 87' lang='lat' dir='ltr'>tur</span> <span class='ocrx_word' id='word_1_505' title='bbox 809 2856 861 2913; x_wconf 91' lang='lat' dir='ltr'>per</span> <span class='ocrx_word' id='word_1_506' title='bbox 872 2839 1061 2896; x_wconf 88' lang='lat' dir='ltr'>imitationem</span> <span class='ocrx_word' id='word_1_507' title='bbox 1073 2845 1102 2896; x_wconf 90' lang='lat' dir='ltr'>et</span> <span class='ocrx_word' id='word_1_508' title='bbox 1116 2846 1226 2895; x_wconf 85' lang='lat' dir='ltr'>rectam</span> <span class='ocrx_word' id='word_1_509' title='bbox 1240 2853 1336 2912; x_wconf 83' lang='lat' dir='ltr'>opera·</span> 
     </span>
     <span class='ocr_line' id='line_1_65' title="bbox 747 2908 1334 2981; baseline -0.003 -14"><span class='ocrx_word' id='word_1_510' title='bbox 747 2911 866 2978; x_wconf 83' lang='lat' dir='ltr'>tionem,</span> <span class='ocrx_word' id='word_1_511' title='bbox 890 2913 957 2981; x_wconf 85' lang='lat' dir='ltr'>quic</span> <span class='ocrx_word' id='word_1_512' title='bbox 983 2914 1074 2966; x_wconf 80' lang='lat' dir='ltr'>sciunt</span> <span class='ocrx_word' id='word_1_513' title='bbox 1100 2926 1192 2966; x_wconf 86' lang='lat' dir='ltr'>uocem</span> <span class='ocrx_word' id='word_1_514' title='bbox 1216 2910 1288 2980; x_wconf 68' lang='lat' dir='ltr'>eius,</span> <span class='ocrx_word' id='word_1_515' title='bbox 1308 2908 1334 2966; x_wconf 93' lang='lat' dir='ltr'>id</span> 
     </span>
     <span class='ocr_line' id='line_1_66' title="bbox 748 2980 1332 3053; baseline -0.003 -14"><span class='ocrx_word' id='word_1_516' title='bbox 748 2988 792 3039; x_wconf 92' lang='lat' dir='ltr'>est</span> <span class='ocrx_word' id='word_1_517' title='bbox 807 2987 989 3053; x_wconf 84' lang='lat' dir='ltr'>cognoscunt,</span> <span class='ocrx_word' id='word_1_518' title='bbox 1005 2987 1033 3039; x_wconf 93' lang='lat' dir='ltr'>et</span> <span class='ocrx_word' id='word_1_519' title='bbox 1049 2981 1078 3039; x_wconf 92' lang='lat' dir='ltr'>in</span> <span class='ocrx_word' id='word_1_520' title='bbox 1094 2997 1128 3038; x_wconf 88' lang='lat' dir='ltr'>ea</span> <span class='ocrx_word' id='word_1_521' title='bbox 1141 2980 1332 3046; x_wconf 87' lang='lat' dir='ltr'>delectantur;</span> 
     </span>
     <span class='ocr_line' id='line_1_67' title="bbox 747 3053 1334 3121; baseline -0.003 -11"><span class='ocrx_word' id='word_1_522' title='bbox 747 3056 870 3110; x_wconf 82' lang='lat' dir='ltr'>alienum</span> <span class='ocrx_word' id='word_1_523' title='bbox 892 3059 983 3109; x_wconf 86' lang='lat' dir='ltr'>cutem</span> <span class='ocrx_word' id='word_1_524' title='bbox 1005 3065 1074 3110; x_wconf 83' lang='lat' dir='ltr'>voce</span> <span class='ocrx_word' id='word_1_525' title='bbox 1097 3058 1126 3110; x_wconf 89' lang='lat' dir='ltr'>et</span> <span class='ocrx_word' id='word_1_526' title='bbox 1144 3053 1213 3121; x_wconf 77' lang='lat' dir='ltr'>vila,</span> <span class='ocrx_word' id='word_1_527' title='bbox 1230 3071 1286 3110; x_wconf 82' lang='lat' dir='ltr'>nou</span> <span class='ocrx_word' id='word_1_528' title='bbox 1299 3069 1334 3109; x_wconf 84' lang='lat' dir='ltr'>se·</span> 
     </span>
     <span class='ocr_line' id='line_1_68' title="bbox 748 3124 1332 3198; baseline 0 -17"><span class='ocrx_word' id='word_1_529' title='bbox 748 3131 882 3197; x_wconf 82' lang='lat' dir='ltr'>quantur,</span> <span class='ocrx_word' id='word_1_530' title='bbox 899 3124 1068 3198; x_wconf 87' lang='lat' dir='ltr'>recipientes</span> <span class='ocrx_word' id='word_1_531' title='bbox 1093 3125 1155 3197; x_wconf 88' lang='lat' dir='ltr'>ejus</span> <span class='ocrx_word' id='word_1_532' title='bbox 1173 3125 1332 3182; x_wconf 88' lang='lat' dir='ltr'>doctrinam</span> 
     </span>
     <span class='ocr_line' id='line_1_69' title="bbox 748 3196 1334 3269; baseline -0.003 -16"><span class='ocrx_word' id='word_1_533' title='bbox 748 3198 792 3255; x_wconf 85' lang='lat' dir='ltr'>vel</span> <span class='ocrx_word' id='word_1_534' title='bbox 801 3196 938 3267; x_wconf 80' lang='lat' dir='ltr'>exempla,</span> <span class='ocrx_word' id='word_1_535' title='bbox 950 3197 1018 3268; x_wconf 92' lang='lat' dir='ltr'>quia</span> <span class='ocrx_word' id='word_1_536' title='bbox 1028 3197 1090 3269; x_wconf 85' lang='lat' dir='ltr'>ejus</span> <span class='ocrx_word' id='word_1_537' title='bbox 1102 3196 1189 3254; x_wconf 86' lang='lat' dir='ltr'>verba</span> <span class='ocrx_word' id='word_1_538' title='bbox 1199 3196 1334 3254; x_wconf 90' lang='lat' dir='ltr'>inducunt</span> 
     </span>
     <span class='ocr_line' id='line_1_70' title="bbox 749 3267 1335 3338; baseline -0.003 -12"><span class='ocrx_word' id='word_1_539' title='bbox 749 3271 784 3327; x_wconf 89' lang='lat' dir='ltr'>ad</span> <span class='ocrx_word' id='word_1_540' title='bbox 795 3284 934 3335; x_wconf 87' lang='lat' dir='ltr'>errorem,</span> <span class='ocrx_word' id='word_1_541' title='bbox 942 3274 970 3325; x_wconf 90' lang='lat' dir='ltr'>et</span> <span class='ocrx_word' id='word_1_542' title='bbox 979 3269 1150 3338; x_wconf 83' lang='lat' dir='ltr'>exemplaad</span> <span class='ocrx_word' id='word_1_543' title='bbox 1162 3267 1335 3338; x_wconf 80' lang='lat' dir='ltr'>malum‚red</span> 
     </span>
     <span class='ocr_line' id='line_1_71' title="bbox 747 3341 1334 3412; baseline -0.005 -15"><span class='ocrx_word' id='word_1_544' title='bbox 747 3344 863 3410; x_wconf 74' lang='lat' dir='ltr'>sapiunt</span> <span class='ocrx_word' id='word_1_545' title='bbox 880 3341 915 3397; x_wconf 89' lang='lat' dir='ltr'>ab</span> <span class='ocrx_word' id='word_1_546' title='bbox 931 3357 976 3410; x_wconf 88' lang='lat' dir='ltr'>eo,</span> <span class='ocrx_word' id='word_1_547' title='bbox 990 3346 1135 3412; x_wconf 88' lang='lat' dir='ltr'>tamquam</span> <span class='ocrx_word' id='word_1_548' title='bbox 1149 3355 1166 3397; x_wconf 89' lang='lat' dir='ltr'>a</span> <span class='ocrx_word' id='word_1_549' title='bbox 1181 3341 1295 3397; x_wconf 86' lang='lat' dir='ltr'>latrone</span> <span class='ocrx_word' id='word_1_550' title='bbox 1308 3342 1334 3395; x_wconf 88' lang='lat' dir='ltr'>et</span> 
     </span>
     <span class='ocr_line' id='line_1_72' title="bbox 749 3412 1335 3484; baseline 0 -16"><span class='ocrx_word' id='word_1_551' title='bbox 749 3412 875 3479; x_wconf 79' lang='lat' dir='ltr'>inimico,</span> <span class='ocrx_word' id='word_1_552' title='bbox 895 3417 964 3483; x_wconf 81' lang='lat' dir='ltr'>quio</span> <span class='ocrx_word' id='word_1_553' title='bbox 988 3429 1042 3468; x_wconf 81' lang='lat' dir='ltr'>uon</span> <span class='ocrx_word' id='word_1_554' title='bbox 1063 3417 1209 3481; x_wconf 73' lang='lat' dir='ltr'>nocuum,</span> <span class='ocrx_word' id='word_1_555' title='bbox 1228 3427 1335 3484; x_wconf 88' lang='lat' dir='ltr'>appro-</span> 
     </span>
     <span class='ocr_line' id='line_1_73' title="bbox 749 3481 1335 3554; baseline -0.005 -13"><span class='ocrx_word' id='word_1_556' title='bbox 749 3485 855 3554; x_wconf 82' lang='lat' dir='ltr'>bando,</span> <span class='ocrx_word' id='word_1_557' title='bbox 864 3501 954 3540; x_wconf 84' lang='lat' dir='ltr'>vocem</span> <span class='ocrx_word' id='word_1_558' title='bbox 966 3489 994 3541; x_wconf 91' lang='lat' dir='ltr'>et</span> <span class='ocrx_word' id='word_1_559' title='bbox 1004 3481 1162 3540; x_wconf 88' lang='lat' dir='ltr'>doctrinam</span> <span class='ocrx_word' id='word_1_560' title='bbox 1171 3485 1335 3549; x_wconf 82' lang='lat' dir='ltr'>alienorum,</span> 
     </span>
     <span class='ocr_line' id='line_1_74' title="bbox 750 3554 1335 3628; baseline -0.003 -16"><span class='ocrx_word' id='word_1_561' title='bbox 750 3555 818 3628; x_wconf 90' lang='lat' dir='ltr'>quia</span> <span class='ocrx_word' id='word_1_562' title='bbox 837 3555 921 3613; x_wconf 91' lang='lat' dir='ltr'>alieni</span> <span class='ocrx_word' id='word_1_563' title='bbox 941 3556 1035 3613; x_wconf 85' lang='lat' dir='ltr'>aliena</span> <span class='ocrx_word' id='word_1_564' title='bbox 1049 3555 1215 3627; x_wconf 90' lang='lat' dir='ltr'>loquuntur,</span> <span class='ocrx_word' id='word_1_565' title='bbox 1231 3559 1260 3612; x_wconf 88' lang='lat' dir='ltr'>et</span> <span class='ocrx_word' id='word_1_566' title='bbox 1275 3554 1335 3611; x_wconf 91' lang='lat' dir='ltr'>ideo</span> 
     </span>
     <span class='ocr_line' id='line_1_75' title="bbox 751 3633 1045 3697; baseline 0.003 -14"><span class='ocrx_word' id='word_1_567' title='bbox 751 3643 808 3683; x_wconf 94' lang='lat' dir='ltr'>non</span> <span class='ocrx_word' id='word_1_568' title='bbox 823 3633 1045 3697; x_wconf 88' lang='lat' dir='ltr'>cognoscuntur.</span> 
     </span>
    </p>

    <p class='ocr_par' dir='ltr' id='par_1_5' title="bbox 749 3699 1340 4418">
     <span class='ocr_line' id='line_1_76' title="bbox 788 3699 1337 3757; baseline -0.004 -2"><span class='ocrx_word' id='word_1_569' title='bbox 788 3719 802 3755; x_wconf 78' lang='lat' dir='ltr'>a</span> <span class='ocrx_word' id='word_1_570' title='bbox 818 3699 903 3754; x_wconf 79' lang='lat' dir='ltr'>Omne</span> <span class='ocrx_word' id='word_1_571' title='bbox 915 3700 1025 3757; x_wconf 83' lang='lat' dir='ltr'>Cunrsrr</span> <span class='ocrx_word' id='word_1_572' title='bbox 1038 3717 1085 3755; x_wconf 84' lang='lat' dir='ltr'>nsr</span> <span class='ocrx_word' id='word_1_573' title='bbox 1097 3700 1229 3756; x_wconf 80' lang='lat' dir='ltr'>Ecccasta</span> <span class='ocrx_word' id='word_1_574' title='bbox 1242 3714 1337 3755; x_wconf 78' lang='lat' dir='ltr'>carue-</span> 
     </span>
     <span class='ocr_line' id='line_1_77' title="bbox 751 3770 1335 3842; baseline 0 -16"><span class='ocrx_word' id='word_1_575' title='bbox 751 3787 820 3826; x_wconf 74' lang='lat' dir='ltr'>mcu.</span> <span class='ocrx_word' id='word_1_576' title='bbox 837 3801 871 3811; x_wconf 95' lang='lat'><em>-</em></span> <span class='ocrx_word' id='word_1_577' title='bbox 885 3771 964 3828; x_wconf 88' lang='lat' dir='ltr'>Ovile</span> <span class='ocrx_word' id='word_1_578' title='bbox 980 3788 1048 3842; x_wconf 88' lang='lat' dir='ltr'>ergo</span> <span class='ocrx_word' id='word_1_579' title='bbox 1064 3770 1159 3828; x_wconf 89' lang='lat' dir='ltr'>ovium</span> <span class='ocrx_word' id='word_1_580' title='bbox 1174 3786 1335 3840; x_wconf 86' lang='lat' dir='ltr'>commuue,</span> 
     </span>
     <span class='ocr_line' id='line_1_78' title="bbox 751 3841 1336 3915; baseline -0.002 -16"><span class='ocrx_word' id='word_1_581' title='bbox 751 3847 794 3899; x_wconf 90' lang='lat' dir='ltr'>est</span> <span class='ocrx_word' id='word_1_582' title='bbox 808 3841 934 3898; x_wconf 87' lang='lat' dir='ltr'>Ecclesia</span> <span class='ocrx_word' id='word_1_583' title='bbox 946 3842 1094 3911; x_wconf 81' lang='lat' dir='ltr'>catholica,</span> <span class='ocrx_word' id='word_1_584' title='bbox 1109 3843 1161 3898; x_wconf 90' lang='lat' dir='ltr'>sub</span> <span class='ocrx_word' id='word_1_585' title='bbox 1174 3858 1232 3899; x_wconf 93' lang='lat' dir='ltr'>uno</span> <span class='ocrx_word' id='word_1_586' title='bbox 1242 3848 1336 3915; x_wconf 85' lang='lat' dir='ltr'>pasto·</span> 
     </span>
     <span class='ocr_line' id='line_1_79' title="bbox 751 3912 1336 3982; baseline -0.005 -11"><span class='ocrx_word' id='word_1_587' title='bbox 751 3930 781 3971; x_wconf 89' lang='lat' dir='ltr'>re</span> <span class='ocrx_word' id='word_1_588' title='bbox 802 3912 913 3970; x_wconf 87' lang='lat' dir='ltr'>Christo</span> <span class='ocrx_word' id='word_1_589' title='bbox 937 3913 1067 3982; x_wconf 69' lang='lat' dir='ltr'>Dumium</span> <span class='ocrx_word' id='word_1_590' title='bbox 1092 3912 1220 3970; x_wconf 77' lang='lat' dir='ltr'>ecclesie</span> <span class='ocrx_word' id='word_1_591' title='bbox 1243 3920 1336 3970; x_wconf 89' lang='lat' dir='ltr'>autem</span> 
     </span>
     <span class='ocr_line' id='line_1_80' title="bbox 750 3984 1337 4058; baseline -0.002 -16"><span class='ocrx_word' id='word_1_592' title='bbox 750 3984 986 4058; x_wconf 85' lang='lat' dir='ltr'>congregationes</span> <span class='ocrx_word' id='word_1_593' title='bbox 997 3984 1182 4057; x_wconf 88' lang='lat' dir='ltr'>particulares</span> <span class='ocrx_word' id='word_1_594' title='bbox 1192 3984 1337 4042; x_wconf 90' lang='lat' dir='ltr'>continen-</span> 
     </span>
     <span class='ocr_line' id='line_1_81' title="bbox 750 4055 1336 4125; baseline -0.003 -11"><span class='ocrx_word' id='word_1_595' title='bbox 750 4063 803 4124; x_wconf 91' lang='lat' dir='ltr'>tes,</span> <span class='ocrx_word' id='word_1_596' title='bbox 812 4063 880 4113; x_wconf 90' lang='lat' dir='ltr'>suut</span> <span class='ocrx_word' id='word_1_597' title='bbox 891 4056 976 4112; x_wconf 88' lang='lat' dir='ltr'>etiam</span> <span class='ocrx_word' id='word_1_598' title='bbox 990 4055 1076 4113; x_wconf 88' lang='lat' dir='ltr'>ovilia</span> <span class='ocrx_word' id='word_1_599' title='bbox 1087 4061 1115 4113; x_wconf 88' lang='lat' dir='ltr'>et</span> <span class='ocrx_word' id='word_1_600' title='bbox 1128 4055 1217 4113; x_wconf 85' lang='lat' dir='ltr'>canlae</span> <span class='ocrx_word' id='word_1_601' title='bbox 1231 4056 1336 4125; x_wconf 84' lang='lat' dir='ltr'>ovium,</span> 
     </span>
     <span class='ocr_line' id='line_1_82' title="bbox 749 4127 1337 4200; baseline 0 -15"><span class='ocrx_word' id='word_1_602' title='bbox 749 4129 820 4186; x_wconf 87' lang='lat' dir='ltr'>sicut</span> <span class='ocrx_word' id='word_1_603' title='bbox 846 4134 1003 4185; x_wconf 83' lang='lat' dir='ltr'>conventus</span> <span class='ocrx_word' id='word_1_604' title='bbox 1023 4127 1223 4200; x_wconf 88' lang='lat' dir='ltr'>religiosorum</span> <span class='ocrx_word' id='word_1_605' title='bbox 1245 4134 1275 4186; x_wconf 91' lang='lat' dir='ltr'>et</span> <span class='ocrx_word' id='word_1_606' title='bbox 1291 4144 1337 4185; x_wconf 91' lang='lat' dir='ltr'>ec·</span> 
     </span>
     <span class='ocr_line' id='line_1_83' title="bbox 750 4200 1338 4274; baseline 0 -16"><span class='ocrx_word' id='word_1_607' title='bbox 750 4202 900 4258; x_wconf 87' lang='lat' dir='ltr'>etesiarum</span> <span class='ocrx_word' id='word_1_608' title='bbox 930 4200 1158 4258; x_wconf 83' lang='lat' dir='ltr'>conventualium</span> <span class='ocrx_word' id='word_1_609' title='bbox 1185 4204 1237 4256; x_wconf 88' lang='lat' dir='ltr'>aut</span> <span class='ocrx_word' id='word_1_610' title='bbox 1259 4217 1338 4274; x_wconf 87' lang='lat' dir='ltr'>paro·</span> 
     </span>
     <span class='ocr_line' id='line_1_84' title="bbox 750 4271 1338 4345; baseline 0 -16"><span class='ocrx_word' id='word_1_611' title='bbox 750 4272 895 4342; x_wconf 87' lang='lat' dir='ltr'>chialmm,</span> <span class='ocrx_word' id='word_1_612' title='bbox 909 4272 940 4330; x_wconf 91' lang='lat' dir='ltr'>in</span> <span class='ocrx_word' id='word_1_613' title='bbox 958 4271 1063 4345; x_wconf 89' lang='lat' dir='ltr'>quibus</span> <span class='ocrx_word' id='word_1_614' title='bbox 1082 4271 1149 4329; x_wconf 90' lang='lat' dir='ltr'>fecit</span> <span class='ocrx_word' id='word_1_615' title='bbox 1164 4274 1240 4329; x_wconf 87' lang='lat' dir='ltr'>Deus</span> <span class='ocrx_word' id='word_1_616' title='bbox 1255 4288 1338 4329; x_wconf 85' lang='lat' dir='ltr'>accu-</span> 
     </span>
     <span class='ocr_line' id='line_1_85' title="bbox 751 4344 1340 4418; baseline -0.002 -17"><span class='ocrx_word' id='word_1_617' title='bbox 751 4345 819 4402; x_wconf 85' lang='lat' dir='ltr'>bare</span> <span class='ocrx_word' id='word_1_618' title='bbox 826 4360 893 4404; x_wconf 87' lang='lat' dir='ltr'>suas</span> <span class='ocrx_word' id='word_1_619' title='bbox 900 4359 968 4404; x_wconf 87' lang='lat' dir='ltr'>oves</span> <span class='ocrx_word' id='word_1_620' title='bbox 976 4349 1005 4401; x_wconf 90' lang='lat' dir='ltr'>et</span> <span class='ocrx_word' id='word_1_621' title='bbox 1011 4360 1112 4418; x_wconf 87' lang='lat' dir='ltr'>agnos,</span> <span class='ocrx_word' id='word_1_622' title='bbox 1124 4345 1179 4402; x_wconf 92' lang='lat' dir='ltr'>hoc</span> <span class='ocrx_word' id='word_1_623' title='bbox 1187 4349 1231 4401; x_wconf 88' lang='lat' dir='ltr'>est</span> <span class='ocrx_word' id='word_1_624' title='bbox 1239 4344 1340 4402; x_wconf 82' lang='lat' dir='ltr'>fideles</span> 
     </span>
    </p>
   </div>
   <div class='ocr_carea' id='block_1_5' title="bbox 0 0 1453 4942">
    <p class='ocr_par' dir='ltr' id='par_1_6' title="bbox 0 0 1453 4942">
     <span class='ocr_line' id='line_1_86' title="bbox 0 0 1453 4942; baseline 0 0"><span class='ocrx_word' id='word_1_625' title='bbox 0 0 1453 4942; x_wconf 95' lang='lat' dir='ltr'> </span> 
     </span>
    </p>
   </div>
  </div>
 </body>
</html>
