2880 4942
96 327 140 385 ¹56

103 437 196 492 matta
221 433 312 489 uidua
334 430 406 487 tales
430 436 496 485 suut
522 428 550 484 in
572 426 688 496 mundo,

108 513 202 562 umen
223 505 257 561 ad
274 502 381 560 nullam
400 501 523 557 mittitur
537 500 620 569 Etias,
634 497 688 554 nisi

106 579 141 635 ad
156 578 241 643 ittam,
254 591 316 645 qiiae
329 577 373 629 est
386 574 413 629 in
428 573 546 641 Sarepta
554 571 686 626 Sidoniae.

109 650 225 719 Sarepta
244 646 447 716 interpretatur
465 642 630 703 incendium.
646 641 689 697 vet

108 723 237 789 napustiu
250 719 348 791 panim
363 715 487 779 Sidonia,
501 716 609 769 venatio
624 716 688 767 iau·

110 794 185 859 titis,
204 797 232 845 et
248 788 390 861 signifieat
410 786 533 843 animam
551 783 688 858 peccatri-

108 877 249 932 eennquae
259 860 436 931 propterhoc
446 859 520 930 quod
530 858 689 913 considerat

106 934 181 1004 quod
194 931 330 1003 quidquid
342 931 479 1003 quaritur
488 931 517 985 in
528 929 634 985 mundo
646 932 690 983 est

105 1003 217 1060 venatio
230 1002 347 1072 inutilis,
361 1005 420 1059 sive
435 1001 551 1068 divitiae,
566 1002 624 1056 sive
638 1000 690 1055 de·

104 1076 186 1144 liciae,
198 1077 373 1149 angustiatur
383 1074 467 1147 :quia
478 1071 600 1146 perdidit
608 1073 687 1128 iilum

106 1163 207 1220 panem
221 1163 319 1204 verum
332 1163 387 1219 quo
402 1145 594 1212 reficiebatur,
608 1141 689 1199 Chri·

106 1226 181 1277 stum
209 1221 326 1289 scilicet,
351 1218 400 1290 qui
426 1220 493 1275 dicit
517 1234 524 1273 :
545 1221 603 1288 Epo
630 1231 689 1271 sam

102 1295 187 1375 panis
201 1295 291 1360 uicus,
308 1294 357 1362 qui
375 1292 409 1346 de
425 1291 488 1347 eoeto
504 1288 645 1356 deseendi3
661 1293 691 1341 et

107 1365 268 1420 incenditur
286 1379 336 1432 per
354 1366 544 1431 contemptum
559 1366 689 1414 terreno-

105 1451 168 1491 rum
188 1439 216 1490 et
239 1434 408 1489 desiderium
427 1446 624 1502 supernorum.
647 1430 688 1484 Ad

107 1506 192 1560 talem
206 1506 331 1562 animam
343 1506 418 1559 venit
430 1518 513 1557 verus
523 1501 596 1556 Etias
606 1500 690 1556 Chri·

108 1582 178 1640 stus,
199 1582 230 1632 ut
248 1591 309 1631 eam
333 1580 428 1646 pascat
446 1579 475 1629 et
495 1572 605 1627 reficiat
627 1589 689 1628 eum

111 1646 176 1701 filiis
203 1647 275 1710 suis,
300 1645 329 1700 id
355 1650 396 1701 est
420 1643 638 1714 cogitationibus
663 1650 692 1698 et

111 1715 307 1773 affectionibus
325 1717 391 1774 suis.
412 1714 547 1773 Similiter
565 1716 690 1771 Naaman

112 1791 198 1863 Syrus
210 1789 351 1861 signifieat
366 1795 553 1859 peccatorem,
568 1804 601 1842 eo
616 1787 691 1857 quod

109 1859 689 1936 peecatumsicutleprainficiathomiuem.
706 1872 709 1878 ·

109 1933 191 1993 titudo
207 1933 287 1990 multi
302 1934 373 1989 tates
384 1939 450 1989 sunt
464 1934 492 1988 in
506 1933 629 2000 munde;
646 1936 689 1986 ta·

109 2022 174 2064 men
188 2008 223 2062 ad
237 2007 345 2061 nultum
356 2006 433 2061 venit
447 2006 571 2073 Etisaeus,
586 2004 639 2059 nisi
654 2002 690 2057 ad

107 2081 235 2136 Naaman
252 2079 363 2150 Syrum.
381 2080 506 2133 Naaman
525 2078 691 2145 iuterpreta-

108 2156 156 2206 tur
170 2151 291 2217 deeorus,
304 2151 346 2204 rel
362 2164 527 2204 commouens
540 2164 591 2214 me,
605 2149 690 2218 Syrus

109 2221 246 2285 sublimis,
257 2229 284 2274 et
295 2221 435 2286 signiticat
446 2224 633 2287 peecatorem,
641 2218 690 2286 qui

111 2296 267 2346 commovet
282 2292 403 2358 seipsum
415 2305 464 2359 per
474 2288 687 2354 contritionem;

111 2361 200 2416 currit
209 2361 244 2415 ad
255 2361 417 2427 Jordanem,
429 2361 476 2430 qni
488 2360 691 2428 interpretatur

110 2434 187 2488 rivus
198 2431 311 2501 judieii,
321 2432 348 2485 id
364 2438 405 2486 est
419 2431 454 2486 ad
469 2428 689 2499 contessionem

110 2510 140 2560 et
154 2504 191 2559 ibi
208 2503 299 2558 induit
318 2502 416 2575 gratiae
437 2504 579 2572 decorem,
596 2507 624 2557 et
643 2517 692 2572 per

108 2575 163 2633 hoe
185 2576 307 2632 efficitur
328 2576 466 2645 sublimis,
486 2576 552 2647 quia
570 2590 619 2645 per
639 2575 692 2629 boe

110 2648 236 2705 elevatur
257 2648 293 2704 ad
319 2649 416 2703 Deum.
440 2648 481 2702 Ad
507 2649 591 2704 tatem
615 2647 694 2702 venit

110 2736 193 2776 verus
210 2720 334 2787 Elisaeus
352 2721 379 2774 id
392 2724 436 2774 est
448 2720 584 2774 Christus.

149 2813 180 2846 ιο
210 2793 366 2844 lnmcsmro
397 2807 577 2844 uaniraureuu
607 2791 693 2844 Naza-

109 2877 197 2928 nnrn3
214 2861 351 2915 Cnmsruu
366 2877 543 2914 nnnurmnnn
562 2877 692 2914 sanatur.

109 2962 144 2972 —
159 2935 194 2987 Et
209 2947 298 2984 οηιηεε
313 2934 342 2984 in
356 2947 497 2999 spieupopa
510 2933 563 2986 bae
578 2931 695 2985 aradien-

115 3007 164 3070 tea,
179 3001 285 3056 scilicet
303 3003 377 3071 quod
394 3018 441 3056 eos
459 3002 517 3057 indi
529 3018 590 3057 enos
610 3017 696 3072 repu-

114 3080 198 3141 taret,
219 3074 293 3128 inter
320 3088 389 3143 quos
417 3020 553 3129 miracuffa
581 3074 696 3141 iaceret,

118 3146 256 3216 indignati
273 3152 338 3200 sunt
351 3150 380 3200 et
393 3148 492 3216 repleti
504 3151 568 3202 sunt
583 3148 636 3207 iro,
650 3144 698 3217 qui

118 3216 702 3289 exCbristidoctrinaquiesceredebebant

119 3306 135 3347 a
154 3289 272 3347 matitia.
288 3291 342 3345 Per
355 3292 422 3346 istos
436 3291 634 3362 significantur
648 3289 700 3356 uu,

116 3365 164 3435 qui
202 3369 409 3433 persequuntur
434 3364 646 3433 praedicatores,
674 3364 703 3416 et

121 3435 280 3491 defensores
302 3435 437 3503 veritatis
456 3450 489 3490 eo
511 3435 585 3507 quod
607 3434 704 3488 dicunt

120 3505 297 3576 displicentia
311 3507 373 3561 iltis.
385 3508 442 3562 Dec
452 3514 545 3562 autem
558 3507 630 3561 tacto
642 3521 705 3578 pro

120 3577 203 3633 batur
218 3578 334 3632 verbum
345 3577 446 3633 Christi
458 3580 534 3649 qnod
547 3578 652 3634 dictum
665 3582 705 3631 est

121 3662 224 3715 supra:
239 3648 310 3712 Quia
328 3664 405 3703 nemo
422 3651 557 3719 Propheta
573 3654 613 3703 est
630 3663 705 3702 aece—

116 3722 184 3842 ἰξίας
193 3719 321 3787 inputria
329 3734 389 3774 sua.
402 3721 554 3783 Nemeum
565 3719 705 3785 audirent,

138 3787 258 3841 'ezareni
275 3792 350 3857 quod
371 3790 519 3860 Prophetis
537 3791 707 3859 Prophetam

119 3874 150 3914 se
168 3857 360 3929 comparabat,
373 3864 402 3914 et
417 3860 492 3930 quod
508 3876 555 3914 eos
569 3864 603 3915 de
619 3861 708 3916 incre

94 3964 97 3975 ·
124 3929 242 3988 dutitate
254 3930 381 3999 notabat,
399 3935 426 3986 et
439 3933 621 3986 devotionem
636 3931 709 4003 Gep-

126 4004 338 4072 tiun1.quasut
357 4017 440 4057 canes
459 4002 707 4072 abominabantur,

124 4074 267 4133 deuotioni
279 4089 376 4130 eorum
387 4074 563 4144 praet'erebat,
573 4081 710 4131 creutze-

125 4145 180 4214 lus,
196 4150 283 4202 crevit
297 4148 349 4214 ira,
367 4152 455 4202 crevit
469 4151 497 4202 et
512 4144 625 4204 invidia.
643 4148 708 4204 ldeo

127 4220 201 4287 quod
223 4220 361 4275 Dominus
382 4218 417 4274 de
437 4220 477 4274 eis
493 4214 602 4275 dixerat
621 4226 649 4275 et
664 4225 708 4275 te-

128 4291 256 4346 stabatur
266 4292 364 4363 aerbo,
377 4290 431 4348 boc
447 4289 501 4363 ipsi
516 4291 668 4349 ostendunt
681 4296 710 4348 et

466 323 578 376 rulttn
605 318 721 374 PAR'DS
751 317 851 370 CAPUT
879 316 945 370 LXN

743 428 884 480 testantur
897 422 982 490 tacto,
993 420 1073 477 mala
1089 433 1144 491 pro
1160 419 1254 476 bonis
1267 420 1335 478 ratri

744 495 867 553 buendo.
889 492 968 552 Dnda
986 496 1197 556 macerant,
1222 498 1250 548 et
1267 494 1336 548 itin

745 576 891 638 tamquam
908 566 1025 639 dignum
1041 569 1156 631 morte,
1174 570 1262 620 extra
1280 566 1337 621 eici

746 646 829 696 tatem
853 653 934 695 suam
958 635 1102 693 Nazareth
1129 637 1339 705 ejecerunmt

748 712 824 767 ilium
836 709 1039 767 interficerent.
1049 706 1137 763 Unde
1149 706 1340 765 dictaretve

744 787 803 839 sius
823 800 830 838 :
852 805 867 835 a
888 784 949 838 Non
974 781 1092 846 mirum,
1109 779 1134 834 si
1158 780 1341 848 perdiderunt

745 854 876 922 satutem,
886 852 935 925 qui
945 853 980 908 de
993 851 1104 907 finibus
1120 851 1186 907 suis
1202 854 1342 922 ejecerunt

746 929 932 983 satiatorum.
948 921 1087 980 Dominus
1104 927 1214 979 autem
1231 922 1281 995 qui
1299 922 1340 980 do

746 1003 844 1054 euerat
866 994 993 1066 exemplo
1017 995 1061 1051 sui
1086 993 1235 1051 omnibus
1254 993 1342 1051 omnir

746 1070 821 1138 sieri,
837 1067 1031 1126 necuciantes
1043 1064 1202 1137 repudiat,
1215 1083 1270 1123 nee
1282 1065 1342 1123 invi

747 1148 790 1198 tos
801 1140 968 1213 attigatmec
976 1137 1165 1209 ejicientibus
1177 1140 1342 1205 retuctatur,

745 1230 797 1270 nec
811 1212 976 1282 rogantibus
990 1210 1112 1266 deest.»
1128 1210 1297 1267 subditur:
1312 1212 1342 1267 Et

745 1288 883 1342 decuerunt
902 1285 982 1338 ittam
1000 1297 1090 1353 usque
1105 1282 1146 1337 ad
1165 1284 1341 1353 superciliis

746 1360 856 1424 montis,
867 1370 1039 1426 superquam
1048 1354 1199 1424 edificata
1213 1361 1275 1409 erat
1287 1354 1341 1410 eiti-

747 1437 789 1485 tas
800 1445 902 1496 eorum,
913 1428 1168 1498 utpraeeipitorent
1178 1443 1254 1483 eum.
1266 1428 1341 1482 Nm·

747 1502 808 1557 reth
821 1499 935 1571 quidem
944 1498 1087 1554 aedificata
1096 1501 1164 1553 erat
1174 1512 1341 1569 supermae

748 1581 815 1640 torn,
826 1571 875 1627 sed
888 1586 944 1626 non
955 1568 984 1626 in
996 1568 1163 1637 cacumine,
1176 1570 1258 1625 unde
1272 1574 1340 1624 extra

749 1643 904 1711 civitatem,
914 1643 948 1698 ad
963 1656 1103 1697 cacumen
1117 1640 1270 1698 duxerunt
1284 1652 1338 1696 euru

749 1716 784 1772 ad
799 1713 1045 1787 praecipitandum.
1059 1713 1092 1767 tn
1105 1728 1181 1783 quo,
1191 1713 1338 1769 seeundum

749 1782 1338 1855 Dedem,tudaeidisciputipejoresdiabolo

750 1859 886 1915 maristro
906 1873 956 1913 suo
977 1855 1183 1924 ostenduntur,
1200 1861 1271 1926 quia
1288 1855 1336 1922 iDe,

751 1901 836 1986 uerbo
849 1934 973 1997 tentans,
987 1926 1027 1984 ait
1041 1944 1048 1982 :
1061 1929 1144 1982 Mitte
1159 1934 1189 1982 te
1202 1929 1336 1993 deorsum

750 2003 794 2059 isti
816 2003 900 2069 iacto,
918 1999 954 2056 de
971 1996 1125 2071 supercilio
1147 1999 1259 2055 montis
1280 2010 1336 2054 eun

747 2069 1336 2145 mittereetpraecipitareeonabanturde

748 2163 795 2203 sus
807 2151 901 2202 autem
914 2143 1016 2199 virtute
1031 2141 1207 2211 divinitatis,
1224 2158 1281 2214 qua
1293 2155 1335 2213 po·

748 2225 823 2274 terat
838 2233 867 2272 se
878 2232 991 2273 servare
1002 2214 1122 2270 illaesum
1134 2214 1256 2285 quando
1269 2211 1334 2269 vole

749 2285 1334 2359 bat,trnusimespermediumilloruma'bet3

747 2367 774 2415 et
794 2359 939 2415 deseendit
958 2358 993 2414 de
1012 2361 1110 2414 monte
1129 2373 1191 2413 non
1213 2357 1288 2413 risus
1304 2352 1334 2411 ab

747 2433 787 2487 eis
802 2447 873 2502 quos
889 2430 1048 2500 deserebat,
1064 2434 1164 2484 mente
1185 2426 1334 2485 furentium

750 2503 844 2560 subito
861 2520 910 2572 per
925 2505 1013 2559 Deum
1029 2505 1138 2557 mutata
1150 2501 1197 2557 vet
1213 2503 1334 2570 obstupe

752 2580 835 2631 tacta.
857 2574 968 2630 Etenim
988 2572 1101 2645 quando
1121 2572 1194 2642 ruit,
1210 2574 1334 2644 capitur,
1380 2618 1382 2623 .

752 2647 868 2720 quando
892 2648 961 2716 ruit,
985 2645 1106 2714 tabitur3
1131 2645 1252 2714 quando
1274 2642 1337 2708 uult,

751 2718 949 2791 suspendium
966 2717 1080 2789 quando
1098 2716 1171 2784 vuit,
1189 2733 1248 2771 uon
1266 2721 1338 2771 tene·

752 2798 809 2847 tur.
825 2790 905 2857 Quod
917 2790 1026 2862 capitur
1037 2796 1065 2844 et
1079 2792 1196 2844 tenetur
1207 2804 1223 2843 a
1237 2785 1338 2857 prauus,

751 2861 903 2918 velocitatis
916 2871 975 2929 est;
990 2861 1066 2943 quod
1079 2876 1096 2915 a
1111 2860 1217 2931 populo
1231 2875 1290 2915 uon
1302 2864 1338 2914 te·

754 2940 846 3001 netur,
858 2935 906 2989 sed
920 2938 1031 3000 transit,
1042 2932 1202 3002 majestatis
1217 2938 1271 2989 est.
1285 2932 1339 2986 Nou

754 3022 823 3076 ereo
839 3004 956 3073 resistit,
973 3021 1025 3060 nee
1042 3020 1071 3059 se
1086 3001 1224 3072 vindicat,
1241 3004 1340 3059 docens

754 3073 1340 3147 uosinhee,utnonquaeranursvindietarn

756 3144 1340 3218 doiujuriisnobisiactis3sedpermedium

758 3217 1193 3285 inimicorumtransiens‚canes
1203 3215 1340 3273 hincinde

759 3293 893 3348 latrantes
912 3289 1079 3358 contemnit,
1099 3292 1212 3344 malens
1231 3304 1282 3344 eos
1300 3302 1339 3344 sa-

759 3379 827 3421 nare
843 3378 927 3434 quam
946 3363 1076 3436 perdere,
1093 3369 1126 3416 ut
1141 3365 1284 3416 cassatam
1303 3360 1341 3414 ui·

761 3436 858 3491 dentes
881 3450 962 3491 suam
986 3431 1151 3506 nequitiam,
1173 3431 1279 3488 deinde
1297 3430 1341 3486 de·

761 3506 894 3562 sisterent
913 3508 949 3562 ab
967 3508 1029 3579 ejus
1048 3511 1148 3560 morte.
1167 3505 1250 3559 Tune
1271 3500 1342 3559 enim

762 3574 1343 3648 evaderevoiuit,quiapoenitentiaelocum

762 3646 1343 3718 adhuciltisreservabat,etquianondurt

762 3722 833 3777 hora
848 3720 988 3777 Passionis
1002 3720 1062 3791 ejus
1071 3724 1200 3788 venerat,
1212 3734 1267 3774 nee
1281 3725 1345 3776 tune

763 3792 792 3847 in
818 3793 878 3849 ioco
902 3790 1045 3848 Passionis
1066 3798 1139 3857 erat,
1154 3797 1183 3845 et
1206 3788 1345 3862 quiahoc

763 3880 853 3935 genus
868 3863 977 3931 mortis,
991 3862 1040 3934 qui
1058 3860 1270 3932 crucifigendus
1280 3874 1346 3940 pra:

765 3937 957 4006 conizabatur,
973 3951 1030 3991 non
1042 3933 1176 4005 elegerat.
1195 3933 1299 3989 Adbuc
1311 3930 1345 3988 ibt

765 4007 924 4064 ostenditur
936 4008 1026 4076 loeus,
1035 4007 1084 4078 qui
1102 4002 1211 4061 dicitur
1223 3999 1345 4077 praecipi·

765 4077 834 4134 tium
858 4089 885 4134 et
909 4078 998 4135 saltus
1020 4075 1142 4145 Domini,
1157 4090 1209 4146 per
1228 4074 1345 4132 milliara

764 4149 900 4206 sciliceta
915 4152 1063 4218 Nazareth,
1076 4153 1174 4204 eontra
1188 4145 1343 4215 meridien,

765 4237 861 4276 versus
893 4223 1058 4278 Jerusatem.
1091 4218 1160 4286 Ubi,
1190 4218 1344 4275 seeundum

763 4293 882 4362 Bedem,
906 4307 970 4349 cum
995 4290 1133 4349 Dominus
1155 4290 1191 4347 de
1216 4288 1344 4347 manibus
