2880 4942
90 450 230 509 versionis
242 447 390 517 effectum3
407 445 475 519 quia
495 446 602 518 ubique
615 447 675 503 dis-

90 523 167 593 persi
180 526 247 578 sunt
261 519 311 577 lilii
326 519 421 585 lsrael,
435 521 593 575 secundum
608 535 677 588 prae-

92 592 322 651 destinationem.
347 591 424 648 Licet
443 591 520 647 enim
543 592 678 661 praedica·

90 667 132 724 tio
143 662 340 735 apostolorum
349 663 516 719 discurrerit
526 678 577 734 per
589 669 681 719 toturn

92 737 192 795 orbem
217 740 344 805 tempore
368 734 494 804 ipsorum
523 757 530 792 ι
560 733 627 805 quia
651 738 682 791 in

93 823 197 866 omnem
211 812 313 863 terrem
327 809 414 862 eaieit
427 821 510 861 sonus
523 822 626 868 eorum.
640 812 681 862 ta-

92 895 161 937 men
184 878 303 935 ellectns
330 878 522 934 conversionis
541 877 679 948 fidelium,

94 957 232 1023 quantum
247 950 283 1006 ad
300 964 350 1007 eos
366 951 412 1020 qui
428 950 600 1023 generaliter
614 965 682 1005 con·

92 1023 222 1079 vertendi
242 1027 307 1077 sunt
321 1020 356 1077 ad
373 1022 468 1086 tidem.
485 1021 604 1078 babebit
621 1021 683 1091 ple·

93 1094 175 1151 narie
194 1092 326 1150 ellectum
350 1094 424 1150 circa
457 1093 553 1150 mnndi
584 1092 682 1149 finem.

94 1164 174 1224 Unde
191 1166 281 1221 dicit:
308 1165 396 1220 Amen
424 1166 485 1221 dieo
510 1165 598 1233 uobis,
627 1181 683 1221 non

93 1236 683 1307 accommodius,idestnoncomplebitis,

93 1310 222 1366 ciuitates
248 1310 336 1365 iuuet
362 1308 507 1378 fugiendo,
531 1308 574 1364 vel
599 1308 684 1365 lidcru

93 1380 279 1451 praedicando
294 1385 323 1435 et
337 1381 373 1435 ad
384 1381 467 1435 iidem
477 1379 682 1449 convertendo,

92 1451 177 1508 donec
189 1453 377 1506 ueniotFilius
391 1452 518 1515 bominis,
532 1449 639 1506 scilicet
648 1451 684 1506 ad

92 1523 329 1579 resurrectionem
342 1522 515 1591 generalem,
531 1520 684 1577 descendat

93 1592 130 1650 de
149 1592 220 1648 coelo
241 1594 270 1647 in
290 1591 379 1663 gloria
399 1593 500 1648 Patris.
524 1593 585 1647 Non
608 1593 684 1648 enim

93 1671 297 1721 convertentur
315 1664 505 1718 communiter
520 1662 571 1717 ulti
588 1664 683 1732 lsrael,

93 1734 184 1792 donec
197 1750 283 1805 prope
295 1735 380 1791 finem
392 1733 587 1790 mundiUnde
601 1736 684 1806 diurp-

92 1810 227 1863 sostomus
241 1824 248 1864 t
263 1829 273 1857 ι
289 1808 323 1862 Et
333 1807 411 1877 quasi
425 1805 585 1862 dicentibus
595 1805 644 1874 eis,
655 1813 684 1863 et

92 1879 229 1951 quamdiu
253 1894 403 1949 possumus
424 1878 540 1950 lugere?
566 1878 684 1935 Gravior

92 1951 137 2007 est
148 1950 297 2022 enimluga
307 1951 401 2023 longa,
410 1966 493 2022 quam
506 1950 586 2007 uelox
596 1966 682 2021 mors,

93 2023 298 2078 consolauscos
311 2031 462 2092 propterea
474 2023 608 2078 Dominus
619 2023 660 2079 ait
673 2041 681 2080 ε

91 2094 153 2152 Nou
179 2096 403 2150 consummabitis
432 2097 558 2150 ciuitates
583 2096 681 2159 Israel,

91 2162 176 2219 donec
193 2168 287 2219 venirat
315 2167 404 2220 Filius
426 2167 555 2220 bominis.
581 2166 618 2233 Si,
647 2166 681 2221 dc

90 2233 232 2303 Apostolis
255 2236 308 2289 hoc
321 2240 431 2289 tantum
456 2236 623 2306 intelligitur
638 2235 681 2290 di·

92 2308 180 2374 ctum,
197 2320 253 2359 non
279 2303 407 2374 procedit
432 2305 603 2373 intellectus,
616 2321 680 2361 curn

91 2375 183 2432 multo
216 2380 283 2430 aute
314 2373 440 2431 defuncti
462 2376 519 2430 sint
541 2375 679 2444 Apostoli,

92 2447 320 2517 quemchristus
343 2448 487 2503 adveniat.
512 2448 567 2503 Sed
583 2446 680 2503 omnia

92 2530 157 2645 qnae
177 2519 213 2574 ad
225 2520 372 2588 Apostolos
389 2518 524 2590 loquitur,
538 2519 626 2574 etiam
642 2518 678 2575 ad

91 2584 158 2647 ilos
176 2590 253 2662 loqui
272 2591 394 2660 videtur,
423 2592 470 2660 qui
500 2590 679 2673 postmodum

92 2675 145 2731 per
162 2663 224 2718 illus
244 2661 356 2718 luerant
372 2663 518 2733 credituri,
534 2677 625 2733 usque
643 2662 680 2718 ad

92 2733 198 2789 exitum
221 2735 331 2789 mundi.
359 2735 413 2803 lpsi
436 2735 511 2789 enim
530 2733 680 2790 duodecim

93 2808 176 2859 erant
191 2805 284 2873 capita
301 2805 385 2859 totius
398 2804 620 2860 Christianitatis
634 2804 680 2862 vel

93 2872 219 2930 ecclesiae
239 2874 351 2930 suturae.
374 2877 408 2930 Et
427 2876 677 2946 quemadmodum,

92 2944 169 3016 quod
184 2944 214 3000 in
231 2961 262 3000 os
276 2948 396 3013 miseris,
415 2964 464 3017 per
479 2952 538 3002 tota
551 2949 680 3015 corporis

90 3017 221 3072 membra
236 3017 418 3089 dispergitur,
433 3019 473 3073 sic
487 3026 515 3073 et
528 3019 677 3088 apostolis,

91 3088 166 3159 quod
187 3087 345 3158 dicebatur,
360 3089 395 3144 ad
416 3095 504 3145 totam
520 3090 678 3159 plenitudi-

89 3173 157 3215 nem
182 3158 334 3215 Christiani
357 3162 484 3231 corporis
506 3162 677 3233 pertinebat.

90 3229 205 3288 Sciebat
222 3229 298 3287 enim
328 3232 463 3289 Dominus
480 3234 548 3305 qnia
577 3233 679 3289 notitia

90 3300 387 3375 eiustotoccupatura
417 3306 509 3361 luerat
536 3305 676 3374 civitates,

95 3373 136 3430 ita
155 3380 185 3429 ut
201 3390 272 3444 pene
286 3393 384 3432 omnies
399 3379 485 3434 totius
501 3379 578 3435 orbis
592 3382 678 3433 terrae

93 3444 224 3502 civitates
261 3449 423 3506 israeliticae
453 3450 637 3506 dicerentur:
664 3469 675 3499 ι

91 3515 154 3574 haec
184 3519 399 3587 chrysostomus.

124 3588 288 3659 9Cnnrsrus
314 3594 528 3648 A1›0sronosan
552 3609 678 3648 amunte·

87 3673 183 3712 'flodus
207 3676 240 3712 ET
255 3677 483 3717 vlturuuatlosus
501 3679 676 3719 conlaudantes

87 3743 211 3783 nxsurno
222 3746 350 3785 surrrsrns
364 3750 513 3788 rronrarnu.
526 3764 556 3775 -
570 3733 676 3788 Deinde

86 3803 151 3870 post
165 3803 304 3854 ostensam
321 3802 544 3873 magnitudinem
556 3803 677 3858 tribula·

86 3867 173 3926 tionis
186 3868 369 3939 imminentis,
382 3873 512 3929 hortatur
526 3874 678 3943 discipulos

85 3941 123 3998 ed
152 3941 213 4013 ejus
240 3941 429 4013 tolerentiam',
459 3949 488 3999 et
514 3945 678 4000 consolatur

86 4028 136 4069 cos
149 4029 200 4069 suo
213 4016 352 4085 exemplo,
362 4023 391 4071 et
402 4014 529 4087 procedit
541 4031 558 4072 a
572 4016 676 4072 minori

83 4083 134 4140 sic.
159 4084 187 4142 Si
211 4084 241 4143 in
262 4087 403 4156 Magistro,
429 4087 459 4142 in
490 4087 622 4155 Domino,
645 4086 675 4144 in

85 4156 287 4226 patrefamilias
301 4158 488 4230 blasphemias
505 4159 674 4230 injecerunt,

84 4231 114 4282 et
128 4227 245 4298 injurias
254 4230 356 4286 multas
365 4230 425 4287 sine
434 4247 520 4287 causa
529 4234 671 4299 lecerunt,

84 4297 188 4370 etipse
210 4301 353 4375 patienter
377 4310 406 4361 ct
427 4303 569 4377 intrepide
586 4303 672 4362 susti·

103 4590 266 4654 A.

395 376 398 381 >
480 341 588 397 Palus
613 341 732 397 Psillis
759 341 868 396 cliiii·
895 339 945 394 nu

712 448 715 539 l
740 447 818 514 nuit;
837 446 925 502 multo
942 444 1062 517 plusliet
1075 444 1104 501 in
1118 442 1188 515 ipsis
1206 446 1346 518 quisunt

739 526 770 576 ut
792 517 931 589 discipuli,
958 516 1031 573 serui
1057 523 1085 572 et
1104 516 1202 573 famuli
1217 535 1224 575 :
1241 524 1270 574 et
1281 520 1336 593 ipsi

712 576 715 621 ¹
738 590 872 647 similiter
891 589 997 646 debent
1020 590 1160 659 patienter
1184 591 1338 650 sustinere.

712 624 715 739 l
740 663 819 720 Unde
831 662 916 717 dicit:
942 664 1005 720 Noa
1021 667 1062 717 est
1080 661 1236 732 discipulus
1254 677 1342 735 super

712 742 715 841 p
738 737 915 804 magistrum,
930 749 978 788 uec
993 748 1087 789 seruus
1100 749 1182 803 super
1191 734 1338 792 dominum

713 848 715 879 ,
739 821 829 873 suum,
859 804 1076 876 intelligendum
1105 812 1157 872 est,
1183 806 1273 861 donec
1312 813 1343 864 et

713 930 715 957 Ι
739 876 887 949 quamdiu,
909 875 995 932 luerit
1014 874 1167 946 discipulus
1182 882 1212 932 et
1225 892 1338 935 servus.

739 949 801 1006 Non
813 953 863 1014 est,
879 949 1008 1019 inquam,
1021 963 1109 1018 super
1122 950 1292 1019 magistrum
1307 957 1338 1005 et

739 1020 896 1087 dominum,
918 1021 1072 1075 secundum
1107 1020 1225 1076 honoris
1248 1025 1333 1077 natu·

740 1107 803 1149 ram
810 1109 818 1161 ;
830 1091 885 1160 vel,
899 1107 953 1147 aon
962 1097 1003 1146 est
1012 1091 1177 1162 disciputus,
1187 1092 1214 1147 id
1225 1094 1267 1147 est
1275 1107 1334 1149 non

741 1162 826 1220 debet
840 1179 900 1219 esse
920 1178 1003 1235 super
1014 1167 1179 1231 magistrum
1192 1179 1199 1231 ;
1213 1179 1262 1219 nec
1274 1179 1333 1220 ser-

739 1250 791 1290 uus
805 1233 891 1291 debet
902 1235 974 1292 velle
987 1251 1069 1305 super
1083 1236 1224 1290 dominum
1238 1250 1333 1306 suum,

739 1307 883 1363 contraria
894 1312 923 1362 et
935 1307 1014 1377 quasi
1029 1308 1188 1377 potentiora
1197 1307 1335 1377 magistro

740 1383 769 1433 et
793 1378 909 1433 domino
928 1393 979 1433 suo
1008 1381 1163 1448 operando.
1185 1379 1272 1444 Quasi
1291 1378 1333 1435 eis

740 1448 833 1505 dicat:
849 1450 910 1504 Non
924 1448 1117 1530 dedignemini
1135 1448 1257 1506 tolerare
1272 1464 1321 1505 vos

739 1520 815 1575 servi
830 1525 859 1575 et
873 1519 1013 1591 discipuli,
1034 1522 1111 1591 quud
1125 1537 1177 1591 ego
1188 1521 1277 1578 tolero
1287 1491 1334 1578 vel

712 1656 714 1661 Ι
739 1590 879 1660 tolerabo,
895 1592 1030 1647 Dominus
1045 1599 1074 1647 ct
1091 1595 1241 1664 lingister;
1266 1592 1336 1663 quia

712 1664 714 1695 ¹
740 1660 876 1718 Dominus
897 1678 971 1734 sum,
997 1664 1104 1719 iaciens
1121 1666 1195 1735 quod
1215 1664 1290 1732 volo,
1306 1671 1336 1721 et

712 1698 714 1789 l
740 1734 874 1807 Magister
884 1750 958 1804 sum,
973 1735 1078 1791 docens
1088 1737 1162 1806 equod
1178 1736 1246 1792 utile
1261 1735 1332 1794 scio.

740 1806 802 1861 ldea
829 1807 956 1877 exempla
983 1823 1033 1862 vos
1057 1809 1193 1875 doceaut;
1222 1808 1260 1863 ad
1286 1823 1332 1864 me

711 1876 714 1955 J
738 1877 886 1949 respicite;
915 1879 991 1950 quod
1014 1879 1042 1933 in
1065 1896 1110 1935 me
1133 1880 1195 1935 lieri
1220 1878 1332 1950 videtiS,

739 1950 836 2005 hocin
851 1951 932 2006 robis
959 1966 995 2007 ne
1018 1951 1186 2006 formidetis.
1213 1951 1333 2018 Quinte

739 2020 883 2078 offendere
894 2031 922 2077 et
933 2024 1061 2094 persequi
1083 2039 1138 2078 nori
1158 2024 1269 2087 tirrrcnt,
1283 2038 1335 2078 vos

738 2108 852 2164 quoque
868 2093 1012 2149 ollendere
1028 2099 1056 2148 et
1076 2094 1206 2164 persequi
1220 2109 1277 2148 non
1294 2094 1332 2150 ti-

710 2174 713 2179 ’
738 2164 865 2219 mebunt.
884 2166 961 2220 Unde
977 2166 1199 2232 Chrysostomus:
1224 2183 1238 2216 u
1251 2166 1333 2222 Nunc

710 2198 713 2283 l
737 2234 838 2304 incipit
857 2249 904 2289 eos
930 2234 1070 2288 consulari
1096 2235 1125 2287 in
1154 2236 1335 2304 passionibus

709 2288 711 2343 l
736 2318 835 2359 corum
851 2303 953 2359 luluris
970 2320 1020 2358 suo
1033 2305 1172 2372 exemplu.
1187 2306 1333 2362 Naturalis

737 2380 779 2429 est
796 2389 850 2443 rea,
869 2374 893 2429 si
909 2390 959 2444 pro
977 2375 1033 2429 Deo
1052 2374 1186 2445 injurium
1204 2375 1333 2445 patimur

736 2445 772 2501 ab
783 2445 923 2516 aliquibus
937 2446 1070 2517 indignis,
1085 2448 1234 2503 irascimur
1246 2452 1274 2503 et
1283 2448 1333 2506 do·

737 2515 839 2574 lenius.
867 2517 895 2574 Si
921 2533 986 2574 uero
1010 2520 1186 2574 audierimus
1205 2519 1331 2590 aliquam

736 2588 903 2659 praeclaram
949 2605 1079 2646 ersonam
1108 2608 1171 2661 quae
1201 2590 1334 2648 similiter

708 2648 710 2737 ff
738 2676 818 2730 passa
829 2667 882 2729 cst,
893 2606 1105 2734 chigcramnr.
1123 2670 1152 2717 et
1164 2663 1271 2718 inllatio
1285 2665 1331 2719 in·

708 2742 710 2771 ³
737 2731 911 2813 dignationis
936 2739 1040 2789 nostrae
1064 2735 1183 2789 laxatur.
1204 2736 1332 2792 Dicimus

736 2818 829 2860 enim:
845 2805 873 2860 Si
887 2804 929 2858 vir
940 2804 998 2874 ille,
1008 2806 1056 2875 qui
1072 2807 1176 2860 clarior
1189 2812 1329 2888 estquam

707 2842 710 2947 l
736 2890 800 2957 ego,
819 2891 917 2945 passus
937 2884 978 2931 est
994 2877 1072 2943 talia,
1087 2878 1168 2946 plane
1184 2895 1236 2949 ego
1251 2879 1329 2950 inju-

736 2962 787 3002 rrae
807 2962 877 3003 moae
894 2964 951 3002 iren
966 2948 1055 3003 dobeo
1069 2948 1174 3004 sentire
1189 2949 1329 3006 delorem.

707 3030 709 3035 ’
736 3019 847 3086 Quanto
860 3019 1183 3145 magiscensolubuntur
1198 3021 1329 3091 discipuli

735 3088 765 3145 in
785 3089 908 3160 passioni
932 3106 962 3146 us
979 3092 1047 3158 suis,
1065 3108 1127 3146 cum
1147 3091 1277 3162 discipuli
1289 3109 1331 3150 cs·

734 3166 798 3216 sent
818 3168 846 3216 ct
867 3163 951 3229 servi,
979 3163 1161 3218 recordantes
1187 3163 1330 3221 Christum

735 3231 886 3289 Dominum
899 3240 928 3288 et
942 3234 1107 3306 Magistrum
1125 3235 1193 3290 talia
1205 3241 1255 3290 aut
1269 3251 1328 3292 ma·

706 3354 709 3383 ,
731 3304 797 3432 {ira
811 3320 989 3376 perpessum:
1010 3306 1095 3361 »haec
1108 3307 1325 3377 Classestomus.

706 3406 708 3413 ·
757 3375 844 3433 tideo
866 3377 971 3434 debent
990 3379 1141 3433 Dominum
1158 3395 1214 3434 riou
1233 3380 1327 3437 solum

706 3414 708 3509 i
733 3448 885 3519 patienter,
895 3449 945 3504 sed
959 3451 1044 3505 etiam
1061 3451 1219 3521 gaudenter
1233 3452 1327 3522 sequi,

734 3521 801 3591 quia
824 3526 854 3576 nt
878 3519 946 3577 dicit
961 3522 1082 3579 Seneca.-
1100 3540 1115 3573 u
1131 3522 1219 3577 dlalus
1245 3522 1329 3579 miles

733 3598 785 3658 est,
800 3592 849 3662 qni
867 3590 1070 3661 imperatorem
1090 3608 1208 3659 gemens
1229 3595 1328 3663 scqui-

733 3669 789 3716 tur.
809 3683 820 3712 s
838 3663 871 3716 Et
885 3663 1033 3734 subiungit
1046 3665 1199 3720 Dominus:
1213 3665 1329 3735 Sustteit

733 3731 881 3802 discipulo,
898 3732 926 3787 id
938 3739 980 3788 est
990 3735 1121 3790 sulficere
1136 3736 1231 3804 debet,
1246 3742 1278 3792 ut
1289 3740 1329 3793 sit

732 3805 805 3858 sieut
818 3806 950 3871 mouisse
962 3805 1032 3874 ejus,
1042 3811 1067 3861 et
1078 3823 1165 3875 saue,
1176 3813 1208 3863 ut
1222 3810 1262 3863 sit
1275 3811 1328 3865 sio·

730 3874 904 3929 sitdominus
919 3875 978 3946 eJ'us
995 3895 1004 3931 a
1022 3877 1141 3948 injurias
1157 3879 1229 3934 susci
1252 3879 1325 3936 iensl

731 3950 760 4002 et
775 3944 928 4002 vindictam
944 3963 1001 4002 non
1018 3965 1170 4019 quarens;
1188 3895 1264 4008 maha
1280 3967 1324 4008 re·

732 4017 851 4088 cipiens,
877 4022 906 4073 ct
930 4017 1070 4075 beneficia
1089 4020 1321 4095 conlercn33rel,

730 4087 862 4144 sulficere
873 4089 959 4146 debet
973 4091 1009 4159 ei,
1025 4092 1048 4147 si
1064 4108 1120 4148 non
1133 4096 1194 4162 palus
1207 4094 1323 4151 concul-

732 4165 811 4215 cetur
829 4164 859 4215 et
877 4167 1086 4218 contemnatur.
1112 4167 1254 4233 Pru-sectus
1267 4181 1321 4222 au-

730 4235 784 4287 tem
798 4233 886 4287 omnis
909 4236 972 4297 erit,
1001 4237 1027 4290 si
1041 4238 1078 4290 sit
1096 4240 1167 4292 sieut
1184 4239 1321 4306 deputer

730 4308 760 4362 et
770 4303 904 4362 dominiis
917 4304 1127 4380 ejuc,ipsun1in
1141 4309 1201 4366 suis
1214 4307 1319 4368 imitan
