2880 4942
96 287 131 339 56
485 287 595 342 l'lllllAE
622 287 742 343 l’tltrts
770 286 873 340 catur
899 286 947 339 tlt

100 392 272 461 ledictionis,
299 398 508 466 consequenter
536 396 621 452 ollert
645 394 687 452 eis

99 464 234 522 timorem
254 465 354 522 mortis
379 466 545 537 corporalis,
567 483 630 550 quae
644 471 688 524 est

101 535 232 593 ultimum
253 536 380 593 omnium
401 537 570 594 terribilium
587 556 616 594 1n
634 540 687 594 hoc

100 609 218 674 mundo,
234 615 261 663 et
276 607 352 664 finis.
365 610 408 676 Et,
425 613 455 665 ut
474 609 514 665 ait
528 610 687 680 chrysosto-

99 695 170 743 mus,
189 696 245 734 non
262 678 400 748 promittit
415 679 456 735 eis
475 681 650 752 ereptionem
670 698 688 738 a

100 755 204 814 morte,
228 750 278 806 sed
307 751 448 821 promittit
477 756 549 807 mori
578 753 690 824 majora

99 819 227 903 largiens
252 837 339 891 quam
366 821 388 877 si
416 839 472 879 non
500 823 613 880 lecisset
634 825 689 880 hoe

100 898 179 964 pat13
196 893 317 948 suadere
327 892 403 949 eriim
413 899 595 951 contemnere
610 912 687 952 mor·

38 1022 43 1029 ,
100 967 170 1030 tem,
189 964 282 1035 majus
297 970 340 1020 est
355 981 441 1032 uuam
462 982 563 1022 eruere
578 983 596 1022 a
611 983 689 1023 mor·

100 1039 140 1090 te.
158 1037 283 1090 uvacuat
296 1043 390 1092 autem
407 1037 543 1093 Dominus
557 1037 691 1094 timorem

101 1107 202 1162 mortis
222 1123 268 1163 sex
292 1107 460 1180 rationibus,
481 1126 543 1180 quau
567 1108 595 1164 in
615 1108 689 1166 serie

99 1177 203 1234 littera>
219 1186 372 1249 ponuntur.

138 1251 262 1306 aPnum
290 1269 381 1318 narro,
397 1269 431 1307 nx
459 1269 691 1309 cousmnnnrrons

101 1337 220 1378 suusne
241 1340 419 1378 irroramur.
437 1354 471 1364 -
489 1324 585 1381 Prima
602 1328 692 1380 estex

102 1392 332 1450 consideratione
351 1396 483 1451 humanae
502 1394 689 1467 impotentiae,

102 1463 169 1535 quia
192 1464 322 1520 homiues
353 1481 409 1521 non
439 1474 558 1536 possunt
587 1466 691 1522 laedere

102 1534 158 1590 nisi
179 1533 207 1589 in
222 1535 359 1603 minimis,
376 1535 485 1593 scilicet
505 1537 535 1592 in
552 1552 689 1608 corpore3

102 1609 132 1661 et
146 1606 187 1660 sic
202 1605 286 1661 lasus
310 1606 422 1677 prolicit
441 1607 469 1663 in
486 1608 606 1679 magnis,
619 1606 692 1663 scili-

104 1681 149 1731 cet
166 1675 315 1732 inanima.
338 1680 417 1734 Unde
439 1679 501 1735 ait:
519 1683 585 1736 Ilico
600 1684 691 1734 autom

104 1747 268 1818 specialiter
293 1749 380 1813 uoltis,
410 1754 508 1806 amicis
537 1754 615 1812 meis.
643 1749 689 1820 qui

103 1818 174 1900 nillil
190 1825 335 1876 terrenum
350 1820 462 1892 cupitis,
477 1829 504 1878 ot
517 1823 566 1894 qui
581 1820 692 1879 debetis

106 1890 170 1948 alns
196 1907 259 1948 esse
292 1893 451 1964 exemplum
484 1893 656 1951 tortitudinis
684 1913 692 1950 :

105 1964 200 2022 Nolite
216 1967 311 2019 timore
324 1981 367 2020 eos
383 1970 432 2036 put
444 1969 571 2023 occidunt
584 1983 691 2037 corpus,

105 2032 193 2090 idest
208 2035 354 2093 hominem
370 2036 399 2092 in
414 2054 532 2111 corpore
546 2045 655 2095 tantum
665 2042 695 2095 et

103 2105 141 2162 ad
158 2109 288 2178 tempus,
309 2112 431 2165 unimam
447 2118 538 2167 autem
560 2128 613 2166 non
626 2126 693 2180 pos-

103 2182 170 2233 sunt
182 2180 313 2241 occidero,
330 2179 397 2249 quin
411 2183 487 2237 Deus
503 2198 566 2238 eam
581 2179 693 2260 corpori

105 2246 218 2327 reddat,
232 2253 261 2302 et
280 2249 372 2319 ipsum
398 2266 501 2322 corpus
528 2255 689 2306 resuscitet.

105 2317 159 2373 Ubt
189 2320 419 2386 chrysostomus:
442 2341 455 2371 «
478 2324 569 2378 Nolite
597 2324 693 2375 timere

105 2403 149 2443 eos
163 2391 213 2457 qut
227 2390 353 2444 occidunt
366 2406 473 2460 eorpus,
491 2408 526 2447 ne
542 2393 614 2447 sorte
630 2406 692 2462 pro·

104 2464 170 2540 pter
184 2459 316 2516 timorem
332 2461 443 2527 mortis,
462 2478 519 2518 non
539 2462 628 2518 libere
647 2461 690 2517 di-

106 2536 177 2587 catis
192 2530 222 2587 in
237 2532 354 2595 lumino.
374 2534 450 2605 quod
471 2533 592 2590 audistis
607 2533 634 2589 in
649 2540 691 2590 te-

106 2602 221 2672 nebris;
252 2621 303 2660 noc
331 2605 502 2662 fiducialiter
529 2605 691 2688 praedicetis

106 2674 249 2744 omnibus,
266 2677 342 2747 quod
356 2676 385 2732 in
401 2695 470 2734 aure
488 2679 539 2733 solr
556 2676 689 2734 audistis.

106 2746 186 2804 Sicut
202 2764 270 2817 ergo
290 2765 323 2803 ex
340 2748 384 2802 liis
403 2749 497 2804 vorbis
520 2748 690 2816 ostenditur,

106 2833 165 2873 non
180 2820 271 2872 solum
288 2817 334 2874 ille
351 2826 392 2874 est
410 2820 538 2891 proditor
552 2818 689 2887 veritatis,

106 2887 156 2959 qui
179 2889 393 2959 transgrediens
420 2890 580 2959 veritatem,
596 2890 690 2962 palam

106 2974 158 3030 pro
186 2958 304 3014 veritate
333 2961 514 3017 mendacium
539 2962 689 3034 loquitur,

105 3029 254 3111 sedetiam
269 3030 325 3100 illo,
336 3031 384 3102 qui
399 3048 455 3088 nou
465 3033 553 3090 libere
567 3050 691 3106 pronun-

106 3106 160 3156 tiat
175 3108 334 3171 veritatem,
351 3105 540 3174 quamlibero
555 3105 690 3161 nuntiare

106 3177 229 3244 oportet,
244 3179 295 3229 aut
308 3190 367 3230 non
379 3175 467 3232 libore
482 3176 629 3233 veritatem
643 3177 691 3233 de·

106 3243 207 3314 tendit,
224 3261 311 3317 quam
336 3245 425 3304 libera
450 3249 605 3305 detondere
624 3264 692 3304 con-

104 3315 194 3385 uenit,
231 3316 357 3389 proditor
385 3324 428 3376 est
458 3320 596 3376 veritatis.
629 3323 690 3377 Nou

104 3387 198 3445 solum
218 3389 265 3445 ille
284 3396 477 3463 transgressor
494 3398 537 3449 cst
552 3391 689 3461 veritatis,

105 3460 154 3542 qui
181 3463 274 3532 palam
304 3463 426 3536 denegat
458 3471 621 3532 veritatem3
641 3464 691 3520 sed

104 3537 191 3587 elram
217 3534 274 3613 ille,
294 3534 340 3604 qui
360 3542 476 3607 propter
489 3536 621 3592 timorem
642 3552 690 3591 eo·

104 3617 180 3668 rum,
205 3620 253 3672 qur
282 3611 402 3674 possunt
421 3606 550 3662 occidere
578 3622 690 3678 corpus,

103 3677 180 3727 tacet
201 3673 359 3752 toritatem.
378 3679 408 3730 Et
430 3677 499 3746 quid
522 3677 584 3732 diro
597 3677 611 3731 l
624 3692 691 3746 quia

103 3748 221 3813 proptor
248 3750 379 3799 timorem
407 3747 506 3801 mortis
526 3752 622 3801 tarent
638 3748 690 3800 ho·

104 3811 197 3869 mines
224 3812 395 3870 veritatemi
418 3824 533 3888 proptor
557 3817 690 3871 miserum

103 3888 234 3940 ventrem
249 3891 277 3940 et
291 3891 408 3956 propter
425 3903 505 3959 sporn
522 3886 588 3942 vani
603 3887 691 3942 liono-

103 3955 154 4024 riS,
173 3960 268 4011 tacent
294 3955 423 4013 liomincs
447 3957 608 4014 veritateml
635 3957 690 4013 Sed

99 4025 174 4084 torte
189 4027 260 4084 dicis
276 4046 283 4083 :
301 4028 328 4084 Si
344 4034 424 4085 taceo
449 4030 597 4086 veritatem
622 4035 689 4086 ante

101 4098 291 4171 adversarios,
306 4100 595 4172 numquidcousuntio
609 4117 688 4156 men-

99 4169 183 4251 dacio
203 4173 320 4229 eorum?
335 4172 384 4229 Dic
397 4172 465 4228 mihi
483 4190 489 4228 :
508 4172 536 4229 Si
553 4171 687 4244 princeps

98 4241 203 4314 aliquis
230 4243 350 4302 Romani
376 4243 570 4318 Imperatoris,
585 4242 687 4302 ridens

744 392 888 450 civitatem
904 394 1061 449 Romanam
1077 391 1114 449 ab
1135 390 1269 448 hostibus
1283 406 1333 448 err·

743 463 875 538 pugnari.
894 480 958 520 cum
975 463 1064 536 possit
1080 463 1213 531 liberare,
1231 462 1334 519 delen-

744 539 811 594 dere
827 535 982 608 neglexerit
996 553 1002 603 ;
1025 551 1094 592 num
1112 534 1173 607 ipse
1189 534 1334 591 videbitur

745 608 912 675 tradidisse,
929 623 1016 677 uuam
1037 605 1178 679 potuisset
1196 604 1332 675 liberare,

745 681 768 737 si
783 679 939 736 voluisset?
949 679 1004 746 Sic,
1020 687 1048 735 et
1063 684 1103 745 tu,
1120 677 1219 735 videns
1230 676 1335 735 verita·

745 758 801 807 tem
831 750 881 807 [lui
900 752 936 807 ab
962 750 1057 821 impiis
1084 748 1335 822 expugnari‚cum

764 821 837 879 ossis
861 824 923 879 cani
948 822 1115 889 defendere,
1130 820 1152 876 si
1177 818 1254 892 loqui
1272 836 1335 877 ·vo·

744 840 856 961 fuisses,
872 900 981 962 tacens,
993 892 1160 964 expugnasti
1173 891 1263 961 illam,
1277 906 1332 963 per

744 967 799 1023 hoc
813 965 907 1048 ipsum
918 965 993 1034 quod
1004 981 1067 1020 eam
1085 980 1186 1046 passus
1198 979 1230 1019 es
1243 979 1330 1035 expu-

745 1053 838 1110 gnari.
855 1039 888 1091 Et
908 1036 930 1092 si
945 1042 1062 1108 proptor
1077 1042 1208 1092 timorem
1228 1049 1331 1115 eorum

746 1109 793 1181 qui
812 1109 946 1165 occidunt
958 1124 1061 1179 corpus
1072 1114 1165 1163 tacere
1180 1111 1331 1173 veritatem

745 1180 878 1253 impietas
891 1184 945 1247 est,
960 1180 1101 1251 quomodo
1116 1196 1173 1234 non
1188 1177 1225 1233 sit
1238 1178 1333 1259 major

746 1252 879 1323 impietas
890 1258 984 1307 tacere
994 1250 1141 1306 veritatem
1152 1255 1268 1321 proptor
1281 1264 1335 1305 mr-

746 1340 841 1381 serum
861 1328 988 1378 ventrem
1014 1326 1042 1376 et
1063 1338 1141 1394 spem
1159 1321 1222 1376 vani
1240 1321 1332 1377 hono-

745 1394 800 1464 ris;
817 1393 1024 1464 melioremque
1039 1393 1132 1449 lacere
1146 1393 1267 1464 gratiam
1283 1407 1333 1463 pa-

746 1466 790 1523 nis
809 1471 838 1521 et
855 1465 984 1532 lionoris,
1006 1480 1091 1534 quam
1111 1463 1233 1535 gratiam
1254 1462 1333 1520 veri·

747 1537 813 1594 tatis
826 1535 919 1593 neit»
928 1537 961 1591 Et
973 1536 1075 1592 iterum
1085 1553 1091 1591 :
1103 1556 1116 1588 o
1128 1536 1220 1592 Nolite
1230 1534 1334 1591 timere

746 1607 1333 1679 eosquiocciduntcorpus‚quoniamcor-

745 1696 799 1754 pus
813 1679 866 1736 etsi
880 1679 915 1735 ab
928 1677 1023 1750 impiis
1034 1678 1159 1735 occisum
1176 1696 1233 1734 non
1247 1676 1335 1734 luerit

746 1757 862 1825 propter
873 1753 972 1817 lleum,
993 1751 1172 1822 asemetipso
1184 1758 1247 1823 post
1269 1764 1333 1805 mo·

746 1822 842 1881 dicum
854 1824 992 1879 morietur
1002 1828 1117 1894 propter
1133 1827 1279 1878 naturam:
1290 1836 1334 1876 er-

747 1912 783 1968 go
799 1893 883 1952 occisi
895 1895 1051 1951 secundum
1065 1910 1168 1976 corpus
1179 1894 1215 1950 ab
1227 1890 1332 1964 impiis,

747 1967 817 2024 nihil
834 1962 966 2049 perdunt,
976 1964 1029 2021 nisi
1043 1972 1141 2022 mortis
1154 1964 1331 2021 dilationem.

749 2039 776 2097 Si
797 2054 873 2094 enim
892 2054 990 2094 verum
1007 2045 1060 2105 est,
1076 2038 1152 2108 quod
1168 2053 1218 2092 neo
1235 2034 1334 2091 lolium

748 2111 824 2167 cadit
838 2111 873 2166 de
888 2111 991 2166 arbore
1007 2108 1069 2164 sine
1080 2112 1221 2187 praecepto
1233 2106 1294 2186 liei,
1305 2109 1336 2162 et

748 2182 815 2252 quia
844 2178 984 2235 numerati
1015 2187 1080 2232 sunt
1110 2179 1192 2232 nobis
1215 2178 1276 2232 dios
1296 2176 1334 2233 ad

747 2252 845 2319 vitam,
866 2251 982 2305 credero
1010 2248 1148 2302 debemus
1174 2246 1251 2316 quod
1278 2263 1332 2300 nec

747 2320 885 2378 morimur
898 2325 965 2374 ante
979 2317 1065 2373 diem.
1080 2319 1220 2372 Ponamus
1234 2321 1332 2372 tamen

746 2390 881 2464 quoniam
903 2396 931 2446 et
952 2388 1113 2446 antediem
1138 2388 1268 2456 moritur,
1283 2386 1332 2459 qui

748 2462 868 2519 moritur
894 2467 1010 2534 propter
1026 2463 1114 2516 Deum
1131 2478 1137 2515 :
1156 2459 1180 2516 si
1205 2476 1285 2530 erg0,
1305 2463 1335 2514 ct

747 2533 918 2607 gratis,post
927 2532 1069 2590 modicum
1081 2532 1211 2588 morituri
1223 2546 1333 2599 snmus,

747 2608 826 2663 nulla
841 2605 890 2662 Dei
906 2622 991 2661 causa
1006 2603 1162 2675 proposita,
1173 2619 1262 2673 quaro
1275 2618 1332 2658 noo

747 2685 812 2735 ante
829 2677 971 2733 modicum
987 2675 1015 2731 in
1031 2692 1118 2731 causa
1133 2675 1181 2731 [lei
1197 2691 1259 2729 cum
1272 2673 1333 2755 glo-

747 2750 790 2805 ria
806 2748 962 2818 morimur,
981 2754 1013 2803 ut
1032 2747 1073 2802 sio
1090 2748 1140 2802 liat
1162 2745 1333 2802 sacrificium

747 2819 956 2889 voluntarium,
978 2817 1124 2890 proposita
1147 2834 1231 2873 causa
1261 2816 1332 2884 Dei,

747 2899 776 2948 et
790 2892 944 2947 offeramus
962 2893 1019 2946 Deo
1039 2905 1087 2960 pro
1109 2905 1236 2955 nruuere,
1255 2886 1333 2959 quod

747 2963 900 3034 aliquando
928 2961 1064 3018 reddituri
1087 2978 1186 3016 sumus
1210 2976 1263 3031 pro
1283 2958 1333 3014 de·

747 3035 824 3092 bitot
848 3037 929 3099 Ecce,
956 3033 978 3088 si
1001 3037 1100 3087 mutuo
1124 3032 1278 3103 acceperis,
1302 3032 1334 3087 ut

746 3113 815 3179 puta
829 3105 942 3172 bovem,
955 3110 1004 3160 aut
1019 3120 1135 3174 equum,
1145 3109 1194 3159 aut
1208 3102 1332 3183 asinum,

747 3195 844 3235 nonne
864 3176 977 3233 assidue
1001 3191 1074 3246 opus
1098 3182 1178 3231 tuum
1203 3188 1333 3246 operaris

746 3250 776 3307 in
792 3249 879 3306 euml
893 3247 968 3305 Dicis
988 3247 1065 3303 onim
1092 3247 1167 3318 apud
1192 3251 1230 3314 te,
1246 3243 1334 3301 hodie

746 3327 797 3388 aut
824 3337 887 3376 cras
915 3318 1059 3375 tollendus
1086 3325 1165 3374 esta
1189 3333 1245 3386 me,
1267 3315 1334 3388 quia

747 3410 805 3450 non
833 3398 876 3449 est
897 3407 988 3454 meus,
1006 3393 1039 3447 Et
1057 3391 1083 3446 in
1100 3406 1217 3461 corporo
1236 3404 1336 3469 corru-

746 3464 838 3538 ptibili
855 3470 947 3531 natus,
966 3480 1054 3533 quare
1078 3477 1136 3517 non
1163 3461 1198 3516 ad
1221 3459 1333 3540 utilita-

746 3543 804 3592 tem
819 3536 922 3592 animae
936 3542 992 3591 tuae
1008 3534 1095 3591 utaris
1113 3531 1251 3588 materiali
1269 3547 1332 3586 cor·

746 3623 816 3679 pore
832 3613 891 3672 tuo,
907 3605 1000 3661 sciens
1021 3605 1088 3675 quia
1110 3611 1173 3675 post
1189 3602 1333 3658 modicum

747 3676 903 3732 tollendum
919 3682 993 3731 csta
1015 3680 1053 3743 to,
1070 3675 1205 3745 quoniam
1221 3679 1335 3729 nonest

746 3747 846 3802 tuum?
865 3748 932 3813 Quae
952 3751 995 3801 ost
1012 3744 1066 3802 ista
1095 3745 1259 3817 insipientia
1280 3760 1332 3800 no·

745 3822 816 3884 stra,
839 3818 919 3872 odire
939 3817 1014 3886 quod
1033 3823 1161 3873 nostrum
1187 3823 1239 3883 cst,
1255 3831 1333 3872 ama·

746 3904 776 3944 re
785 3893 880 3944 autem
895 3889 970 3959 quod
988 3895 1116 3944 nostrum
1130 3906 1186 3945 nou
1196 3888 1332 3945 esttstu-

748 3960 816 4016 dere
832 3960 905 4031 quod
921 3976 1035 4016 servare
1050 3976 1106 4015 non
1123 3975 1287 4031 possumus,
1303 3963 1333 4015 et

746 4031 890 4102 negligere
906 4031 981 4101 quod
1004 4031 1031 4085 in
1057 4038 1196 4087 aeternum
1213 4029 1331 4087 habebi·

745 4105 828 4159 must
847 4102 938 4157 Nolito
954 4102 1055 4158 timere
1068 4120 1118 4159 cos
1133 4103 1181 4173 qui
1197 4101 1332 4158 occidunt

745 4190 865 4246 corpus;
880 4172 948 4245 quid
963 4178 1006 4230 est
1029 4172 1116 4229 timor
1131 4173 1255 4231 mortis?
1269 4175 1331 4230 Non

745 4246 826 4303 dolor
846 4244 967 4303 exeundi
992 4245 1027 4301 de
1054 4263 1182 4318 corpore,
1205 4245 1256 4303 sed
1280 4245 1331 4302 de·
