2880 4942
315 168 336 209 1

250 369 290 422 uu
317 368 448 423 lunula
477 368 708 423 tuuuuuruost
736 369 775 423 ET
802 370 952 424 uuttuttu
979 369 1144 426 cuuvtttt.

87 480 182 543 ercet;
199 471 247 546 qui
267 474 395 542 exemplo
419 473 564 543 pravilatis
582 475 671 546 impe·

86 547 244 602 dimenlnm
258 551 374 617 praestal
400 544 511 601 ceteris.
528 566 542 595 u
561 547 626 613 Sed,
643 551 674 602 ut

86 619 125 675 ait
142 622 339 684 Hieronymus:
355 640 369 669 o
386 618 437 683 Qui
457 616 560 672 violarit
579 634 608 672 so
629 617 673 674 iu-

84 689 351 747 sulssr·iertlemes-·e.
365 688 408 744 vel
422 705 478 744 non
494 688 632 756 proficere
646 692 674 745 in

85 761 157 828 lou),
173 760 200 816 in
217 777 273 831 quo
291 759 450 816 ministrare
470 765 497 816 el
513 759 576 816 altis
592 762 674 832 prod·

85 849 147 889 esse
170 833 263 900 debet,
287 836 400 887 tenetur
429 832 590 902 celerano
614 848 674 889 me-

85 904 165 960 lioris
179 903 274 959 locum
289 907 416 974 (ccupat.
437 923 451 955 n
466 905 518 960 Ubi
535 911 563 959 et
575 905 673 972 Anqu-

83 979 195 1031 stinus:
213 997 227 1025 u
242 974 317 1030 Nihil
332 973 460 1045 estquod
490 976 530 1029 sic
555 976 674 1046 quisque

84 1046 209 1117 cogitare
220 1045 393 1113 ‹lebeat,nisi
408 1050 438 1101 ul
452 1044 673 1113 insemctipsum

84 1118 183 1173 oculos
198 1123 357 1185 convertat,
371 1133 401 1173 se
416 1117 518 1183 discat,
536 1133 565 1171 se
580 1117 673 1173 discn-

84 1188 147 1253 tial.
164 1205 193 1243 se
210 1193 329 1258 ornarat,
348 1194 376 1244 el
394 1204 424 1244 se
441 1188 576 1244 inveniat.
596 1190 673 1245 Tune

86 1260 161 1331 quod
177 1259 316 1328 displicet,
329 1265 424 1327 necet;
439 1261 513 1331 quod
528 1276 594 1315 vero
612 1260 672 1329 pla·

85 1337 139 1393 cet.
152 1335 264 1402 aptelet
278 1334 393 1400 plantet.
408 1332 475 1388 Cum
489 1333 606 1387 enimse
620 1332 672 1388 ho-

84 1420 131 1459 mo
144 1405 258 1457 iunnem
271 1401 409 1458 invenerit
424 1403 572 1458 meliorum
586 1406 673 1459 trono·

82 1474 672 1541 rum.ntqiudestuvirlusextnriorumho·

84 1545 671 1616 norum?Ercoquirlprodestplenalronis

82 1634 158 1682 area,
174 1616 195 1670 si
215 1615 306 1671 inanis
324 1622 367 1671 est
386 1616 579 1672 conscientia?
592 1620 669 1673 Boua

81 1691 122 1743 ris
139 1689 257 1756 haltere,
272 1696 301 1742 et
321 1688 411 1743 tronus
438 1706 494 1744 non
519 1688 561 1742 ris
586 1689 667 1746 esse!

82 1762 143 1817 Non
159 1760 238 1814 vides
261 1760 430 1815 erubescere
461 1767 488 1815 le
510 1760 614 1816 uellere
635 1762 670 1817 de

81 1832 162 1888 honis
187 1833 253 1898 tuis,
279 1831 302 1886 si
323 1831 423 1887 domus
450 1837 499 1887 tua
522 1832 603 1900 plena
627 1840 672 1888 est

81 1903 174 1970 bouis,
184 1909 211 1958 et
226 1910 253 1957 le
266 1903 353 1957 habet
367 1903 472 1957 malum
483 1903 497 1957 ‘l
510 1903 582 1968 Quid
594 1904 671 1958 enim

82 1976 212 2044 estquod
226 1976 295 2029 velis
310 1973 415 2028 malum
430 1975 546 2040 habrere,
561 1973 605 2028 dic
619 1973 671 2029 mi·

82 2046 138 2101 hi?
153 2045 228 2100 Nilril
247 2044 372 2101 omuino.
389 2046 449 2099 Nou
472 2061 599 2111 uxorem,
613 2060 672 2100 non

81 2117 185 2184 filium,
202 2132 396 2184 transactum,
414 2132 471 2171 nrm
490 2116 597 2183 villam,
614 2132 672 2171 non

82 2192 220 2255 tunicam,
239 2193 381 2259 postremo
410 2204 466 2243 non
490 2187 626 2259 caligam:
644 2188 673 2242 et

82 2266 178 2316 tamen
190 2259 233 2314 vis
247 2260 353 2315 habere
370 2260 456 2315 vitam
474 2258 578 2314 malam
591 2259 597 2313 l
615 2261 670 2314 llo-

83 2347 118 2401 go
139 2339 176 2397 te,
197 2347 330 2400 praepone
357 2333 443 2387 vitam
469 2339 548 2386 tuam
574 2329 671 2398 caliuae

82 2407 149 2459 tuae.
165 2402 265 2459 Omnia
286 2419 348 2473 quac
363 2402 564 2473 circumjacent
583 2400 671 2457 oculis

83 2475 139 2530 tuis
163 2473 305 2541 elegantia
332 2480 360 2530 et
385 2475 514 2546 pulchra,
534 2473 584 2529 tibi
606 2489 671 2529 rara

82 2554 157 2611 sunt,
171 2551 198 2600 et
213 2544 317 2617 tibiipsi
334 2545 396 2601 vilis
414 2561 454 2605 es.
471 2545 561 2600 lodus
574 2545 623 2599 esl
643 2543 672 2599 Si

83 2623 197 2688 possent
213 2616 263 2671 libi
280 2617 452 2687 respondere
467 2618 550 2683 bona,
568 2616 671 2686 quibus

82 2689 167 2759 plena
193 2693 235 2743 est
260 2688 359 2742 domus
387 2693 445 2751 lua,
471 2704 535 2758 quas
565 2688 671 2743 habere

82 2761 197 2829 optasti,
214 2775 276 2829 quan
293 2760 411 2820 perdere
434 2758 561 2825 timuisti,
577 2775 670 2814 nonne

82 2833 134 2887 tilti
150 2831 328 2886 clamarent:
346 2834 366 2886 Τ
370 2849 386 2887 u
405 2847 456 2886 nos
477 2832 551 2887 bona
567 2832 607 2885 ris
620 2831 670 2886 lra-

83 2904 163 2971 here,
177 2901 218 2957 sic
243 2907 271 2957 et
287 2919 339 2958 nos
352 2903 482 2959 volumus
499 2901 604 2958 bonum
617 2902 670 2957 lra-

83 2975 150 3030 hcre
167 2973 313 3029 dominum
324 2974 338 3028 'l
349 2974 444 3031 Tacita
460 2990 526 3029 voce
540 2972 670 3045 interpel-

82 3046 143 3101 lant
166 3050 265 3100 contra
283 3049 309 3101 te
329 3046 475 3102 dominum
489 3062 581 3101 suum.
599 3047 669 3100 Ecce

82 3121 164 3173 tanta
175 3118 251 3173 bona
265 3116 367 3173 dedisti
382 3117 493 3185 huic,et
505 3117 564 3189 ipse
579 3116 671 3172 malus

83 3196 134 3244 est.
152 3186 223 3256 Quid
242 3187 318 3245 enim
343 3190 458 3260 prodest
479 3188 554 3259 quod
573 3188 670 3255 hahet,

83 3261 197 3330 quaudo
226 3275 301 3324 eum,
323 3259 370 3333 qui
391 3259 487 3317 omnia
505 3259 593 3326 dedit,
614 3273 670 3312 non

84 3331 195 3388 hahet?
215 3354 229 3382 »
255 3332 316 3387 lraee
334 3333 518 3399 Augustinus.
537 3330 591 3383 Per
612 3329 673 3383 lraee

83 3404 170 3459 verba
184 3405 320 3485 praedicta
333 3402 485 3481 quemdam
501 3400 641 3478 lubricum
656 3412 674 3452 a

82 3481 208 3546 peccatis
228 3473 347 3530 retraxit
363 3478 538 3543 Augustinus
556 3486 586 3524 rn
602 3485 673 3540 quo·

83 3547 149 3603 dam
163 3562 296 3602 sermone
309 3561 371 3602 suo.

118 3620 269 3675 GSnmrro
294 3633 421 3673 uunrnnrs
445 3632 612 3672 incurvans.
637 3642 672 3654 -

82 3693 152 3746 Erul
166 3696 257 3745 aulem
267 3691 365 3744 docens
374 3690 405 3743 in
414 3704 556 3758 sprrupopo
568 3702 670 3750 eorum,

83 3762 112 3816 in
138 3761 199 3817 loco
228 3759 445 3826 communium
467 3757 673 3814 conveniebant

80 3833 185 3901 tuoni,
202 3840 229 3888 et
250 3830 278 3887 iri
295 3834 429 3893 collutis.
447 3830 477 3886 in
495 3832 597 3901 qrulrus
619 3829 668 3883 lro·

83 3904 175 3959 mines
192 3906 296 3960 ‹lebent
314 3904 459 3959 interulam
475 3903 569 3958 (livino
585 3901 670 3956 cultui

83 3977 119 4030 atl
144 3974 317 4031 mutiendum
342 3976 459 4031 terbum
490 3976 559 4043 Dei;
576 3978 607 4027 ut
633 3970 672 4026 roi

83 4047 250 4119 pradictum
268 4046 482 4102 similitudinem
497 4058 672 4117 proponens,

84 4135 149 4175 eam
163 4121 199 4175 ad
213 4133 384 4190 synagogam
401 4122 547 4188 pertinere
564 4112 672 4170 indica-

84 4198 139 4259 ret,
154 4197 183 4247 at
203 4191 277 4261 quod
293 4205 466 4260 synagogam
490 4189 672 4243 inlructnosae

84 4261 182 4318 arbori
193 4267 381 4387 comgararet.
396 4258 511 4316 Arboris
524 4258 599 4315 enim
612 4274 672 4314 suc·

85 4335 153 4391 cisio
180 4332 254 4406 signi
278 4333 526 4403 cabatsynagogae
550 4328 669 4387 excisio-

148 4429 219 4480 vm
235 4428 252 4480 J
254 4441 302 4480 nso
315 4425 434 4490 Canem,
450 4439 537 4479 roilus
550 4425 586 4476 Il.

1264 376 1313 429 257

727 490 804 541 nem,
831 474 924 545 qrroad
953 475 1090 545 quosdam
1118 479 1256 545 reprobos
1284 486 1313 537 et

727 546 918 611 damnandos;
935 546 984 601 sed
999 547 1126 603 mulieris
1142 550 1177 605 de
1191 567 1247 618 utra
1266 568 1314 608 se·

728 617 824 687 quitur
837 618 952 680 erectio,
967 619 1098 674 Ecclenae
1113 621 1313 680 exaltationem

728 693 755 744 el
770 688 919 760 cuiuslibet
945 688 1037 744 tidelis
1061 689 1164 747 auimae
1192 694 1313 751 erectio·

728 777 804 826 nem,
821 759 879 816 sive
903 760 940 815 ad
963 761 1049 817 fidem
1064 768 1092 817 et
1105 763 1238 831 gratiam,
1253 765 1312 822 sive

727 834 763 887 acl
776 833 906 903 gloriam.
915 833 1164 889 UudeAmbrosius
1175 853 1182 890 ι
1195 837 1313 903 «Quam

728 904 851 959 clemens
865 904 1013 973 Dominus
1027 920 1112 975 quam
1123 907 1184 974 pius
1199 907 1228 962 in
1240 914 1318 965 utro-

728 991 793 1044 que,
806 990 869 1030 cum
882 981 932 1030 nul
943 977 1104 1045 miseretur,
1117 982 1167 1033 aut
1177 977 1313 1035 vindicatl

728 1049 759 1102 ln
773 1061 925 1118 synagogae
937 1051 1013 1119 typo,
1025 1049 1158 1104 arborem
1173 1049 1263 1105 excidi
1270 1051 1317 1121 ju·

727 1117 791 1185 ltet3
803 1119 831 1173 in
842 1126 906 1189 typo
918 1122 1012 1174 aulem
1025 1119 1166 1189 Ecclesia,
1179 1122 1315 1179 seminam

727 1190 826 1245 salvat.
845 1193 910 1245 »Et
930 1206 996 1252 ecce.
1014 1197 1081 1246 lunc
1101 1208 1170 1263 ergo
1188 1193 1312 1261 ibimet,

727 1263 826 1316 mulier
848 1262 987 1331 quianam,
1008 1278 1068 1332 <prta²
1091 1264 1210 1319 habebat
1227 1267 1313 1335 apin·-

728 1338 784 1388 tum
809 1335 990 1401 infirmitatis,
1008 1335 1035 1388 id
1056 1339 1098 1389 est
1118 1335 1312 1394 infirmitatem

727 1420 742 1458 a
757 1403 857 1474 spiritu
873 1403 997 1474 maligno
1023 1405 1157 1461 inflictam
1175 1412 1203 1461 el
1218 1423 1314 1464 causa-

726 1479 795 1542 tam,
812 1475 880 1546 quia
905 1484 966 1531 crat
990 1492 1007 1533 a
1034 1478 1148 1545 Satana,
1172 1479 1262 1534 decem
1288 1483 1314 1536 et

726 1553 783 1602 octo
797 1549 894 1609 aunis:
909 1551 934 1602 ct
946 1553 1005 1603 erat
1016 1547 1128 1604 vinculo
1139 1549 1315 1607 infirmitatis

725 1619 853 1686 altinate,
866 1625 894 1673 ct
913 1635 991 1674 more
1011 1620 1158 1677 ltrnlorum
1176 1624 1314 1678 inclinatu

726 1691 930 1762 ineurvalaque
946 1690 983 1746 ad
999 1698 1120 1758 terram3
1141 1710 1189 1749 nec
1206 1697 1314 1750 omnino

723 1767 832 1833 poterut
843 1779 951 1817 seersum
961 1764 1097 1833 respicere
1107 1763 1135 1817 in
1150 1766 1264 1824 coelum.
1278 1764 1316 1821 ad

726 1833 802 1891 uuod
817 1837 879 1888 erat
892 1835 975 1890 lacta.
990 1833 1057 1902 quia
1072 1838 1186 1890 terrena
1201 1835 1316 1906 sapiens

726 1910 754 1958 el
768 1903 867 1958 infima
888 1903 1036 1973 requirens
1047 1904 1172 1960 coelestia
1187 1910 1215 1962 el
1231 1922 1315 1976 supe-

727 1973 1199 2043 rioraeogilarcnondumsciebal.
1217 1978 1314 2045 Quam,

726 2061 786 2099 crem
797 2046 996 2113 uidercllesus,
1007 2048 1116 2100 vocavit
1125 2062 1185 2102 cam
1194 2047 1278 2113 adse,
1289 2052 1316 2103 et

727 2119 768 2170 uit
793 2117 859 2171 illi:
876 2118 986 2184 Mulier,
1001 2117 1118 2171 diruisse
1136 2134 1164 2173 es
1183 2119 1218 2173 ab
1235 2121 1315 2189 intir-

726 2190 822 2241 ou'tote
837 2192 894 2242 tuo.
911 2190 947 2242 El
962 2191 1029 2244 lune
1048 2190 1180 2259 imposuit
1197 2191 1242 2244 illi
1259 2207 1317 2246 mo·

726 2274 788 2324 trus,
804 2263 829 2313 et
851 2261 1003 2325 confestim,
1022 2258 1190 2316 mirabiliter
1203 2266 1313 2330 sanata,

727 2335 881 2399 cremaret,
902 2335 928 2386 et
950 2332 1125 2402 plort'fieobat
1150 2336 1246 2397 Deum,
1262 2349 1314 2401 pro

727 2402 873 2458 beneficiis
893 2404 1034 2473 acceptis;
1050 2402 1139 2458 solnm
1159 2403 1234 2460 enim
1251 2405 1313 2475 glo·

726 2472 798 2528 riam
814 2472 918 2529 retinet
944 2475 1017 2528 Deus
1032 2473 1067 2529 de
1083 2475 1217 2545 operibus
1246 2475 1313 2546 suis,

727 2550 815 2599 totam
831 2560 897 2599 vero
915 2543 1063 2600 utilitatem
1077 2545 1208 2602 concedit
1220 2547 1313 2601 nobis.

727 2617 756 2671 ln
777 2616 830 2670 hoc
854 2614 979 2670 ostendit
997 2614 1135 2672 Dominus
1161 2632 1241 2673 suam
1261 2617 1316 2674 hu·

727 2686 888 2754 militatem,
907 2686 973 2756 quia
999 2685 1130 2743 infirmos
1153 2703 1210 2743 non
1231 2682 1314 2744 ¹derli-

727 2760 868 2829 gnalratur
892 2761 1028 2828 langere,
1053 2765 1316 2831 quantumcumque

726 2829 884 2885 deformem
900 2830 942 2885 vel
956 2846 1072 2901 gravem
1084 2831 1224 2887 haberent
1237 2830 1317 2886 inlic-

727 2900 864 2957 mitatem.
882 2900 959 2957 Licet
977 2907 1072 2958 autem
1099 2904 1150 2958 ista
1168 2901 1316 2959 inclinatio

727 2973 854 3030 mulieris
871 2972 1047 3044 intelligutur
1072 2973 1107 3030 de
1129 2973 1315 3030 inclinatione

727 3044 910 3110 infirmitatis,
928 3061 1024 3116 quam,
1045 3044 1158 3101 diabolo
1184 3051 1314 3114 vexante,

727 3116 895 3183 sustinebat,
907 3123 1002 3172 tamen
1015 3116 1169 3187 accipimus
1182 3132 1245 3172 eam
1256 3132 1315 3172 mo·

727 3187 826 3242 raliter
849 3186 888 3241 sie
904 3204 911 3241 :
926 3187 1001 3256 qnod
1018 3187 1126 3241 utinam
1142 3187 1234 3242 omnis
1249 3201 1314 3242 mu·

728 3257 781 3313 lier
799 3256 838 3311 sic
858 3257 977 3312 haberet
992 3258 1102 3311 vultum
1121 3262 1150 3311 et
1164 3257 1261 3312 oculos
1276 3256 1314 3312 ad

728 3331 834 3383 terram
849 3326 997 3393 demissos
1013 3326 1088 3396 quod
1103 3327 1130 3380 in
1146 3330 1314 3397 perpetuum

728 3400 873 3454 hominem
892 3413 950 3452 non
967 3396 1134 3467 respiceret,
1153 3399 1220 3467 quia
1235 3412 1315 3469 aspe-

728 3474 790 3524 ctus
807 3469 868 3538 ejus
882 3467 964 3522 valde
979 3474 1022 3522 est
1036 3466 1212 3537 periculosus
1224 3467 1231 3522 l

764 3541 931 3611 7V1muou
957 3555 997 3592 sir
1020 3554 1151 3593 rnnnnurs
1173 3555 1258 3594 nuans
1283 3555 1315 3594 nr

729 3629 851 3667 racemis
867 3627 1017 3665 turricam.
1032 3639 1065 3650 -
1089 3609 1139 3666 Hie
1159 3609 1318 3680 erudimur,

728 3701 762 3739 nc
779 3683 837 3740 vila
852 3689 950 3738 nostra
965 3680 1001 3737 sil
1020 3683 1141 3738 terrenis
1162 3680 1318 3765 implicata,

729 3756 801 3811 sicut
820 3755 881 3810 haec
901 3752 1003 3809 mulier
1020 3759 1104 3810 terrac
1122 3759 1183 3811 erat
1202 3754 1319 3811 melina·

728 3836 766 3882 ta.
784 3827 865 3895 Quia,
881 3830 912 3882 ut
927 3824 994 3881 uicit
1009 3827 1317 3897 Aupustiuus,q11anlo

729 3899 819 3969 uragis
838 3898 957 3969 quisque
982 3897 1104 3952 terrenis
1120 3897 1317 3968 occupationi·

728 3971 783 4026 hus
812 3969 983 4041 implicatur,
1004 3974 1084 4024 lanto
1114 3972 1205 4036 magis
1232 3984 1249 4022 a
1274 3967 1324 4028 sui,

730 4041 892 4097 conditoris
906 4040 1016 4096 visione
1029 4039 1213 4110 praepeditur.
1230 4040 1273 4105 tu,
1289 4041 1319 4093 ut

729 4111 798 4168 dicit
814 4112 971 4182 Greportus,
991 4109 1194 4181 concupiscens
1218 4107 1318 4164 visibi-

729 4182 777 4250 lia,
799 4182 956 4240 invisibiles
984 4180 1103 4236 virtutes
1129 4178 1244 4236 amittit.
1268 4177 1319 4236 Ille

729 4254 832 4328 quippe
849 4257 936 4312 homo
952 4267 1056 4309 curvus
1070 4255 1123 4319 est,
1136 4252 1183 4322 qni
1200 4250 1320 4308 inclina·

728 4331 775 4384 tus
789 4327 825 4384 ad
841 4327 964 4399 culpam,
975 4337 1088 4380 sursum
1102 4322 1244 4395 respicere
1258 4339 1317 4381 non

1225 4420 1253 4473 lt
