2880 4942
322 367 693 424 perniciesissime
725 371 836 426 ortior
866 363 1115 429 itiunoirirsu.
1287 381 1329 434 eu

105 475 262 544 Requiesce,
278 474 415 533 sciliceta
431 475 538 546 labore,
553 476 601 533 ubi
617 476 689 550 pesti

106 545 234 602 avaritiae
256 552 364 618 pestem
388 547 483 674 {ungit
505 548 632 631 desidiae,
660 555 690 606 ut

106 633 159 673 nec
185 634 236 689 pro
262 621 465 701 temporalbus
488 621 577 677 Deum
599 625 689 677 inter-

106 689 276 815 pelletecce
287 693 630 762 ot.1osrtas;comede,ecce
639 709 690 764 gu·

118 760 221 831 ositas3
249 762 318 831 bide,
337 779 403 819 ecce
421 765 567 833 ebrietas;
588 767 689 836 epulo-

106 848 145 901 re‚
162 833 309 915 splendide
321 840 349 890 et
362 835 493 906 superbe,
510 851 573 892 eum
586 852 688 906 magno

107 904 274 962 deliciarum
300 912 450 978 apparatu,
474 906 522 964 ubi
545 906 689 977 praedictis

105 977 189 1033 malis
201 977 288 1034 etiam
307 977 451 1033 lasciviam
470 982 499 1034 et
517 978 690 1050 voluptatem

105 1047 196 1115 addit,
212 1064 278 1105 ecce
293 1047 506 1105 comessationis
529 1049 688 1106 celebritas.

106 1119 158 1174 llic
173 1135 240 1192 ergo
258 1119 453 1191 exprimuntur
467 1124 590 1190 quatuor
604 1121 689 1191 mala,

106 1205 170 1261 quae
200 1191 313 1248 evenire
342 1192 445 1260 solent,
466 1207 499 1247 ex
528 1191 690 1249 divitiarum

105 1262 292 1319 abundantia.
308 1266 370 1319 Haec
383 1266 440 1332 suit
454 1265 591 1335 iniquitas
604 1265 690 1321 Sodo-

104 1335 314 1406 mmsuperdio,
324 1334 353 1390 in
369 1333 540 1406 epulatione,
556 1338 691 1392 saturitas

100 1409 197 1488 ponis,
216 1404 246 1462 in
263 1406 447 1476 comestione,
464 1413 490 1462 et
504 1407 688 1474 abundantia,

102 1493 133 1533 in
148 1477 296 1546 ebrietate,
310 1483 336 1533 et
354 1481 449 1546 otium,
467 1477 498 1535 in
513 1477 620 1549 requie.
637 1477 689 1534 Ubi

102 1550 201 1605 Beda:
222 1574 231 1596 ·
250 1549 299 1606 Cui
313 1548 404 1605 simile
426 1554 469 1605 est
490 1550 567 1621 quod
588 1549 617 1605 in
636 1551 687 1606 Ec·

103 1618 263 1677 clesiastico
277 1620 382 1692 legitur
395 1637 403 1676 ι
416 1622 466 1676 Est
481 1624 530 1691 qui
542 1622 689 1692 locupleta·

103 1697 150 1748 tur
176 1708 258 1764 poree
287 1693 402 1761 spendo,
424 1697 450 1748 et
478 1694 533 1749 bea
557 1698 596 1748 est
621 1708 689 1764 pars

102 1764 233 1820 mercedis
248 1764 326 1819 illias
338 1766 369 1820 ia
382 1765 492 1834 eoquod
506 1764 577 1820 dieat
591 1783 599 1819 :
614 1767 689 1820 inoe-

102 1838 134 1890 m'
151 1838 273 1906 requiem
287 1837 367 1902 mibi,
386 1841 412 1891 et
425 1852 497 1892 aune
516 1836 688 1892 manducabo

103 1907 138 1962 de
165 1908 241 1963 bonis
262 1911 330 1963 mets
346 1908 436 1977 sotus;
454 1910 480 1963 et
505 1910 590 1963 nescit
615 1907 689 1977 quod

103 1983 210 2050 tempus
227 1982 375 2050 prateriet,
395 1984 421 2034 et
440 1980 582 2048 relinquat
596 1981 689 2034 omnio

102 2052 180 2106 aliis.
199 2070 212 2103 u
234 2052 396 2107 Secundum
420 2050 553 2106 eumdem
574 2051 688 2120 Bedom,

103 2137 163 2178 non
179 2122 397 2194 reprehenditur
419 2121 473 2178 iste
488 2121 566 2178 dives
590 2121 619 2177 in
643 2138 687 2192 eo,

103 2193 179 2264 quod
194 2199 300 2251 terram
315 2192 435 2251 coluerit
448 2198 477 2249 et
492 2193 600 2249 tructus
624 2209 688 2250 ser·

101 2280 169 2322 rare
185 2266 325 2335 rolnerit;
341 2266 391 2322 sed
405 2265 481 2337 quod
493 2280 607 2321 omnem
624 2264 689 2322 ritae

102 2353 162 2394 suae
178 2337 311 2395 fiduciam
327 2336 356 2393 in
378 2353 430 2393 sua
444 2336 619 2395 abundantia
638 2353 688 2408 po-

102 2408 213 2480 suerit;
229 2411 390 2480 tinctusque
401 2415 484 2466 natos
499 2409 608 2464 tructus
623 2425 690 2466 suos

102 2487 130 2538 et
147 2498 197 2539 sua
216 2482 290 2539 boua
305 2479 563 2553 computans,nibil
579 2495 688 2562 paupe-

744 492 807 534 rum
834 481 963 552 tempora
983 481 1179 553 promittebas,
1199 485 1330 555 proxima

744 549 889 606 bacnocte
906 556 997 608 morte
1008 559 1177 625 prereptus,
1188 556 1328 617 aliiscon·

744 625 862 693 gregata
878 621 1032 694 relinques.
1043 627 1109 681 Haec
1125 642 1143 683 a
1158 629 1214 684 er
1225 630 1261 686 ad
1277 631 1328 687 bo·

744 691 837 749 mines
854 693 948 750 dicere
965 699 1008 750 est
1024 710 1127 776 pravas
1142 699 1204 770 ejus
1218 701 1329 757 machi-

744 763 876 821 nationes
884 765 978 822 subita
986 768 1232 828 animadversione
1246 788 1329 829 com-

745 851 871 962 pescere.
888 836 954 894 Dies
967 837 1043 896 enim
1068 838 1159 897 exitus
1183 846 1330 915 tamquam

758 923 791 963 ur
815 907 846 964 in
870 913 953 965 nocte
970 912 1192 983 comprehendit,
1215 916 1329 986 quaudo

746 977 898 1035 stultorum
920 979 1032 1038 animas
1055 982 1150 1040 lutura
1178 1000 1236 1041 non
1259 1003 1331 1059 prm·

746 1050 919 1107 meditantes
934 1051 1020 1123 ejicit.
1047 1072 1062 1107 u
1078 1055 1159 1112 Unde
1180 1062 1208 1112 et
1227 1058 1330 1128 Greqo·

745 1123 828 1178 rios:
847 1144 862 1174 «
878 1122 984 1179 Eadem
998 1123 1075 1181 enim
1098 1131 1141 1181 est
1162 1133 1245 1185 nocte
1264 1132 1331 1188 sub-

746 1190 830 1261 latus,
850 1192 899 1265 qni
916 1195 1006 1252 multa
1021 1196 1115 1252 luerat
1138 1200 1330 1271 praestolatus,
1358 1266 1361 1270 Α

745 1269 778 1345 nt
796 1263 913 1335 scilicet,
935 1266 982 1337 qui
1003 1266 1034 1323 in
1052 1267 1167 1350 longum
1188 1269 1243 1328 sibi
1262 1274 1330 1329 sub·

746 1335 818 1392 sidia
839 1336 998 1406 colligendo
1042 1345 1207 1411 respiceret,
1233 1345 1331 1400 subse·

745 1411 879 1534 guentem
892 1408 968 1465 diem
983 1354 1132 1467 refusum
1158 1412 1275 1471 minime
1290 1415 1331 1471 ri-

765 1483 835 1534 eret.
866 1480 898 1535 ln
932 1483 1015 1538 nocte
1042 1487 1137 1539 autem
1170 1484 1265 1542 ablata
1287 1491 1331 1544 est

744 1549 851 1621 anima,
868 1564 931 1622 quae
946 1550 976 1608 in
989 1552 1164 1611 obscuritate
1177 1557 1271 1614 cordis
1287 1563 1331 1615 est

744 1621 850 1678 evulsa.
882 1624 914 1678 ln
942 1630 1026 1681 nocte
1061 1624 1156 1682 ablata
1183 1633 1237 1693 ost,
1263 1645 1329 1701 qum

744 1692 980 1751 considerationis
994 1694 1086 1753 lucem
1100 1697 1206 1755 babere
1225 1699 1328 1770 noluit,

743 1769 784 1832 ut,
801 1765 878 1836 quod
892 1766 950 1838 pati
967 1772 1088 1838 poterat.
1103 1769 1273 1840 praevideret
1291 1790 1297 1828 :
1314 1794 1328 1826 u

743 1836 805 1891 haec
820 1837 977 1906 Greqorius.
1000 1840 1035 1894 Et
1057 1840 1152 1896 subdit
1170 1842 1328 1900 Dominus:

744 1907 809 1974 Quae
823 1915 914 1964 autem
924 1912 1044 1980 parasti,
1058 1911 1137 1979 cujus
1147 1918 1226 1968 eunt
1235 1917 1249 1968 l
1258 1916 1330 1981 Qua-

744 1978 770 2034 si
787 1977 894 2035 diceret
915 1997 921 2035 :
938 1981 999 2036 Non
1014 1986 1100 2037 erunt
1114 1987 1171 2053 tua,
1190 1983 1330 2054 quianon

744 2051 872 2120 portabis
897 2056 1046 2118 catecum,
1064 2053 1139 2109 solas
1155 2053 1230 2111 enim
1250 2055 1328 2112 divi-

745 2120 799 2176 tias
824 2121 960 2178 virtutum
990 2127 1085 2195 portat
1107 2125 1192 2182 bomo
1218 2142 1328 2197 secum,

745 2192 823 2249 Unde
841 2194 1072 2264 chrysostomus:
1094 2217 1109 2246 «
1131 2196 1182 2254 llic
1196 2197 1273 2255 enim
1295 2215 1330 2256 ea
1411 2194 1425 2265 ,“

744 2264 869 2346 deseres,
887 2282 943 2322 non
957 2267 1048 2324 solum
1063 2267 1170 2326 nullum
1186 2268 1252 2327 iude
1263 2287 1328 2344 per-

744 2351 852 2408 cipiens
863 2338 1054 2407 commodum,
1070 2341 1221 2399 sedetiam
1238 2342 1328 2399 sarci·

744 2423 810 2465 nam
825 2414 1008 2481 peccatorum
1032 2416 1149 2483 portans
1174 2429 1260 2485 super
1274 2415 1328 2471 hu·

745 2495 840 2536 meros
852 2481 994 2552 proprios,
1009 2487 1038 2538 et
1052 2499 1115 2554 quae
1131 2482 1246 2554 quidem
1263 2501 1281 2542 a
1300 2490 1328 2542 te

101 2553 181 2611 ribus
195 2569 315 2624 erogare
333 2551 522 2621 constituerit,
535 2552 616 2624 iuxta
634 2568 688 2608 im·

101 2625 213 2698 perium
227 2623 340 2681 bomini
357 2666 365 2694 ,
380 2624 500 2681 dicentis
517 2641 523 2679 :
544 2623 622 2691 Quod
640 2640 688 2680 su-

122 2702 192 2753 erest
206 2697 271 2753 dete
289 2698 496 2766 eleemosynam,
509 2695 560 2751 sed
580 2710 639 2751 suae
657 2695 688 2752 in

98 2713 228 2826 {uturum
243 2767 431 2840 eleemosynae
457 2782 604 2824 reservare
628 2771 687 2823 stu·

101 2840 206 2898 doerit.
228 2839 294 2908 Sed,
322 2844 354 2896 ut
379 2838 448 2896 dicit
464 2840 598 2908 Basilius,
618 2839 688 2896 dum
743 2842 843 2911 gregat
851 2837 984 2919 opes,qui
993 2854 1024 2895 se
1039 2838 1083 2896 bis
1093 2840 1183 2898 nescit
1193 2857 1328 2913 usurum;

102 2913 131 2968 iu
150 2911 317 2969 abscondito
335 2911 472 2984 loquitur,
493 2910 607 2983 eloquia
626 2911 687 2982 eJ'ns
742 2925 836 2982 neque
858 2925 936 2967 enim
956 2917 1056 2967 nostra
1070 2917 1146 2981 sunt,
1174 2929 1238 2985 quae
1270 2930 1330 2971 nou

101 2983 387 3052 examinantur,uude
403 2983 456 3040 sibi
469 2997 608 3056 responsa
622 2997 687 3055 pro·
742 2996 893 3063 possumus
927 2982 1041 3040 auterre
1070 2983 1231 3042 nobiscum.
1262 2987 1330 3044 Sola

98 3053 230 3112 ueniunt.
243 3055 376 3126 Sequitur
389 3055 464 3113 enim
479 3074 489 3111 .·
504 3058 585 3111 Dicit
595 3061 687 3111 autem
742 3058 832 3110 virtus
851 3069 946 3110 comos
970 3059 1013 3110 est
1029 3054 1243 3125 detunctorum3
1269 3058 1331 3114 sola

100 3129 147 3183 illl
161 3130 242 3195 Deus,
256 3125 285 3182 id
298 3131 342 3183 est
353 3126 527 3183 contrarium
539 3143 597 3183 suae
612 3125 685 3198 cogi·
743 3139 796 3180 nos
812 3125 1330 3198 sequiturmisecicordia,quaetaber-

99 3196 202 3255 lationi
217 3197 292 3267 lecit,
310 3197 405 3256 dicere
420 3199 494 3255 onim
516 3198 577 3269 Dei,
593 3198 686 3254 lacere
741 3196 844 3252 nacula
864 3196 1006 3252 defunctis
1022 3197 1142 3267 acquirit
1163 3204 1272 3255 aeterna
1288 3219 1297 3254 z
1313 3220 1328 3250 »

100 3275 156 3339 est,
167 3270 321 3328 secundum
331 3269 402 3326 illud
413 3270 476 3327 libri
489 3270 684 3326 Psalmorum:
742 3267 803 3323 haec
822 3267 994 3323 Ambrosias.
1016 3269 1083 3323 llaec
1101 3268 1231 3339 quaestio,
1252 3268 1329 3324 scili-

99 3345 163 3414 lpse
176 3343 253 3398 dieit
263 3347 288 3397 et
297 3344 375 3411 (octo
384 3346 459 3396 sunt.
471 3342 505 3395 Et
518 3340 586 3411 quid
598 3339 687 3395 dixit‘l
742 3343 800 3394 cet:
810 3337 877 3403 Quae
887 3336 1004 3417 parasti,
1015 3339 1096 3409 cujus
1107 3338 1328 3420 eruntipotissi·

99 3415 201 3481 Stulte,
218 3412 265 3486 qui
286 3429 343 3469 uon
362 3411 471 3484 cogitas
493 3410 529 3466 de
545 3409 595 3466 liei
614 3411 685 3465 Pro·
743 3424 789 3464 me
798 3412 892 3480 potest
907 3407 969 3463 llem
980 3408 1110 3478 personis
1120 3408 1329 3480 ecclesiasticis,

103 3484 228 3543 videntia
246 3490 274 3541 et
286 3483 408 3567 iustitia.
434 3480 486 3538 Ubi
509 3481 585 3537 idem
606 3483 686 3561 Base·-
742 3494 809 3560 que¹
819 3494 876 3535 non
889 3479 1329 3607 possuntrelinquerebonalic·

101 3558 158 3613 tius
174 3575 181 3614 :
199 3579 214 3608 «
226 3558 299 3613 dudi
314 3553 488 3612 conveniens
497 3551 548 3608 tibi
559 3552 686 3608 stultitiae
742 3551 836 3606 clesiae
851 3549 1004 3606 heredibus
1014 3565 1084 3607 suis.
1112 3553 1177 3608 ‘nae
1189 3567 1220 3608 in
1234 3552 1329 3610 Ucale-

101 3643 218 3698 nomen,
233 3628 309 3700 quod
322 3626 374 3684 tibi
390 3625 488 3683 nullus
504 3622 623 3696 imponit
639 3623 687 3679 bo·
743 3620 839 3678 siaste:
851 3623 1327 3691 unmestutseemdumnmtaou,

100 3699 222 3768 minum,
239 3700 289 3757 sed
311 3698 372 3771 ipse
392 3699 478 3754 Deus.
499 3715 513 3749 »
538 3698 598 3751 lloe
613 3700 689 3751 noete
716 3714 720 3720 ·
741 3709 797 3750 aaa
811 3695 911 3764 fitium,
926 3708 980 3750 aon
992 3694 1125 3764 fratrem3
1140 3700 1166 3751 et
1180 3699 1270 3753 tomm
1284 3698 1326 3753 lu·

99 3777 233 3844 repetent,
249 3770 357 3829 scilicet
370 3775 515 3827 exactores
529 3774 558 3824 et
575 3768 689 3824 daemo-
745 3766 902 3822 borareaon
914 3769 1000 3822 eessot
1012 3771 1038 3822 et
1051 3783 1105 3824 noa
1116 3770 1258 3824 satiantur
1268 3785 1329 3826 oeu-

101 3859 165 3912 nes,
189 3860 207 3899 a
228 3848 255 3900 te
282 3846 404 3899 animum
427 3847 513 3910 tuam,
543 3844 689 3909 tamquam
743 3838 765 3893 a·
780 3837 961 3908 eiusdtottis.

101 3930 184 3972 suam
203 3918 231 3970 el
247 3914 300 3972 sibi
315 3930 367 3986 per
384 3918 532 3986 peccatum
547 3910 690 3967 venditam
780 3910 875 3977 5Qu1s
890 3926 918 3965 iu
930 3911 1008 3966 Duru
1025 3910 1124 3967 nitas?
1140 3943 1175 3954 ·-
1189 3913 1222 3967 Et
1236 3911 1328 3984 appli-

101 3991 188 4057 atquc
199 3986 366 4056 obligatam,
378 3990 406 4041 ut
419 3985 454 4041 de
469 3989 564 4040 cetero
577 3987 689 4053 tempus
743 3981 834 4037 cando
849 3981 885 4037 ad
895 3981 1084 4063 propositum,
1097 3982 1244 4054 subjungit
1257 4000 1264 4037 z
1282 3986 1329 4040 Sic

101 4075 159 4114 nou
184 4058 291 4114 babeas
312 4055 483 4113 emendandi
509 4062 538 4111 et
558 4058 586 4111 te
612 4053 688 4110 rodi·
744 4059 795 4117 est,
818 4051 948 4108 videlicet
969 4052 1101 4109 similiter
1120 4053 1233 4122 stultus,
1248 4059 1276 4109 et
1293 4054 1330 4109 ad

101 4129 209 4187 mendi.
232 4129 312 4185 Unde
329 4128 359 4183 in
374 4125 571 4184 Ecclesiastico
588 4143 594 4181 :
610 4126 690 4185 illidit
744 4123 866 4180 similem
888 4124 974 4180 linem
989 4129 1136 4193 venturus,
1149 4139 1183 4180 ac
1203 4124 1231 4179 in
1245 4129 1329 4181 nocte

99 4205 228 4272 iniquius
254 4216 337 4272 quom
364 4213 460 4254 timore
475 4201 631 4270 pecuniam,
647 4199 690 4251 bic
744 4200 773 4251 ct
792 4194 945 4266 improuiso
974 4210 991 4250 a
1017 4194 1120 4249 divinis
1138 4193 1253 4265 judiciis
1279 4212 1329 4252 ra-

100 4277 175 4330 mim
196 4276 319 4329 unimam
346 4286 426 4326 soom
452 4271 574 4325 uenalem
596 4269 687 4324 lubet.
739 4265 876 4339 piendus,
892 4269 942 4337 qui
956 4267 1022 4335 sibi,
1037 4264 1124 4347 idest
1139 4265 1254 4322 utilitati
1269 4267 1328 4339 pri-

101 4343 154 4404 Ubi
171 4345 246 4403 Beda
262 4364 271 4400 ι
289 4340 371 4410 «Qui
394 4339 482 4398 multa
493 4340 543 4399 tibi
568 4339 689 4398 delicia·
745 4341 827 4407 ratae,
842 4339 1023 4409 thesaurizat,
1038 4336 1145 4395 scilieet
1160 4338 1238 4397 bona
1256 4342 1335 4396 tem·

195 4441 264 4494 Vtra
276 4440 342 4494 Jnsu
353 4441 472 4498 Cumsrr,
487 4452 571 4491 rours
583 4438 617 4491 11.
1187 4440 1214 4489 tt

744 2560 882 2622 congesta
907 2556 974 2609 sunt
990 2552 1159 2625 plerumque
1170 2554 1201 2611 in
1225 2571 1327 2614 manus

744 2620 926 2680 inimicorum
953 2623 1135 2695 pervenient;
1159 2642 1177 2682 a
1202 2630 1229 2682 te
1260 2644 1328 2685 vero

744 2693 897 2766 superbis
922 2694 995 2752 ratio
1020 2695 1191 2767 requiretur.
1217 2699 1330 2756 »Unde

744 2770 773 2822 et
786 2766 949 2822 Ambrosius
966 2783 973 2822 :
992 2769 1137 2826 «Frustra
1160 2769 1235 2826 euim
1259 2785 1331 2829 con·
