2880 4942
500 391 612 444 tuille
638 389 757 444 rantis
785 385 887 441 citur
915 387 974 441 bix

669 575 797 635 ORATIO

154 738 274 796 Domine
288 742 357 796 Jesu
370 737 494 806 Christe,
514 735 552 793 da
570 735 639 793 mibi
654 751 706 807 per
720 739 847 792 sanctam
860 734 1065 807 discipulorum
1079 742 1193 792 tuorum
1209 736 1352 808 praedica-

119 809 240 879 tionem,
262 810 303 867 sic
320 809 413 882 gratia
430 815 477 866 tua
496 807 620 866 edoceri.
646 806 722 889 quod
744 824 799 864 non
822 807 852 864 in
871 808 1043 865 vanitatibus
1064 809 1107 864 vel
1127 807 1355 880 quibuscumque

119 883 309 940 elevationem
327 889 355 939 et
378 880 571 938 extollentiam
592 879 661 935 mibi
678 879 892 949 ingerentibus;
909 879 1002 936 sedin
1020 888 1068 936 tua
1087 895 1170 935 crucc
1187 886 1216 935 et
1230 880 1353 952 singulis

118 953 311 1010 humilitatem
331 953 360 1010 in
385 968 430 1008 me
450 951 604 1008 excitantib
630 966 644 1006 s
664 950 733 1007 mibi
759 951 843 1007 libeat
865 950 991 1023 gloriari.
1016 954 1081 1033 lpsa
1095 958 1195 1007 sancta
1221 952 1352 1008 doctrina

119 1024 292 1095 Evangelica
307 1025 334 1080 in
350 1023 493 1096 protunda
517 1021 690 1092 bumilitate,
705 1028 733 1080 et
749 1021 778 1078 iu
795 1023 928 1079 omnibus
942 1022 1093 1080 virtutibus
1109 1038 1158 1078 cor
1173 1038 1268 1079 meum
1282 1040 1350 1081 cou-

120 1096 218 1152 ssrmet
233 1112 348 1168 semper
360 1105 391 1151 et
404 1096 589 1151 corroboret:
607 1100 640 1149 ut
655 1093 762 1150 avitiis
777 1101 912 1165 purgatus
930 1100 959 1151 et
975 1094 1126 1151 virtutibus
1146 1101 1271 1162 ornatus,
1290 1110 1350 1151 me-

120 1183 197 1234 rear,
211 1166 240 1222 iu
260 1165 395 1239 praesenti
410 1164 470 1222 vita
492 1165 563 1221 etin
578 1166 674 1221 lutura
690 1164 818 1237 requiem
834 1164 936 1222 animae
957 1165 1095 1236 invenire,
1111 1165 1178 1238 quia
1192 1165 1350 1238 inquietum

120 1244 166 1297 est
185 1254 236 1295 cor
253 1254 362 1311 meum,
378 1239 470 1295 donee
483 1236 645 1309 requiescat
659 1236 688 1294 in
703 1244 743 1308 te,
758 1239 827 1295 Jesu
839 1238 922 1295 bone.
937 1240 1038 1296 limen.

698 1504 769 1631 mx

316 1773 354 1817 DE
371 1772 484 1819 uolitat:
506 1771 654 1817 sauciare
671 1772 710 1815 ΕΤ
731 1770 909 1818 vulbeuauo
923 1771 943 1816 Α
957 1772 1157 1819 perdomitus·

644 1906 726 1963 anae
738 1921 800 1980 cap.
811 1907 843 1964 x.

160 2129 171 2164 ι
204 2109 442 2175 Quaunururcrrun
486 2121 577 2160 vinem
612 2120 711 2159 rornsr

122 2178 271 2248 Cunrsrus,
288 2198 320 2235 er
339 2195 394 2242 uuo
420 2193 503 2232 sensu
523 2192 624 2232 neuros
642 2193 711 2230 nrcrr

123 2265 200 2305 runos
215 2268 261 2312 our
283 2267 363 2306 rrsun
377 2266 521 2304 moenum.
541 2278 570 2288 —
593 2249 626 2302 Et
645 2263 670 2317 qr
684 2246 713 2303 ia

123 2319 234 2376 dixerat
264 2320 402 2377 Dominus
425 2321 507 2375 lesus
526 2317 662 2389 mysteria
680 2319 712 2373 ll-

124 2390 170 2447 dei
184 2398 210 2447 et
231 2408 339 2448 arcana
368 2389 516 2462 sapicntiae
544 2389 712 2446 abscondita

121 2463 254 2534 superbis
272 2470 301 2520 et
315 2463 442 2520 revelata
457 2462 593 2534 parvulis.
611 2476 711 2517 cousc-

122 2546 255 2616 quenter,
277 2535 382 2592 omissa
401 2534 568 2592 ludaeorum
587 2548 710 2588 excaera·

121 2610 212 2674 tronc,
233 2606 359 2664 ostendit
383 2605 586 2677 discipulorum
605 2603 711 2660 illumi·

120 2678 278 2746 nationem,
295 2686 325 2734 ut
344 2677 477 2735 ostendat
499 2692 548 2732 eos
568 2692 630 2732 esse
648 2691 711 2747 par-

124 2748 216 2816 vuloS,
251 2751 355 2819 quibus
385 2751 471 2804 Pater
495 2748 635 2803 adventus
666 2745 709 2802 sui

122 2818 260 2889 mysteria
286 2819 432 2876 revelarit.
457 2818 536 2874 Unde
563 2818 632 2873 dicit
661 2833 711 2874 eos

52 2902 58 2911 ·
120 2887 233 2958 beatos,
255 2890 322 2960 quia
344 2890 374 2945 in
400 2889 442 2945 eis
464 2889 517 2945 luit
538 2888 709 2960 completum

121 2960 199 3031 quod
229 2960 354 3032 antiquis
382 2960 515 3016 Patribus
531 2961 622 3015 luerat
641 2975 708 3031 pro-

121 3029 253 3087 missum.
267 3035 417 3090 Conuersus
433 3047 501 3101 ergo
512 3032 549 3085 ud
558 3033 711 3101 discipulos

120 3116 186 3157 suos
196 3104 272 3158 dixit
285 3122 291 3160 :
303 3105 383 3160 Booti
392 3105 475 3166 oculi,
487 3103 640 3174 quivident
650 3119 711 3172 qua

120 3188 168 3229 uos
185 3177 308 3243 oidetts3
327 3179 356 3231 et
374 3190 426 3245 per
445 3175 500 3230 boe
515 3175 614 3231 beatos
629 3172 708 3242 dicit,

121 3244 189 3317 quia
206 3247 355 3304 [lominum
369 3248 465 3302 Jesnm
481 3250 509 3302 et
523 3244 710 3316 corporaliter

120 3317 210 3374 oculis
220 3318 420 3386 exterioribus,
434 3324 462 3375 et
472 3318 636 3375 mentaliter
645 3335 709 3375 ocu·

120 3387 156 3445 lis
184 3389 369 3447 interioribus
395 3390 493 3447 videre
524 3394 704 3447 meruerunt.

121 3459 256 3518 Videutes
282 3462 359 3518 enim
376 3462 520 3519 Christum
547 3478 598 3534 per
621 3462 707 3517 iidem

121 3531 239 3611 caritate
255 3533 418 3602 formatam,
433 3533 509 3590 beati
522 3539 589 3589 sunt
600 3532 630 3589 iu
641 3548 705 3603 spe;

119 3604 148 3656 et
162 3617 185 3656 si
203 3609 397 3672 perseverent,
410 3603 487 3661 beati
512 3609 597 3661 erunt
621 3603 650 3659 in
663 3619 704 3659 re.

117 3673 185 3740 Dico
199 3676 272 3727 enim
288 3675 365 3728 vobis
378 3676 453 3744 quod
469 3677 552 3730 multi
564 3676 707 3744 Propheta

118 3741 258 3824 pollentes
273 3741 302 3796 in
316 3744 498 3813 cogitatione,
512 3751 538 3800 et
551 3760 638 3813 repes.
655 3760 705 3800 seu

114 3811 184 3884 Justi
214 3813 351 3884 pollentes
379 3813 408 3870 in
434 3815 583 3871 sanctitate
605 3832 613 3870 ι
633 3830 705 3885 quos

119 3882 196 3941 enim
220 3885 310 3940 Lucas
339 3900 422 3956 reges
450 3884 530 3954 dicit,
555 3886 705 3942 blatthaeus

115 3955 209 4027 justos
236 3955 371 4038 appellat,
395 3955 464 4028 quia
490 3957 586 4028 magni
622 3973 704 4018 renes

118 4033 259 4099 sunt,an
284 4027 472 4085 tentationum
489 4044 604 4085 suarum
619 4027 702 4085 moti·

118 4098 243 4156 bnsnon
273 4099 478 4156 consentiendo
506 4100 702 4171 succumbere,

118 4170 169 4226 sed
184 4171 311 4237 rependo
334 4187 458 4243 preesse
483 4177 637 4240 noverunt3
658 4188 703 4228 oo·

119 4240 229 4297 luerunt
242 4244 336 4298 cidere
348 4261 409 4314 qua
423 4260 470 4300 voe
485 4243 596 4304 videtin.
609 4249 636 4299 et
647 4260 702 4300 aon

117 4313 256 4380 videant,
276 4319 303 4369 et
329 4316 428 4372 audire
454 4332 516 4388 qua
538 4316 655 4382 cuditis,
675 4319 702 4372 et

766 2119 820 2158 noa
839 2101 998 2158 audierunt.
1019 2102 1258 2160 Desideraverunt
1275 2103 1352 2161 euim

766 2174 862 2230 videre
878 2179 907 2229 et
920 2173 1019 2230 audire
1039 2190 1073 2232 eo
1094 2176 1177 2232 modo
1195 2191 1250 2246 quo
1268 2174 1352 2232 disci·

767 2246 825 2317 puli
842 2244 975 2302 viderunt
995 2251 1023 2302 et
1042 2247 1202 2315 audierunt,
1217 2245 1268 2302 sed
1291 2263 1349 2303 uon

766 2317 899 2373 viderunt
919 2333 1012 2387 neque
1030 2317 1184 2374 audierunt
1203 2333 1237 2374 eo
1256 2317 1351 2386 modo,

766 2388 833 2459 quia
865 2404 921 2444 nou
949 2389 1145 2459 corporaliter,
1175 2388 1241 2445 licet
1268 2387 1352 2461 spiri·

766 2458 901 2529 tualiter;
924 2459 974 2516 sed
994 2460 1123 2532 discipuli
1147 2465 1269 2531 utroque
1293 2476 1352 2518 mo·

766 2530 803 2587 do
820 2549 827 2586 :
844 2546 912 2587 nam
931 2530 1055 2588 exterius
1078 2531 1210 2588 viderunt
1250 2548 1354 2589 raesen-

766 2603 835 2659 tiam
862 2604 1041 2675 corporalem
1065 2611 1093 2660 et
1121 2547 1268 2672 mirarufa,
1285 2619 1352 2660 con-

767 2674 924 2756 spiciendo,
949 2682 978 2731 et
1008 2675 1128 2732 interius
1152 2674 1284 2731 viderunt
1307 2674 1352 2731 di·

766 2745 913 2802 unitatem
945 2746 1104 2815 letantem,
1141 2745 1349 2816 intelligendo,

766 2816 891 2873 exterius
907 2817 1176 2886 audieruntvorem,
1192 2816 1352 2873 doctrinam

766 2887 961 2960 percipiendo,
988 2894 1016 2945 et
1044 2888 1163 2945 interius
1188 2887 1352 2956 audierunt,

766 2974 818 3030 per
855 2960 941 3016 sidem
975 2960 1169 3017 assentiendo.
1203 2960 1354 3041 Prophetae

767 3030 908 3102 siquidem
922 3036 950 3086 et
964 3048 1046 3103 reges
1056 3048 1073 3089 a
1085 3032 1170 3103 longe
1181 3031 1354 3103 aspicientes

766 3118 817 3174 per
846 3102 955 3173 figuras
988 3107 1031 3160 rel
1060 3103 1200 3160 visionum
1230 3101 1351 3174 species,

786 3172 846 3230 uasi
863 3190 915 3246 per
928 3176 1076 3256 speculum
1097 3182 1125 3232 et
1142 3174 1171 3230 in
1186 3173 1351 3245 aenigmate,

766 3189 911 3302 ancletum
925 3246 1068 3316 viderunt,
1085 3251 1115 3304 et
1133 3246 1287 3303 audieruut
1295 3259 1354 3372 lper

766 3316 868 3386 tidem;
889 3317 940 3374 sed
957 3317 1086 3390 discipuli
1106 3322 1276 3391 praesentem
1321 3331 1352 3371 o·

766 3388 875 3445 minum
904 3390 1054 3458 babentes,
1080 3394 1108 3447 et
1133 3392 1170 3446 ab
1197 3387 1259 3459 ipso
1288 3401 1354 3459 quae

765 3459 901 3517 volebant
927 3460 1152 3532 interrogantes,
1175 3460 1355 3517 docebantur

764 3546 816 3602 per
841 3531 934 3604 ipsum
953 3536 1063 3602 aperte,
1076 3548 1134 3588 nou
1150 3546 1203 3604 per
1216 3529 1354 3611 angelos,

764 3607 813 3658 aut
834 3602 928 3659 varias
947 3602 1089 3660 visionum
1105 3603 1225 3675 species,
1241 3602 1270 3657 in
1284 3616 1356 3658 aenr-

763 3679 869 3744 gmate.
886 3676 947 3731 Non
961 3673 1105 3731 beatificat
1119 3690 1169 3731 eos
1184 3672 1233 3746 qui
1250 3688 1300 3730 cor
1341 3701 1354 3713 -

762 3744 863 3801 raliter
878 3751 907 3800 et
921 3762 981 3802 uon
1008 3745 1170 3803 mentaliter
1186 3760 1241 3828 per
1265 3744 1284 3800 n
1308 3758 1354 3825 em

763 3830 828 3871 eum
842 3816 986 3888 viderunt,
998 3824 1030 3874 ut
1040 3817 1132 3875 Judaei
1144 3833 1193 3889 qur
1209 3813 1353 3872 increduli

762 3893 971 3956 remanserunt,
991 3895 1019 3946 et
1048 3905 1133 3961 quem
1164 3885 1355 3970 corporaliter

761 3957 902 4028 viderunt,
914 3960 1018 4017 meotis
1029 3960 1118 4018 oculis
1130 3958 1351 4017 non-uderuut:

760 4028 858 4088 etideo
870 4047 969 4088 eorum
979 4032 1055 4089 oculi
1066 4048 1121 4088 non
1132 4030 1218 4101 beati,
1230 4029 1281 4087 sed
1290 4043 1352 4111 me-

759 4100 855 4159 ledicti
880 4101 991 4159 dicendi
1012 4107 1093 4171 suut;
1114 4103 1166 4159 sed
1188 4117 1239 4159 eos
1257 4101 1351 4158 beatr-

759 4172 836 4235 ucat,
871 4173 899 4230 ui
915 4189 991 4239 eum,
1019 4190 1071 4247 per
1085 4174 1184 4239 fldem,
1202 4172 1349 4241 videbant,

758 4189 918 4301 nonso‘ium
932 4244 1074 4328 exteriora
1089 4247 1149 4318 ejus
1169 4241 1349 4327 conspicien-

758 4314 806 4384 do,
836 4315 887 4373 sed
915 4320 1001 4373 etiem
1028 4321 1163 4375 virtutem
1191 4315 1350 4374 durantium
