2880 4942
341 334 380 390 [tl
407 333 554 388 bullans·
580 333 765 386 clllllrtlll
796 334 834 387 ll
863 333 943 387 llus
971 333 1074 387 lllll.
1281 335 1327 392 stt

98 441 195 498 dinem
214 446 242 497 et
260 439 425 511 qualitatem
439 437 543 507 morbi,
558 437 607 513 qui
624 439 686 510 ejus
742 446 771 498 et
794 456 847 512 per
862 454 1043 511 consequens
1056 437 1144 496 etiam
1166 439 1327 500 sanitatem.

99 512 188 569 illlam
204 511 317 583 premit.
743 510 826 581 Quasi
847 510 977 578 diceret;
1003 508 1032 567 si
1049 526 1140 582 usque
1159 512 1244 570 modo
1271 530 1330 571 non

136 589 152 639 5
168 585 314 640 Smaumuu
326 583 436 640 Currsri
450 601 485 640 su
500 599 688 639 cousraurrru
744 585 794 653 lui,
810 589 905 640 tamen
918 582 1004 639 modo
1023 582 1087 639 volo
1101 598 1166 640 esse
1186 582 1247 641 uvis
1265 584 1329 653 Dei,

101 672 225 713 uumerus
250 672 411 712 rnosnsnlu
436 671 687 712 rausevamurrau·
744 657 772 712 in
793 653 903 726 signum
917 655 1002 726 buius
1024 654 1112 711 adoro
1128 659 1157 712 te
1177 654 1251 712 sieut
1272 655 1332 715 oris

102 744 155 792 oua
169 745 319 784 remrein.
340 757 375 766 -
391 727 455 797 Qui,
471 729 554 784 lesus
570 726 688 794 scilieet,
744 730 904 800 pastorem,
928 730 957 782 et
978 724 1055 795 ideo,
1074 726 1207 796 Domine,
1228 728 1334 801 adiuva

101 802 311 870 correspondit
324 800 484 864 eiverbum,
500 814 558 854 uon
571 806 691 871 propter
746 815 802 866 me,
816 797 890 854 sicut
908 804 1006 870 postor
1017 797 1132 870 adjurat
1151 813 1234 855 orem
1254 814 1337 858 suam

101 869 328 942 indignationem
341 887 348 936 3
366 869 417 926 sed
433 875 462 926 ut
478 869 539 939 ejus
553 876 690 926 constan·
745 869 869 927 debilem
884 874 913 925 et
926 867 1080 925 infirmam.
1092 869 1335 943 Quireapondens,

100 941 170 999 liam
190 943 335 1015 probaret,
351 946 380 997 et
399 943 548 1013 probatam
567 939 690 997 manile·
746 944 809 998 uit:
827 944 889 1000 Non
908 945 948 995 est
964 941 1073 1009 bonum,
1090 940 1157 1012 quia
1176 948 1219 999 est
1234 948 1335 1000 contra

102 1019 203 1082 staret,
219 1019 248 1070 et
261 1018 293 1070 ut
308 1028 341 1068 er
355 1011 571 1083 perseverantia
585 1014 614 1068 iu
628 1027 692 1085 pre·
748 1011 879 1071 ordinem
888 1010 1008 1084 iuris,et
1023 1015 1109 1068 etiam
1121 1016 1233 1071 naturae
1247 1030 1336 1072 sume-

102 1101 134 1142 ee
148 1087 348 1141 ostenderetur
362 1083 435 1140 ildes
455 1083 526 1155 ejus,
548 1089 578 1140 et
600 1083 693 1140 devo·
748 1102 789 1154 re,
804 1090 834 1141 et
846 1087 959 1140 auterre
979 1098 1092 1154 panem,
1107 1081 1137 1140 id
1154 1090 1199 1141 est
1216 1089 1336 1144 verbum

104 1155 145 1213 tio
159 1154 275 1237 dignior
292 1170 326 1211 ex
347 1154 505 1211 auditione.
526 1156 560 1211 Et
588 1153 618 1211 in
644 1153 693 1211 illo
749 1154 801 1214 Dei
812 1160 841 1212 et
855 1153 965 1223 salutis,
980 1169 1032 1209 seu
1050 1153 1210 1212 doctrinam
1225 1161 1254 1212 et
1268 1172 1337 1230 ope-

106 1225 232 1296 silentro,
251 1224 391 1295 cbristus,
417 1225 572 1283 secundum
596 1227 695 1295 Aepu-
750 1229 893 1284 rationem
919 1225 1132 1296 miraculosam,
1156 1229 1289 1300 tiliorum,
1307 1226 1339 1286 id

105 1300 221 1367 stiram,
236 1296 321 1354 exivit
339 1297 436 1366 domo,
456 1313 520 1355 cum
536 1296 694 1380 discipulis,
751 1307 795 1356 est
808 1298 992 1366 Judaeorum3
1016 1296 1084 1369 quia
1102 1297 1244 1372 promissa
1272 1303 1341 1356 suut

106 1385 179 1443 quos
193 1368 296 1426 mulier
310 1385 433 1440 sequens
448 1368 477 1425 in
491 1368 537 1425 ria
553 1367 699 1426 nibilomi·
751 1369 869 1439 Judaeis,
886 1374 1035 1440 tamquam
1056 1368 1252 1442 spiritualibus
1270 1370 1339 1428 liliis

106 1458 161 1499 nus
171 1439 296 1497 instabat
309 1445 337 1497 et
347 1442 560 1512 perseverabat,
568 1441 696 1498 clamans
751 1447 869 1516 propter
880 1441 990 1498 cultum
1006 1438 1089 1497 unius
1103 1440 1153 1498 Dei
1167 1458 1174 1510 ;
1191 1449 1217 1498 et
1229 1445 1340 1499 mittere

107 1512 271 1581 intantum,
289 1517 320 1568 ut
335 1515 441 1568 etdisci
461 1512 578 1583 attejas
591 1518 695 1586 myste·
752 1514 878 1583 eanibas,
891 1511 920 1569 id
933 1517 976 1569 est
994 1511 1064 1568 dare
1090 1512 1260 1585 Gentilibus,
1289 1512 1338 1586 qui

108 1583 144 1641 rii
160 1582 262 1657 ignari,
279 1581 426 1640 misericor
447 1599 474 1639 ra
487 1581 567 1652 moti,
583 1582 696 1656 imper·
751 1591 818 1643 ante
831 1582 1047 1642 couversionem
1060 1582 1232 1642 dicebantur
1240 1600 1339 1656 canes,

107 1655 229 1713 tunitate
246 1653 373 1711 mulieris
388 1653 464 1724 victi,
484 1656 640 1711 aecedentes
653 1670 696 1711 ro-
751 1659 863 1715 ratione
875 1653 1076 1723 immunditias,
1096 1655 1208 1714 ratione
1222 1656 1341 1715 idolola-

108 1728 212 1798 pobont
227 1743 287 1781 eum
306 1740 358 1798 pro
373 1741 418 1795 ca,
429 1727 549 1782 dieentes
561 1743 568 1782 :
580 1729 697 1782 Dimitte
752 1727 816 1787 triae
827 1733 857 1785 et
868 1725 979 1784 ratione
991 1725 1108 1783 saevitia
1119 1726 1148 1784 in
1161 1729 1291 1786 Sanetus.
1302 1730 1343 1786 Ac

110 1815 180 1868 eam,
203 1813 291 1872 quam
316 1803 397 1854 tenes
422 1813 480 1854 nou
506 1798 695 1866 exaudiendo,
753 1803 806 1857 tlte
831 1800 918 1868 dixit,
941 1813 1006 1855 eece
1032 1798 1178 1856 humilitas
1204 1800 1345 1869 mulieris,

111 1872 179 1943 quia
202 1872 305 1925 etumat
331 1873 395 1940 post
410 1885 470 1938 nos,
485 1884 545 1941 prae
566 1868 699 1942 angustia
755 1887 820 1944 quae
832 1874 913 1927 tanto
927 1869 990 1941 plus
1006 1871 1217 1941 magnificatur,
1237 1877 1346 1943 quanto

111 1958 177 2015 quae
193 1957 255 1998 eam
271 1946 351 1998 tenet
375 1941 699 2013 premendo.Facquod
755 1939 910 2015 majorluit
919 1941 1093 2013 objurgatio,
1104 1957 1168 2013 quae
1198 1941 1348 2000 nantaluit

111 2013 175 2087 ipsa
186 2011 268 2085 petit,
289 2017 317 2069 et
334 2011 375 2068 sic
390 2015 505 2069 recedat
519 2029 527 2081 ;
541 2011 610 2069 moti
624 2010 700 2069 enim
755 2019 835 2089 patet
848 2029 882 2069 ex
902 2011 1017 2069 tribus:
1036 2011 1176 2084 quianon
1209 2014 1258 2084 lia,
1285 2030 1346 2072 uon

114 2092 198 2143 erant
209 2087 245 2142 ad
260 2086 326 2154 buc,
341 2083 473 2140 videntes
490 2085 554 2155 eius
568 2084 654 2141 tidem
672 2088 701 2138 et
756 2101 831 2160 pane
853 2082 952 2165 digna,
970 2082 1020 2139 sed
1035 2083 1129 2156 potius
1143 2084 1223 2141 cauis
1245 2090 1289 2143 est
1302 2086 1347 2141 di-

114 2158 305 2215 devotronem.
345 2156 399 2223 Qui
426 2156 606 2227 respondens,
620 2157 662 2212 eit
691 2173 700 2210 ε
757 2164 821 2220 clar
838 2161 868 2213 et
889 2170 952 2227 ipsa
977 2153 1119 2213 concessit
1142 2155 1249 2225 omnia,
1269 2157 1344 2214 uude

114 2232 176 2288 Non
196 2244 257 2283 sem
277 2229 378 2283 missas
391 2230 447 2282 nisi
461 2227 499 2282 ad
521 2242 583 2283 eoos
604 2228 702 2284 domus
757 2227 886 2300 sequitur
900 2243 908 2284 ι
920 2228 1025 2297 Etiam,
1036 2229 1159 2284 Domine.
1172 2227 1256 2295 Quasi
1269 2227 1344 2286 dice

116 2301 212 2364 lsrael,
228 2300 256 2355 ld
271 2305 315 2355 est
330 2299 366 2355 ad
378 2300 506 2368 ludaeos,
527 2316 588 2371 qua
609 2300 701 2372 perte·
757 2306 822 2358 ret:
835 2296 1027 2365 Verumdicis,
1039 2298 1106 2370 quia
1119 2299 1279 2357 sumcauis.
1289 2301 1342 2358 Ca·

114 2378 193 2440 runt,
207 2369 316 2427 scilicet
330 2386 380 2443 per
393 2369 593 2428 infidelitatem
607 2386 625 2427 a
643 2371 701 2427 Deo
758 2386 824 2430 uem
838 2386 884 2426 me
900 2385 997 2439 vocas,
1012 2369 1091 2427 canis
1106 2375 1171 2428 tuus
1185 2387 1248 2429 esse
1263 2372 1345 2443 volo;

116 2444 302 2511 recedentes;
324 2441 360 2498 ad
383 2440 448 2498 illos
478 2442 574 2514 potius
606 2440 704 2498 venire
759 2459 828 2515 ergo
841 2456 888 2498 me
899 2456 1000 2498 canem
1011 2444 1091 2498 tuum
1105 2440 1193 2512 nutri,
1210 2443 1277 2516 quia
1290 2459 1347 2500 uon

117 2514 217 2573 debuit
231 2514 334 2585 quibus
350 2511 511 2586 promissus
526 2508 636 2570 lurtlln
650 2513 705 2569 boe
759 2529 876 2589 possum
898 2511 1060 2585 relinquere
1082 2528 1211 2571 mensam
1237 2513 1351 2572 Domini

116 2587 189 2643 vitat
204 2585 368 2642 scandalum
389 2585 553 2642 iudeorum
567 2591 705 2657 quantum
760 2584 828 2643 mei.
838 2583 951 2641 Domini
962 2599 1048 2641 canes
1056 2600 1114 2641 non
1123 2583 1351 2659 expelluut3etsi

119 2664 163 2716 cst
177 2674 206 2714 m
223 2673 264 2726 se,
280 2662 309 2713 et
321 2656 416 2713 reddit
425 2672 475 2713 eos
485 2656 703 2714 inexcusabiles.
762 2657 1002 2730 expellunturper
1012 2671 1096 2713 unam
1148 2663 1233 2727 rtanr,
1244 2656 1298 2730 ipsi
1310 2673 1354 2714 re-

119 2727 257 2801 Loquitur
276 2729 312 2784 de
326 2744 378 2785 sua
392 2728 528 2785 missione
548 2733 584 2785 ad
600 2725 705 2799 praedi·
763 2733 914 2786 vertuntur
925 2742 978 2799 per
991 2725 1087 2784 aliam.
1124 2727 1286 2801 iergosum
1300 2745 1349 2786 ca·

120 2802 242 2860 candum
255 2799 284 2856 iu
297 2815 421 2872 persona
436 2798 639 2872 propria,quia
649 2813 707 2855 non
762 2799 819 2870 nis,
832 2815 889 2856 non
905 2798 993 2855 debes
1011 2814 1058 2856 me
1072 2801 1212 2872 expellere
1228 2807 1305 2871 ale;
1321 2803 1351 2858 et

120 2875 173 2932 luit
185 2874 289 2929 missus
305 2870 358 2928 uisi
383 2872 419 2927 ad
435 2873 550 2928 Juoaeos
567 2871 658 2944 primo
678 2873 708 2926 et
764 2871 788 2929 si
801 2869 917 2942 expellis
938 2886 1019 2927 mea
1043 2876 1081 2941 te,
1101 2874 1232 2945 protinus
1250 2871 1351 2931 redibo

120 2943 322 3020 personaliter,
339 2943 390 3000 sed
407 2959 440 3000 ex
463 2941 651 3015 consequenti
680 2947 708 2998 et
763 2944 800 3003 ad
815 2949 843 3000 le
857 2959 864 2999 :
877 2945 950 3002 dum
965 2949 991 2998 et
1005 2944 1099 2999 catelli
1113 2946 1197 3001 edunt
1211 2946 1245 3002 de
1257 2947 1348 3014 micis,

121 3033 173 3090 per
187 3015 347 3089 Apostolos,
363 3015 398 3072 ad
408 3016 526 3084 Gentes;
540 3022 568 3073 et
586 3013 709 3072 ideoJu·
764 3033 826 3088 qua
859 3015 963 3072 eadunt
986 3015 1021 3070 de
1048 3031 1143 3073 menso
1175 3018 1351 3075 dominorum

122 3087 193 3145 daeia
208 3097 353 3158 mmquam
368 3087 622 3168 eorumapostolus
633 3084 711 3159 prin·
748 3103 886 3151 ,suorum
901 3086 986 3154 Quasi
997 3084 1127 3144 diceret:
1144 3089 1277 3158 Domine,
1292 3104 1352 3146 non

123 3157 253 3232 cipaliter
263 3174 377 3228 missus,
395 3157 425 3215 iu
448 3174 565 3239 propria
587 3171 712 3284 persona
766 3166 832 3232 peto
855 3173 958 3230 panem
981 3158 1032 3214 sed
1055 3158 1170 3228 micam,
1190 3159 1258 3230 quia
1276 3157 1354 3216 istud

122 3236 235 3289 tautum
248 3228 424 3302 predicavit,
437 3237 467 3286 et
477 3246 585 3286 miracu
596 3245 614 3285 a
627 3227 710 3296 lecit,·
768 3230 845 3302 quod
857 3235 922 3309 peto
939 3227 1046 3285 esttibi
1064 3231 1144 3300 quasi
1160 3229 1234 3285 mica
1247 3244 1356 3310 parva}

124 3302 180 3360 nisi
196 3318 225 3357 m
237 3317 314 3369 casu,
329 3318 362 3358 ex
375 3301 473 3372 aliqua
483 3316 571 3357 causa
584 3297 712 3372 speciali,
769 3307 797 3358 et
816 3315 885 3372 quia
905 3299 1082 3356 consuetudo
1095 3306 1139 3356 est
1153 3301 1230 3373 quod
1248 3299 1358 3357 domim

125 3379 213 3432 etiam
225 3372 302 3430 eirca
313 3373 385 3429 alios
399 3374 453 3428 boc
468 3378 577 3444 ageret,
589 3378 619 3429 ut
634 3370 712 3428 scili·
769 3373 839 3430 daut
851 3370 969 3429 canibus
988 3376 1015 3427 et
1039 3371 1149 3452 catellis
1173 3370 1234 3429 suis
1257 3371 1360 3428 saltem

126 3443 338 3505 cetucclesiam
364 3443 395 3500 in
416 3443 472 3501 tide
489 3446 623 3501 tientmm
650 3458 714 3501 esse
770 3445 870 3516 micas,
894 3457 962 3515 ergo
987 3444 1024 3501 da
1047 3442 1117 3499 mibi
1141 3442 1225 3500 istam
1253 3442 1358 3501 micam

127 3516 305 3575 lundandam
320 3515 495 3582 ostenderet,
507 3514 580 3573 sicut
594 3515 716 3596 babetur
771 3532 857 3590 quam
863 3521 943 3645 peto,
953 3514 1060 3573 scilieet
1069 3514 1136 3571 illice
1146 3531 1218 3573 mear
1233 3515 1361 3573 curalio·

127 3589 174 3647 bie
187 3596 217 3646 et
234 3604 333 3661 supra,
344 3587 392 3644 ubi
407 3587 537 3645 Christus
551 3586 717 3669 praedicarit
772 3605 848 3647 nem.
887 3587 924 3671 el,
941 3586 1037 3658 etiam,
1051 3586 1185 3658 Domine,
1200 3587 1230 3645 id
1247 3592 1292 3645 est
1304 3589 1359 3645 bo·

128 3660 316 3721 Samaritanis
340 3659 440 3716 devote
470 3675 536 3718 eum
555 3666 717 3732 recipienti·
772 3677 841 3720 num
858 3670 900 3719 est
913 3676 942 3717 m
959 3676 1043 3718 casu:
1060 3660 1137 3719 unde
1156 3677 1214 3718 non
1232 3667 1276 3717 est
1290 3675 1360 3718 con·

128 3734 183 3792 bus
195 3736 275 3806 ;post
287 3737 408 3789 mortem
421 3737 517 3790 autem
528 3730 632 3789 Cbristi
646 3747 717 3805 praa·
773 3731 907 3792 trarietas
918 3731 949 3789 in
961 3735 1047 3793 rerbo
1059 3731 1164 3792 Christi
1172 3744 1201 3791 et
1210 3731 1339 3791 mulieris
1352 3755 1360 3792 ι

131 3805 368 3864 dicataesltldes
381 3804 493 3877 publice
513 3802 680 3862 Gentilibus.
794 3807 841 3866 uia
866 3807 983 3864 verbum
1008 3804 1112 3866 Christi
1137 3810 1181 3864 est
1204 3804 1370 3879 intelligen‘
1429 3800 1435 3816 '

167 3879 360 3957 bertranna
380 3877 744 3963 ‘nummis-Attilai
774 3824 854 3951 gum,
878 3879 954 3952 quod
975 3896 1033 3938 nou
1060 3883 1123 3939 erat
1148 3895 1164 3937 r
1220 3876 1320 3936 laritar
1334 3887 1366 3939 et

132 3952 219 4020 uenit,
231 3964 335 4005 misera
350 3950 718 4022 misericordiamsequrtur‚
742 3978 745 4023 ;
774 3950 975 4010 universaliter
988 3953 1169 4014 bonumcum
1202 3950 1310 4008 bristus
1322 3968 1366 4012 es-

132 4021 249 4094 repulsa
269 4037 327 4077 nou
343 4021 494 4092 erubescit,
512 4022 562 4078 sed
576 4020 720 4093 importu-
743 4042 745 4071 τ
776 4031 820 4082 set
837 4025 990 4099 Apostolus
1010 4028 1199 4093 ludaeorum;
1227 4023 1277 4080 sed
1302 4041 1367 4085 rer-

133 4109 170 4150 ne
184 4098 298 4162 clamat,
313 4098 413 4148 etcum
427 4094 602 4152 salvatorem
617 4094 720 4152 adora·
743 4107 746 4153 ι
777 4097 846 4154 bum
875 4096 1004 4155 mulieris
1028 4096 1249 4170 intelligendum
1271 4102 1317 4156 est
1336 4103 1366 4161 iu

134 4164 213 4247 tione
223 4165 314 4222 latria
323 4165 462 4235 admouit,
471 4168 564 4248 dicero
576 4183 583 4223 :
597 4170 721 4238 marine,
744 4224 747 4239 ,
778 4186 856 4239 casu,
876 4170 984 4228 seilicet
1001 4179 1119 4247 propter
1139 4167 1262 4243 petentis
1279 4171 1367 4234 dero-

135 4238 242 4308 adpone
256 4253 363 4306 me;se
381 4237 418 4294 ad
431 4253 509 4295 utari
525 4238 661 4311 postulat,
677 4239 747 4303 in·¹
778 4241 896 4314 tionem,
919 4248 948 4301 et
978 4252 1010 4301 ut
1037 4243 1203 4303 ostenderet
1233 4244 1368 4311 ucetesiae

136 4308 303 4369 firmitatem
322 4308 398 4365 enim
411 4256 478 4367 tilia
495 4325 577 4369 suam
594 4317 720 4386 reputat,
745 4376 748 4386 ,
780 4313 910 4375 Gentium
922 4316 1048 4377 luturam
1062 4314 1263 4376 fundationem
1278 4322 1369 4388 :itam

232 4408 303 4464 Vrsa
313 4409 380 4464 lusu
390 4408 597 4473 manupastus
611 4409 648 4464 Π.
1270 4425 1300 4476 21
