2880 4942
264 363 306 417 bis
331 365 484 420 Mutilus
512 366 621 421 votuit
649 367 689 422 uu
718 368 830 422 lusui
857 368 1087 436 exturbasti,
1116 369 1189 423 stc.
1301 370 1346 426 231

755 475 844 548 magis
865 477 1054 562 propinquus,
1074 479 1122 563 qui
1148 478 1343 550 spiritualibus

109 473 271 546 parvulum,
294 475 360 546 quia
382 476 443 547 ejus
466 475 624 534 absentiam
639 493 697 534 non

109 546 276 614 sustinebat,
292 547 399 604 scilieet
433 549 528 605 nando
543 565 607 606 eum
627 551 698 606 aini-

110 627 202 686 serat;
229 620 376 702 quaerebat
398 564 536 689 edultum,
555 623 622 693 quia
636 623 697 691 rjus

110 696 263 763 prasentia
282 691 380 749 satiari
394 708 450 748 noii
469 697 591 776 poterat,
608 698 639 750 ut
651 695 698 750 hic

110 769 202 833 patet;
227 765 373 835 quaerebat
404 767 567 832 Magistrum
592 766 697 823 lartum

109 834 219 892 scilicet
230 835 406 904 crucifixum,
415 837 477 908 quii
487 837 547 908 jani
556 838 616 908 ejus
629 854 698 909 prm·

108 908 229 962 sentiam
246 909 407 975 amittebat,
417 910 529 980 quando
538 910 625 979 jueta
639 927 698 966 eru·

107 994 163 1033 cem
188 979 290 1035 studet.
321 981 375 1035 Sed
406 978 513 1035 invenit
541 981 642 1049 primo,
668 981 698 1037 in

107 1049 697 1123 mediodociorominterrogantemoonc,

109 1121 137 1176 iii
167 1121 261 1177 inedie
290 1123 460 1194 populorum
484 1124 697 1189 praedicantem,

109 1191 221 1261 ullium,
242 1192 270 1248 iii
298 1194 391 1251 medio
417 1195 558 1252 latronum
588 1200 697 1266 patieu-

106 1268 184 1331 teiu;
206 1265 308 1335 primo,
333 1268 360 1321 iii
379 1267 494 1339 templo,
513 1270 648 1333 seeundo,
669 1267 696 1324 iu

106 1334 305 1416 domateitio,
319 1337 346 1393 io
360 1338 497 1409 patibulo.
513 1338 553 1394 lbi
567 1338 698 1411 cupiebat

105 1406 244 1475 invenire,
261 1414 290 1463 et
305 1410 367 1464 ideo
381 1410 527 1467 laborabat
541 1419 569 1466 et
585 1411 696 1467 dolebat

105 1478 135 1559 iii
162 1481 317 1548 qumreiido
344 1480 460 1547 Filium3
491 1481 537 1538 bie
565 1481 696 1552 cupiebat

104 1550 213 1617 ridere,
223 1554 252 1605 et
266 1551 329 1607 ideo
343 1553 435 1608 stabat
451 1553 520 1608 ioris
531 1559 694 1623 exspectan-

105 1620 142 1676 do
158 1622 396 1703 ejuslaspeetum
413 1625 450 1681 ibi
465 1624 596 1694 cupiebat
610 1624 694 1681 siuiul

105 1693 245 1764 cruciligi,
262 1699 290 1749 et
305 1693 369 1751 ideo
384 1697 477 1753 stabat
488 1697 568 1766 juita
580 1712 693 1753 erucem

105 1766 243 1834 usquead
263 1766 349 1822 tinem
370 1783 462 1827 suum.
479 1771 562 1826 lesus
585 1773 692 1839 autem,

104 1836 140 1891 ad
154 1836 366 1907 requisitionem
382 1838 612 1908 noiiismcaios,
623 1856 693 1910 prm-

105 1906 260 1964 dirationis
285 1909 421 1977 elsiitium,
451 1917 567 1984 propter
594 1912 693 1967 matris

104 1979 248 2041 allertum.
266 1981 332 2037 licet
347 1998 408 2038 ratu
426 1999 535 2039 sumine
550 1982 691 2051 diligeret,

105 2056 133 2107 et
151 2052 318 2124 honoraret,
335 2053 507 2125 relinquere.
535 2054 577 2110 vel
599 2054 693 2110 inter-

104 2138 239 2193 rumpere
259 2123 350 2180 noluit
367 2143 374 2181 :
390 2129 457 2195 quia
472 2125 613 2182 nobiliora
627 2130 693 2182 suut

105 2210 193 2266 opera
207 2195 411 2253 misericornia
425 2196 589 2266 spiritualis,
607 2213 692 2269 quani

104 2266 261 2335 corporalis
271 2286 276 2326 ;
288 2272 317 2323 et
327 2268 435 2324 utilitas
447 2272 545 2325 matris
562 2270 693 2325 Ecclesiae

104 2337 283 2411 praeferenda
305 2341 347 2395 e'st
367 2340 479 2396 utilitati
506 2343 603 2397 matris
621 2357 693 2413 pro-

104 2410 184 2482 pue.
204 2412 234 2465 ln
255 2426 310 2482 quo
325 2411 417 2467 servor
432 2411 534 2469 Cliristi
550 2413 690 2486 apparuit.

103 2497 189 2553 quein
218 2482 246 2538 iii
268 2483 448 2554 praedicande
473 2483 581 2540 babuit.
613 2485 691 2540 Unde

103 2553 272 2610 iusidiautrs
296 2555 460 2619 confutarit,
483 2560 510 2611 et
535 2555 617 2621 sicot,
644 2557 692 2626 qiii

104 2625 179 2681 intus
195 2641 308 2694 praiani
321 2625 509 2683 intentionem
522 2627 602 2695 vidit,
614 2625 692 2682 niall-

103 2712 192 2769 gnum
206 2712 305 2752 eorum
320 2699 471 2754 verborum
485 2697 693 2754 rationabiliter

102 2768 223 2839 repulit;
254 2770 408 2825 ostendens
434 2770 510 2842 quod
536 2769 690 2840 spiritualis

103 2840 253 2909 occupatio
267 2839 427 2897 carnalibus
441 2840 647 2909 allectionibus,
664 2846 691 2898 et

102 2926 174 2983 opus
190 2909 238 2968 Dei
256 2911 377 2983 negotiis
392 2913 574 2969 familiarium
591 2930 689 2985 perso·

102 2983 350 3055 aarum‚praeponi
362 2984 454 3043 debet.
463 2987 501 3040 dt
511 2988 570 3056 ipse
581 3002 690 3057 respou-

101 3054 170 3110 deae
184 3055 289 3110 dicenti
305 3056 369 3123 sibi,
385 3058 426 3112 ott
442 3075 448 3114 ς
466 3057 529 3124 ooo
543 3063 583 3112 est
603 3064 691 3114 mater

100 3129 182 3182 mee?
201 3131 227 3182 et
246 3130 295 3197 qui
319 3134 383 3183 suut
396 3131 500 3196 fratres
518 3131 590 3184 mei?
611 3132 649 3184 ilc
667 3128 691 3184 si

101 3198 210 3255 direret
225 3197 309 3254 matri
322 3203 351 3254 et
364 3200 513 3271 proximis:
526 3200 626 3256 Nescio
642 3216 691 3254 vos

101 3268 131 3326 iii
143 3285 229 3340 opere
240 3269 379 3342 spirituali
391 3290 397 3335 ;
412 3280 439 3326 et
451 3270 542 3327 l’atiis
555 3270 608 3325 uici
622 3287 692 3340 prae-

102 3342 207 3398 dicatio
222 3358 278 3397 uon
295 3347 339 3397 est
354 3347 469 3413 propter
484 3358 531 3396 ios
545 3341 690 3397 dimitten-

101 3413 149 3481 da,
165 3429 215 3471 seu
231 3416 316 3470 etiani
335 3411 578 3482 interrumpendo.

138 3487 244 3542 bilsen
258 3502 423 3542 siiiurcaias
435 3499 631 3541 rnsreaesous
645 3499 691 3538 asi

101 3574 225 3614 canuam.
242 3589 269 3597 -
283 3561 328 3618 Et.
343 3558 420 3627 quasi
431 3557 465 3612 ad
477 3553 692 3628 protestandam

101 3627 262 3689 ceritatem.
279 3629 428 3684 ostendeus
441 3643 539 3683 meiius
557 3629 587 3681 in
602 3627 692 3681 disei-

98 3702 182 3828 ssalos
205 3716 268 3756 suos
283 3702 330 3772 qui
348 3699 511 3756 incircuitu
528 3699 590 3770 ejus
605 3698 693 3754 sede-

123 3775 182 3840 ant,
203 3772 279 3827 dtm't
296 3776 380 3829 :Eece
397 3779 485 3827 meter
500 3787 571 3839 mco,
586 3771 693 3826 scilieet

100 3842 130 3900 bi
146 3845 194 3914 qui
209 3860 254 3900 me
268 3843 298 3899 iii
312 3860 363 3900 suo
377 3844 461 3900 eorde
475 3842 650 3913 concipiunt,
664 3848 692 3898 et

101 3930 147 3971 iiie
172 3931 223 3987 per
251 3916 484 3987 pradicationem
507 3915 536 3970 iii
557 3915 693 3970 cordibus

100 3986 266 4044 auditorum
292 3987 425 4059 pariunt;
452 3993 477 4043 ct
503 3989 606 4055 (ratres
627 3989 690 4054 raet,

100 4062 150 4130 qui
166 4074 253 4185 ogero
271 4060 361 4114 Patris
377 4059 431 4115 niei
444 4059 562 4125 iaciunt,
579 4065 607 4113 et
622 4055 691 4112 inibi

97 4129 129 4187 iii
145 4145 187 4186 eoe
200 4150 216 4185 o
230 4131 386 4187 coheredes
401 4139 495 4187 erunt.
512 4128 597 4197 Qua-i
614 4130 692 4185 dice-

100 4206 145 4259 ret
161 4219 168 4258 :
186 4203 216 4256 ln
233 4209 344 4258 tantuin
365 4207 408 4257 est
426 4201 494 4258 inibi
510 4201 614 4285 aliquis
629 4217 691 4269 pro-

99 4275 235 4346 pinquus,
249 4273 276 4329 in
293 4280 431 4344 quantum
443 4281 486 4329 est
498 4273 692 4347 spiritualibus

101 4345 214 4404 actibus
242 4344 385 4417 iiitcntus;
418 4348 447 4401 et
474 4344 522 4402 ille
552 4349 595 4402 est
622 4343 690 4400 milii

755 548 888 621 operibus
909 552 952 606 est
974 562 1066 621 magis
1088 554 1225 609 intentus.
1248 552 1344 635 Spiri-

754 621 844 677 tuales
865 620 1006 690 proximos
1028 622 1149 693 praeiere
1169 624 1343 694 carnalibus,

753 697 781 749 et
793 692 905 750 utiliora
918 709 1006 753 oriera
1019 693 1112 751 minos
1126 693 1255 762 utilibus;
1271 697 1343 752 adeo

754 768 793 833 ut,
819 764 957 829 spirituali
981 766 1059 835 operi
1087 781 1201 835 rorans,
1225 767 1342 824 omnino

752 837 880 893 carnales
903 841 1069 909 postponam
1091 839 1218 894 allectus.
1240 839 1342 894 llenii-

752 924 804 964 nus
823 925 853 965 se
875 925 957 965 nosse
980 914 1099 966 matrem
1123 909 1291 973 dissimulat.
1313 914 1343 966 et

754 996 804 1049 per
834 979 1032 1051 cognationem
1063 981 1213 1052 proximos,
1243 982 1341 1038 dicens

752 1050 805 1107 sibi
824 1052 966 1121 proximos
976 1068 1048 1119 esse,
1063 1069 1113 1121 per
1127 1054 1258 1122 spiritum
1273 1070 1338 1110 con·

749 1123 873 1194 joni-tos.
889 1125 948 1190 Quo
964 1125 1091 1191 exemplo
1104 1141 1123 1179 n
1136 1124 1187 1180 ibis
1200 1133 1343 1181 monstra·

753 1195 803 1260 rit,
818 1196 892 1266 quod
920 1196 1006 1251 verbo
1030 1195 1127 1252 docuit
1142 1213 1149 1250 ε
1166 1196 1272 1252 seilicet
1292 1199 1342 1266 qm·

752 1273 828 1321 ornet
841 1271 947 1337 patrem
972 1272 1021 1322 eut
1043 1274 1158 1323 matrem
1179 1270 1241 1339 plus
1257 1284 1341 1337 quom

752 1354 804 1406 iae,
821 1339 848 1393 id
864 1337 967 1407 estqui
987 1340 1066 1407 operi
1081 1338 1220 1408 spirituali
1235 1354 1341 1395 earna-

752 1410 791 1466 les
806 1409 946 1482 proponti
959 1410 1087 1478 allectus,
1100 1427 1155 1466 noo
1167 1417 1208 1465 est
1231 1427 1274 1465 me
1289 1410 1340 1466 di-

750 1498 831 1547 quus.
848 1480 900 1549 Qui
915 1498 982 1551 ergo
1001 1483 1028 1537 in
1048 1481 1229 1538 contuendis
1247 1483 1341 1550 bene-

751 1552 824 1608 ssciis
857 1559 886 1608 et
914 1552 1102 1624 dignitatibus
1129 1551 1339 1622 ecclesiasticis,

749 1640 886 1697 personas
907 1624 1021 1695 accipit,
1038 1624 1193 1696 praeferens
1222 1640 1339 1682 carnem

748 1695 870 1768 spiritui,
888 1704 916 1752 et
935 1713 1004 1766 opus
1026 1696 1122 1752 miuus
1136 1696 1203 1753 utile
1219 1695 1338 1766 utiliori,

748 1768 869 1824 lerinam
884 1767 1033 1824 alleiiiino
1043 1769 1238 1841 praescriptam
1252 1766 1339 1825 relin-

748 1839 857 1910 quiam
872 1842 993 1895 maiiine
1010 1842 1098 1896 Deum
1112 1839 1240 1897 offendit.
1258 1840 1339 1897 Unde

747 1914 950 1979 llieronqmas:
969 1931 982 1961 a
998 1913 1059 1967 Non
1077 1918 1196 1967 matrem
1213 1910 1337 1983 negavit,

749 1999 785 2038 ne
800 1992 883 2039 uatus
902 1982 938 2038 de
956 1984 1155 2054 pbaiitasmite
1174 1987 1336 2053 putaretur;

747 2054 797 2110 sud
812 2056 961 2124 Apostolos
977 2053 1141 2123 cogitationi
1155 2052 1291 2126 praetulit,
1309 2059 1339 2108 ot

749 2132 778 2181 et
801 2141 852 2181 iios
880 2125 909 2180 in
936 2126 1149 2195 ieirmparatione
1176 2123 1338 2182 dilectionis

750 2199 828 2253 carni
843 2196 974 2268 spiritum
993 2198 1191 2269 proteramus.
1218 2217 1232 2248 o
1260 2197 1338 2252 Unde

750 2276 779 2325 et
794 2270 959 2324 Ambrosius
973 2285 981 2325 z
995 2288 1009 2321 a
1025 2271 1080 2325 Nee
1092 2277 1185 2325 taineii
1198 2269 1337 2339 iniuriose

749 2340 909 2396 refutantur
925 2347 1069 2410 parentes.
1082 2340 1132 2397 sed
1146 2338 1338 2412 religiosiores

749 2414 857 2480 copulae
873 2411 1009 2468 mentium
1023 2413 1161 2468 docentur
1176 2427 1236 2467 esse
1251 2426 1337 2482 quam

749 2499 915 2553 eorporum3
933 2499 985 2540 uec
1001 2487 1080 2551 putot
1091 2499 1154 2539 esse
1168 2481 1270 2553 aliquis
1289 2481 1338 2537 ol-

748 2554 921 2611 tenuicoion
951 2554 1071 2624 prolato,
1100 2553 1147 2610 uhi
1173 2553 1338 2609 mandatum

749 2626 830 2696 Legis
842 2626 985 2699 iiiipletiir.
999 2647 1012 2679 o
1025 2625 1104 2682 Unde
1118 2624 1203 2681 etium
1215 2626 1337 2694 Gbryso-

747 2702 851 2753 stemus
872 2715 879 2753 :
901 2718 915 2750 a
935 2699 996 2754 Non
1016 2713 1155 2769 spernens
1174 2694 1337 2767 generatio·

749 2785 813 2825 nerii
826 2770 979 2839 carnalem,
992 2785 1083 2840 neque
1101 2769 1270 2825 erubescens
1286 2767 1337 2823 liu·

747 2856 860 2897 manain
875 2843 1100 2911 conceptionem,
1121 2840 1177 2896 tale
1191 2837 1271 2896 dedit
1284 2855 1336 2896 re—

747 2928 901 2983 sponsom;
918 2914 967 2968 sed
983 2913 1079 2970 volens
1090 2911 1252 2978 estendere,
1269 2909 1336 2982 quia

747 2985 942 3057 proponenda
958 2989 1001 3041 est
1027 2985 1160 3056 cognatio
1180 2982 1336 3054 spiritualis

748 3058 865 3112 carnali.
896 3076 910 3110 o
939 3057 1057 3124 Deinde,
1079 3057 1217 3113 Dominus
1242 3057 1335 3135 lesus,

748 3130 828 3253 quasi
843 3126 986 3184 rationein
999 3127 1066 3183 dieti
1080 3127 1121 3182 sui
1136 3126 1239 3193 reddit,
1254 3141 1336 3198 quasi

769 3198 870 3255 ieendo
886 3216 893 3253 i
910 3200 965 3254 Nee
982 3200 1072 3254 solum
1088 3196 1217 3267 discipuli
1231 3195 1336 3265 specia-

749 3269 822 3334 liter,
838 3270 885 3325 sed
902 3268 988 3324 eliani
1013 3270 1183 3339 quicumque
1197 3267 1295 3322 lldeles
1308 3273 1338 3322 et

745 3340 814 3411 justi
834 3339 1009 3396 aeternaliter
1032 3347 1100 3394 sunt
1118 3343 1210 3393 mater
1225 3352 1288 3392 inea
1308 3340 1337 3393 et

749 3412 852 3466 iratres
871 3409 937 3465 mei.
958 3410 1126 3479 Quicumque
1142 3412 1213 3463 eiiim
1228 3409 1336 3477 serait,

749 3499 798 3539 ore
818 3485 846 3537 et
871 3495 967 3552 opere,
987 3482 1165 3547 celeritatem,
1184 3478 1213 3534 iii
1234 3495 1339 3552 praece·

748 3554 815 3626 ptis,
830 3569 864 3610 ae
887 3551 1012 3609 consiliis
1031 3556 1059 3607 et
1078 3550 1223 3622 exemplis,
1243 3551 1337 3607 Patris

747 3629 811 3694 iaci,
826 3627 916 3695 quiin
931 3626 1004 3679 eolis
1017 3629 1067 3691 est,
1082 3627 1141 3696 ipse
1151 3639 1227 3679 meus
1236 3625 1337 3691 freter,

748 3703 774 3754 et
789 3713 875 3764 soror,
892 3702 917 3752 et
932 3700 1019 3751 meter
1031 3702 1085 3764 est3
1105 3696 1193 3752 trater
1211 3700 1240 3751 et
1258 3710 1339 3751 soror

749 3769 903 3838 credendo,
919 3769 986 3840 quia
1006 3766 1091 3824 Filius
1107 3767 1155 3824 oei
1176 3773 1217 3824 eu
1233 3784 1240 3824 ε
1257 3767 1338 3823 Dedit

749 3841 824 3898 enini
837 3845 876 3897 ets
888 3845 1051 3913 potestatem
1060 3843 1132 3911 filies
1144 3842 1193 3896 llei
1207 3841 1278 3910 fieri,
1295 3840 1338 3892 bis

749 3917 798 3986 qui
823 3915 938 3970 madunt
959 3916 989 3968 in
1015 3915 1125 3968 nomiae
1144 3911 1220 3981 ejus,
1249 3910 1337 3965 irater

749 3985 853 4058 quippe
872 3989 901 4041 et
920 4001 1002 4041 soror
1020 3985 1066 4040 bic
1086 3982 1201 4048 dicitur,
1222 3985 1338 4058 propter

751 4067 843 4112 utroiii
867 4072 1024 4123 uasorum,
1041 4054 1089 4125 qui
1105 4054 1140 4109 ad
1157 4053 1243 4107 iidem
1261 4048 1338 4104 colli·

748 4132 834 4201 gitur.
847 4074 902 4196 fboi
918 4136 1015 4184 autem
1030 4127 1134 4181 Cliristi
1150 4125 1237 4204 trater
1250 4125 1278 4175 et
1295 4135 1337 4176 so·

750 4215 799 4256 ror
810 4206 853 4255 est
867 4200 1020 4266 eredendo,
1037 4202 1128 4252 mater
1142 4209 1202 4265 epus
1217 4191 1250 4272 tit
1265 4207 1336 4259 prae-

750 4270 872 4328 dicando
898 4280 926 4327 et
948 4270 977 4326 iii
994 4267 1128 4325 cordibus
1146 4278 1337 4335 proximorum

750 4341 836 4414 dicto,
854 4342 897 4399 vol
917 4339 1045 4412 exemplo
1069 4352 1134 4395 eum
1159 4335 1335 4411 generando.
