2880 4942
246 375 289 429 bt
317 374 445 436 uuest.
472 375 612 429 leihtis
639 375 735 430 etri.
762 376 782 429 l
808 375 952 431 cflnlsro
978 378 1206 436 connubunt.
1299 383 1332 440 79

94 484 218 546 adulari.
227 484 293 551 Sed,
309 482 380 538 heul
396 480 484 538 bodie
496 481 683 545 multietiam

94 559 147 617 reli
169 557 234 623 iosi,
251 553 426 611 contrarium
446 553 564 621 iaciunt,
580 560 608 610 et
632 571 683 626 pro

98 575 211 688 moilen
227 626 387 697 majoribus
401 632 429 681 et
441 629 526 681 etiam
541 625 604 681 aliis
617 627 686 683 adu-

97 701 150 759 lari
168 717 227 757 non
247 699 430 755 erubescunt.
445 699 478 752 Et
498 697 656 753 benedicit
675 715 682 754 :

95 772 127 830 in
148 771 281 829 domibus
300 784 410 840 regum,
431 785 487 824 non
507 769 682 840 pontificum.

98 844 210 901 Debent
227 840 335 898 etenim
355 839 514 912 pontilices,
532 856 565 896 ac
586 857 685 897 omnes

96 914 209 988 praelati
229 912 362 970 Ecclesiae
377 918 406 968 el
423 911 508 967 etiam
525 928 621 968 eorum
643 914 684 969 la-

97 986 178 1044 milia
190 985 268 1042 indui
280 994 359 1040 veste
367 982 488 1053 simplici
501 988 530 1039 et
540 983 684 1054 religiosa,

96 1074 154 1115 uon
174 1056 252 1113 molli
271 1062 300 1112 et
318 1054 453 1128 pretiosa.
479 1055 558 1111 Unde
579 1055 684 1126 legitur

97 1129 135 1186 de
149 1130 234 1185 beato
251 1129 405 1196 Augustino
422 1126 496 1197 quod
516 1126 684 1183 vestimenta

100 1201 165 1257 e‘us
183 1207 262 1255 erant
284 1215 335 1255 uec
349 1197 439 1254 nitida
453 1196 617 1268 plurimum,
633 1214 685 1253 uec

136 1270 216 1398 geete
231 1269 322 1325 nimis.
338 1270 417 1325 Unde
427 1272 467 1324 ait
479 1271 683 1338 Hieronymus:

102 1363 119 1394 «ι
160 1348 259 1397 rnatus
280 1346 308 1398 et
325 1342 424 1397 sordes
448 1340 510 1411 pari
536 1343 621 1396 modo
642 1341 655 1395 l
673 1371 685 1381 -

97 1412 197 1486 giendi
218 1418 292 1481 sunt,
318 1413 385 1484 quia
410 1412 531 1467 alterum
555 1412 682 1480 delicias,

98 1484 222 1542 alterum
233 1484 356 1566 gloriam
372 1483 491 1539 redolet.
509 1484 683 1551 »Quomodo

97 1571 169 1628 ergo
183 1555 278 1611 clerici
292 1564 319 1611 et
339 1554 463 1625 religiosi
485 1572 566 1626 mque
589 1554 681 1610 molli·

98 1628 154 1685 bus
180 1633 208 1683 et
231 1627 340 1683 deliciis
363 1630 494 1693 utuntur,
514 1626 587 1682 sicut
611 1632 638 1682 et
654 1626 683 1682 hi

98 1697 147 1781 qui
174 1697 204 1754 in
229 1697 361 1755 domibus
392 1714 489 1768 regum
519 1699 604 1753 suntt
628 1697 683 1754 Sed

98 1775 220 1826 timeant
246 1774 275 1825 et
300 1775 419 1826 caveant
445 1769 510 1835 sibi,
528 1768 596 1840 quia
625 1786 683 1825 non

98 1841 219 1911 eoelesti,
239 1841 291 1896 sed
319 1846 432 1897 terreno
460 1839 520 1911 regi
550 1840 683 1909 militant,

98 1912 148 1985 qui
162 1928 215 1985 pro
231 1914 288 1968 lieo
303 1912 412 1985 perpeti
437 1928 538 1983 aspera
552 1912 683 1982 lugiunt;

99 1984 152 2040 sed
168 1984 236 2040 solis
247 1984 435 2040 exterioribus
448 1982 547 2050 dediti,
561 1999 685 2054 praeseu·

96 2054 138 2113 tis
152 2055 217 2111 vitae
241 2056 388 2111 mollitiem
415 2060 444 2110 et
465 2054 685 2111 delectationem

97 2133 240 2198 quaeruut.
258 2126 286 2184 Si
303 2143 371 2198 ergo
386 2126 487 2182 vilibus
508 2126 685 2182 vestimentis

97 2198 181 2255 indui
205 2198 291 2254 virtus
317 2214 374 2254 non
403 2204 488 2266 esset,
503 2213 685 2270 nequaqnam

97 2269 238 2327 Dominus
256 2273 394 2326 loannem
411 2269 447 2326 de
468 2269 627 2325 vestimenti
642 2268 686 2324 sui

97 2340 255 2469 asgeritate
276 2341 437 2408 laudasset3
458 2346 486 2397 et
509 2340 533 2396 si
552 2340 686 2413 pretiosis

97 2412 131 2469 in
154 2413 182 2468 ui
210 2413 382 2469 vestimentis
407 2417 553 2484 peccatum
574 2429 630 2468 non
647 2428 688 2468 es-

98 2489 156 2553 set,
171 2500 351 2556 nequaquam
364 2485 400 2540 de
409 2500 495 2556 poena
503 2483 599 2539 divitis
611 2483 688 2539 locu-

97 2560 192 2623 turus,
219 2556 402 2627 praemlsisset
421 2572 428 2610 t
450 2557 503 2622 Qui
522 2555 688 2610 induebatur

96 2643 227 2754 furpwu
239 2633 264 2682 et
280 2628 368 2696 ipsso.
383 2627 473 2693 Quam
489 2642 555 2681 vcro
572 2625 684 2696 pericu·

110 2713 192 2754 osum
206 2697 243 2754 sit
256 2698 295 2754 uti
309 2698 442 2755 mollibus
456 2697 590 2765 vestibus,
607 2701 688 2767 patet

95 2784 151 2897 pler
167 2771 397 2839 chrysostomum,
414 2769 461 2840 qui
478 2767 569 2824 dicit:
589 2767 686 2823 «Mol-

112 2839 136 2897 's
150 2840 237 2897 vestis
254 2841 383 2897 dissolvit
401 2840 523 2912 rigidam
542 2839 684 2908 animam;

98 2915 139 2981 et,
155 2911 178 2968 si
194 2911 317 2984 rigidum
340 2928 441 2984 corpus
458 2915 584 2976 assumat
601 2917 686 2983 atque

99 2999 244 3066 asperum,
256 2983 337 3039 facile
350 2999 401 3055 per
414 2983 608 3055 hujuscemodi
620 2983 688 3038 mol-

99 3054 191 3111 litiem
216 3055 367 3112 delicatum
396 3055 489 3112 reddit
519 3059 546 3110 et
574 3054 685 3126 fragile.

101 3128 186 3184 Facto
215 3133 311 3182 autem
337 3142 456 3199 corpore
481 3125 616 3193 molliori,
637 3142 686 3182 ne·

100 3214 182 3255 cesse
201 3204 289 3254 estet
307 3198 433 3255 animam
450 3197 622 3270 participare
635 3197 686 3253 lae·

100 3269 231 3337 sionem;
246 3285 312 3325 nam
328 3276 357 3326 ut
377 3269 529 3342 plurimum
545 3271 683 3340 operatio·

101 3356 154 3397 nes
166 3341 256 3413 ipsius
274 3348 432 3397 consonant
450 3340 685 3411 dispositionibus

100 3413 229 3483 eorporis
241 3430 248 3467 τ
260 3434 275 3462 »
287 3414 348 3469 hee
358 3414 573 3481 Chrysostomus.
586 3442 619 3452 -
631 3414 686 3483 lly-

101 3485 182 3552 stice,
196 3500 247 3555 per
263 3485 381 3540 vestitos
406 3482 539 3538 mollibus
568 3487 686 3553 possunt

99 3555 220 3625 intelligi
247 3555 419 3623 adulatores,
444 3553 520 3626 quod
547 3554 621 3610 bene
647 3552 685 3609 si-

99 3624 254 3698 gnificatur
286 3644 336 3699 per
368 3626 575 3683 indumentum.
608 3626 685 3682 Sicut

100 3697 178 3754 enim
193 3698 389 3755 indumentum
402 3698 519 3769 adaptat
534 3712 563 3752 se
578 3696 618 3751 illi
639 3714 685 3753 cu·

98 3769 148 3840 J'us
166 3776 219 3839 est,
243 3769 283 3825 sic
309 3770 472 3826 adulatores
496 3768 632 3839 adaptant
653 3785 683 3825 se

100 3839 196 3911 malis,
212 3846 242 3898 ut
266 3841 314 3913 qui
337 3840 438 3898 timore
464 3840 682 3913 persecutionis,

102 3911 147 3968 vel
165 3927 264 3969 amore
289 3913 390 3975 landis,
421 3912 596 3985 peccantium
617 3911 685 3968 vilia

101 3998 161 4039 non
175 3985 361 4055 redarguunt,
373 3989 402 4041 et
416 3993 447 4041 ut
459 3982 628 4056 temporalia
639 3983 683 4039 lu·

101 4070 151 4110 cra
170 4056 214 4111 vel
232 4056 382 4112 commoda
401 4055 534 4128 consequi
560 4055 683 4127 possint,

100 4124 158 4183 illis
187 4143 218 4184 se
246 4128 424 4184 conformare
452 4144 510 4184 nou
543 4130 682 4183 metuunt.

102 4197 170 4266 Sed,
191 4194 347 4255 secuudum
372 4199 541 4270 deopertum,
559 4200 684 4255 ioannes

104 4269 145 4325 tie
165 4269 297 4326 mollibus
317 4271 432 4327 vestitus
453 4286 511 4326 non
530 4275 601 4336 erat,
618 4267 685 4340 quia

103 4341 285 4413 peccantium
302 4341 371 4400 vitia
385 4357 443 4399 non
456 4341 627 4400 blandiendo
643 4341 684 4397 lo-

738 499 827 552 vere,
848 483 897 540 sed
918 484 1090 568 increpando
1112 487 1253 559 castigare
1276 501 1329 547 no-

739 561 829 611 verat.
847 586 882 597 -
906 558 1061 626 Mornhter,
1082 561 1241 617 secundum
1264 564 1329 618 Hie·
1415 582 1418 589 ·

737 629 884 696 ronymum
903 633 931 708 et
950 630 1105 690 bistonum.
1123 632 1260 688 docemur
1285 632 1334 689 hic

739 699 816 826 guod
831 699 1033 770 predicatores
1046 702 1171 758 veritatis
1182 703 1332 761 declinare

759 772 845 826 ebent
873 771 1000 827 mollium
1017 772 1132 844 palatia,
1150 791 1212 845 quae
1235 774 1331 831 molli-

740 843 794 898 bus
824 841 916 897 induti
944 844 1108 901 adulatores
1134 846 1331 916 frequentant,

738 913 787 984 qui
813 913 900 969 vitam
927 916 1105 985 peccantium
1125 919 1253 989 palpant,
1272 934 1331 974 un·

738 991 809 1055 gunt
829 990 857 1040 et
878 1002 934 1040 nou
955 993 1095 1057 pungunt.
1113 991 1194 1055 ltem,
1212 994 1331 1046 notatur

739 1056 795 1115 hic.
817 1056 894 1127 quod
918 1058 1083 1128 praedicatio
1108 1059 1236 1116 veritatis
1260 1076 1332 1117 eon·

738 1126 815 1183 venit
836 1143 900 1182 curn
916 1128 1021 1184 duritie
1036 1131 1089 1185 cibi
1111 1136 1139 1186 et
1158 1131 1260 1199 vestis3
1277 1129 1327 1203 qui

739 1205 833 1254 autem
865 1198 936 1255 lalsa
964 1200 1136 1270 praedicant,
1164 1202 1327 1258 adulatores

739 1275 816 1337 sunt,
836 1268 914 1325 lucca
934 1278 1089 1337 sectantur,
1110 1272 1222 1327 divitias
1249 1287 1326 1343 quae-

738 1346 814 1408 runt,
824 1341 1070 1398 ‹loliciisal'lluunt
1082 1346 1113 1398 Et
1126 1344 1197 1399 tales
1209 1342 1248 1398 sie
1260 1343 1329 1399 mol·

739 1412 812 1468 libus
827 1412 920 1468 vestiti
936 1413 962 1468 in
982 1414 1114 1471 domibus
1133 1431 1232 1485 regum
1252 1420 1327 1485 sunt,

737 1484 765 1540 id
781 1491 834 1552 est,
846 1485 1002 1540 secundum
1015 1487 1185 1554 Greqorirun‚
1200 1490 1327 1543 extorres

738 1555 817 1625 regni
834 1555 967 1624 oculosus,
979 1559 1031 1613 sub
1044 1560 1109 1627 jnre
1122 1558 1226 1614 diaboli
1244 1562 1323 1614 sunt:

737 1628 883 1683 doemones
905 1628 980 1683 enim
1000 1635 1065 1684 sunt
1090 1646 1172 1701 roges
1193 1631 1326 1686 tenebra·

738 1714 811 1754 rum.
828 1731 862 1740 -
877 1701 931 1754 Per
941 1700 1084 1757 desertum
1101 1718 1213 1782 quoque
1229 1706 1323 1772 potest

738 1769 857 1840 intelligi
879 1771 989 1843 religio,
1006 1773 1073 1842 quia
1093 1782 1163 1828 sicut
1180 1774 1324 1828 desertum

739 1842 793 1896 luit
821 1841 944 1896 medium
969 1849 994 1897 et
1024 1845 1157 1913 quiedam
1187 1843 1232 1898 via
1251 1843 1325 1900 inter

739 1915 890 1992 AEgyptum
916 1917 945 1967 et
971 1915 1087 1968 Terram
1109 1916 1242 1970 Sanctam
1257 1928 1325 1983 pro·

741 1982 902 2049 missionis;
924 1982 964 2038 sic
990 1984 1090 2052 religio
1113 1990 1155 2039 est
1183 1984 1326 2054 quoddam

740 2054 865 2110 medium
884 2053 958 2108 inter
977 2055 1079 2110 coelum
1095 2061 1122 2110 et
1138 2055 1284 2121 mundum,
1299 2061 1328 2110 et

741 2125 821 2196 quasi
841 2125 971 2195 quaedam
995 2125 1041 2180 vla
1065 2125 1173 2181 ‹liceeta
1195 2141 1250 2196 qua
1269 2124 1327 2182 itur

741 2197 776 2253 ad
794 2196 907 2252 coelum.
930 2199 983 2252 Per
1001 2200 1139 2253 loannem
1158 2197 1325 2254 existentem

740 2268 770 2324 in
791 2268 903 2323 deserto
920 2269 1086 2340 intelligitur
1102 2269 1261 2340 religiosus,
1274 2270 1325 2341 qui

741 2357 796 2396 nou
812 2341 895 2396 debet
916 2357 978 2397 esse
997 2342 1116 2404 arundo,
1136 2342 1164 2397 id
1180 2349 1224 2398 est
1238 2342 1326 2413 hypo·

741 2411 812 2467 crita
827 2411 958 2481 exterius,
975 2412 1047 2469 sicut
1063 2414 1173 2469 arundo
1189 2415 1284 2468 virens
1295 2418 1324 2468 ot

741 2483 859 2539 interius
884 2499 1004 2551 vacuus;
1028 2485 1078 2539 sed
1095 2483 1218 2539 exterius
1240 2484 1326 2539 debet

742 2554 835 2610 vivere
844 2570 895 2625 per
906 2556 1055 2609 honestam
1067 2552 1325 2622 conversationem,

742 2631 770 2681 et
787 2625 906 2680 interius
925 2625 1010 2680 dehet
1029 2641 1092 2680 esse
1107 2626 1207 2695 plenus
1222 2639 1274 2695 per
1291 2624 1325 2678 n-

742 2698 806 2752 dem
822 2701 849 2751 et
865 2697 1021 2751 ferventem
1036 2697 1228 2751 devotinem.
1244 2697 1325 2763 Item,

741 2785 798 2824 non
814 2768 897 2824 debet
911 2783 973 2823 esse
988 2767 1105 2840 fragilis,
1118 2767 1191 2823 sicut
1205 2766 1326 2836 arundo,

741 2845 769 2895 et
784 2842 861 2895 omni
871 2845 956 2895 vento
972 2840 1088 2906 eedere;
1107 2840 1155 2895 sed
1167 2840 1251 2895 debet
1264 2854 1328 2895 esse

741 2912 841 2968 lirinus
860 2917 888 2967 et
907 2912 983 2967 omni
1004 2911 1155 2968 tentationi
1181 2910 1328 2979 resistere,

741 2982 1324 3049 etnecbenedictione,uecmaledictione

741 3054 858 3111 moveri.
876 3058 956 3123 ltem,
973 3072 1029 3111 nou
1045 3056 1127 3111 debet
1149 3072 1211 3111 esse
1231 3053 1324 3110 molli·

740 3127 792 3182 bus
821 3126 950 3194 vestitus,
972 3126 1000 3181 id
1027 3133 1070 3182 est
1102 3128 1245 3195 arlvrlator,
1275 3123 1326 3181 sed

740 3197 865 3253 seriosus
885 3198 921 3252 ad
946 3197 1024 3265 vitia,
1040 3204 1069 3253 et
1089 3198 1194 3253 nullius
1218 3197 1247 3252 ln
1272 3197 1326 3252 hoc

739 3285 870 3342 personae
886 3273 1027 3339 acceptor.
1289 3335 1294 3346 Ι

776 3341 1028 3395 SCouunrvnnruni
1040 3355 1170 3394 censoru.
1179 3366 1212 3378 -
1221 3339 1326 3404 Tertio,

739 3411 920 3466 commendat
937 3409 1067 3466 Salvator
1078 3413 1219 3464 loannem
1234 3408 1269 3463 ab
1285 3422 1328 3462 ex·

739 3481 871 3537 cellentia
885 3496 1014 3552 personae
1029 3486 1057 3535 et
1067 3479 1196 3534 claritate
1208 3476 1328 3548 notitiae,

740 3552 808 3624 quia
826 3552 888 3623 plus
915 3567 1001 3623 quom
1021 3552 1162 3623 Propheta
1185 3549 1249 3605 luit.
1273 3549 1328 3607 Sed

739 3624 1330 3695 quideuisttsvittereeeroptetomtetiom

738 3697 897 3751 dicovobis:
910 3696 1049 3768 propheta
1062 3695 1177 3767 quidem
1187 3693 1249 3765 luit,
1262 3693 1331 3768 quia

739 3768 883 3824 Christum
901 3767 1030 3839 praevidit
1046 3774 1074 3823 et
1094 3766 1233 3841 predixit,
1251 3765 1331 3839 quod

738 3840 823 3896 etalii
837 3841 986 3911 Prophetae
1000 3841 1142 3908 lecerunt,
1156 3839 1231 3895 unde
1245 3851 1333 3907 supra

739 3910 896 3967 dictumest
906 3913 941 3969 de
952 3915 958 3966 i
981 3929 1029 3968 so:
1043 3916 1092 3975 Tu,
1105 3928 1182 3982 puer,
1194 3912 1333 3977 Propheta

741 3984 880 4038 ditissimi
895 3928 1042 4038 vocaieris.
1060 3984 1115 4039 Sed
1130 3980 1210 4037 addit
1232 3976 1327 4033 Domi-

740 4070 803 4121 nus,
819 4059 845 4108 et
858 4056 922 4124 ptus
934 4072 1018 4127 quom
1030 4056 1203 4122 Prophetum.
1216 4046 1330 4114 Quare?

739 4124 845 4195 Primo,
862 4125 959 4196 quiae
977 4127 1034 4180 Deo
1048 4140 1098 4195 per
1113 4119 1252 4200 Angelum
1266 4133 1330 4189 pro-

739 4197 872 4267 phetatus
883 4196 952 4263 luit3
969 4195 1105 4257 secundo,
1120 4207 1188 4261 qnia
1202 4206 1230 4244 m
1244 4194 1326 4245 utero

740 4267 837 4324 matris
848 4268 1021 4340 prophetare
1035 4264 1137 4333 coepit3
1154 4260 1247 4329 tertie,
1260 4259 1327 4331 quia

740 4340 815 4396 lilius
850 4339 894 4393 vel
927 4337 992 4392 linis
1022 4336 1229 4406 Prophetarum
1258 4332 1330 4401 fuit3
