<?xml version="1.0" encoding="UTF-8"?>
<!DOCTYPE html PUBLIC "-//W3C//DTD XHTML 1.0 Transitional//EN"
    "http://www.w3.org/TR/xhtml1/DTD/xhtml1-transitional.dtd">
<html xmlns="http://www.w3.org/1999/xhtml" xml:lang="en" lang="en">
 <head>
  <title>
</title>
<meta http-equiv="Content-Type" content="text/html;charset=utf-8" />
  <meta name='ocr-system' content='tesseract 3.04.00' />
  <meta name='ocr-capabilities' content='ocr_page ocr_carea ocr_par ocr_line ocrx_word'/>
</head>
<body>
  <div class='ocr_page' id='page_1' title='image "./vitajesuchristi00ludogoog_0042.png"; bbox 0 0 2880 4942; ppageno 0'>
   <div class='ocr_carea' id='block_1_1' title="bbox 412 353 1349 414">
    <p class='ocr_par' dir='ltr' id='par_1_1' title="bbox 412 353 1349 414">
     <span class='ocr_line' id='line_1_1' title="bbox 412 353 1349 414; baseline -0.01 -2"><span class='ocrx_word' id='word_1_1' title='bbox 412 359 454 412; x_wconf 81' lang='lat' dir='ltr'><strong><em>DE</em></strong></span> <span class='ocrx_word' id='word_1_2' title='bbox 479 356 602 411; x_wconf 85' lang='lat' dir='ltr'><strong><em>UUUBIS</em></strong></span> <span class='ocrx_word' id='word_1_3' title='bbox 629 353 731 412; x_wconf 72' lang='lat' dir='ltr'><strong><em>UAEGIS</em></strong></span> <span class='ocrx_word' id='word_1_4' title='bbox 757 355 798 409; x_wconf 77' lang='grc' dir='ltr'><strong><em>ΕΤ</em></strong></span> <span class='ocrx_word' id='word_1_5' title='bbox 825 353 889 408; x_wconf 79' lang='lat' dir='ltr'><strong><em>UNO</em></strong></span> <span class='ocrx_word' id='word_1_6' title='bbox 917 353 1018 410; x_wconf 78' lang='lat' dir='ltr'><strong><em>besu.</em></strong></span> <span class='ocrx_word' id='word_1_7' title='bbox 1318 356 1349 414; x_wconf 74' lang='lat'><strong><em>³³</em></strong></span> 
     </span>
    </p>
   </div>
   <div class='ocr_carea' id='block_1_2' title="bbox 66 460 705 4386">
    <p class='ocr_par' dir='ltr' id='par_1_2' title="bbox 66 460 705 4386">
     <span class='ocr_line' id='line_1_2' title="bbox 101 460 697 534; baseline -0.015 -8"><span class='ocrx_word' id='word_1_8' title='bbox 101 473 171 527; x_wconf 84' lang='lat' dir='ltr'><strong><em>erat</em></strong></span> <span class='ocrx_word' id='word_1_9' title='bbox 181 466 257 523; x_wconf 83' lang='lat' dir='ltr'><strong><em>ieme</em></strong></span> <span class='ocrx_word' id='word_1_10' title='bbox 267 461 473 534; x_wconf 78' lang='lat' dir='ltr'><strong><em>spudiudaeos</em></strong></span> <span class='ocrx_word' id='word_1_11' title='bbox 487 461 553 532; x_wconf 85' lang='lat' dir='ltr'><strong><em>quia</em></strong></span> <span class='ocrx_word' id='word_1_12' title='bbox 569 460 697 517; x_wconf 84' lang='lat' dir='ltr'><strong><em>Christus</em></strong></span> 
     </span>
     <span class='ocr_line' id='line_1_3' title="bbox 106 532 699 597; baseline -0.015 0"><span class='ocrx_word' id='word_1_13' title='bbox 106 532 699 597; x_wconf 74' lang='lat' dir='ltr'><strong><em>nascituruseratdesemineUaridsecun-</em></strong></span> 
     </span>
     <span class='ocr_line' id='line_1_4' title="bbox 111 603 700 674; baseline -0.015 -6"><span class='ocrx_word' id='word_1_14' title='bbox 111 611 181 668; x_wconf 87' lang='lat' dir='ltr'><strong><em>dum</em></strong></span> <span class='ocrx_word' id='word_1_15' title='bbox 194 622 316 666; x_wconf 87' lang='lat' dir='ltr'><strong><em>caruem.</em></strong></span> <span class='ocrx_word' id='word_1_16' title='bbox 332 607 366 661; x_wconf 79' lang='lat' dir='ltr'><strong><em>Iit</em></strong></span> <span class='ocrx_word' id='word_1_17' title='bbox 386 605 448 660; x_wconf 89' lang='lat' dir='ltr'><strong><em>ideo</em></strong></span> <span class='ocrx_word' id='word_1_18' title='bbox 467 605 533 674; x_wconf 83' lang='lat' dir='ltr'><strong><em>quia</em></strong></span> <span class='ocrx_word' id='word_1_19' title='bbox 545 603 700 659; x_wconf 78' lang='lat' dir='ltr'><strong><em>credebant</em></strong></span> 
     </span>
     <span class='ocr_line' id='line_1_5' title="bbox 109 674 700 753; baseline -0.014 -15"><span class='ocrx_word' id='word_1_20' title='bbox 109 681 202 753; x_wconf 89' lang='lat' dir='ltr'><strong><em>ipsum</em></strong></span> <span class='ocrx_word' id='word_1_21' title='bbox 214 695 271 736; x_wconf 82' lang='lat' dir='ltr'><strong><em>esse</em></strong></span> <span class='ocrx_word' id='word_1_22' title='bbox 284 678 438 739; x_wconf 83' lang='lat' dir='ltr'>Christum,</span> <span class='ocrx_word' id='word_1_23' title='bbox 453 674 505 745; x_wconf 89' lang='lat' dir='ltr'><strong><em>ipsi</em></strong></span> <span class='ocrx_word' id='word_1_24' title='bbox 522 675 608 731; x_wconf 71' lang='lat' dir='ltr'><strong><em>Diovid</em></strong></span> <span class='ocrx_word' id='word_1_25' title='bbox 631 690 700 745; x_wconf 89' lang='lat' dir='ltr'><strong><em>pro·</em></strong></span> 
     </span>
     <span class='ocr_line' id='line_1_6' title="bbox 107 744 699 821; baseline -0.012 -11"><span class='ocrx_word' id='word_1_26' title='bbox 107 753 234 821; x_wconf 74' lang='lat' dir='ltr'><strong><em>mesum,</em></strong></span> <span class='ocrx_word' id='word_1_27' title='bbox 248 749 401 806; x_wconf 80' lang='lat' dir='ltr'><strong><em>nocantsic</em></strong></span> <span class='ocrx_word' id='word_1_28' title='bbox 414 763 478 802; x_wconf 84' lang='lat' dir='ltr'><strong><em>euni</em></strong></span> <span class='ocrx_word' id='word_1_29' title='bbox 494 746 582 801; x_wconf 84' lang='lat' dir='ltr'><strong><em>David</em></strong></span> <span class='ocrx_word' id='word_1_30' title='bbox 596 744 699 803; x_wconf 80' lang='lat' dir='ltr'><strong><em>filiuni.</em></strong></span> 
     </span>
     <span class='ocr_line' id='line_1_7' title="bbox 106 818 699 889; baseline -0.013 -8"><span class='ocrx_word' id='word_1_31' title='bbox 106 822 275 881; x_wconf 79' lang='lat' dir='ltr'><strong><em>Clamabunt</em></strong></span> <span class='ocrx_word' id='word_1_32' title='bbox 290 828 396 879; x_wconf 87' lang='lat' dir='ltr'><strong><em>autem.</em></strong></span> <span class='ocrx_word' id='word_1_33' title='bbox 424 819 492 889; x_wconf 85' lang='lat' dir='ltr'><strong><em>quia</em></strong></span> <span class='ocrx_word' id='word_1_34' title='bbox 512 818 548 873; x_wconf 89' lang='lat' dir='ltr'><strong><em>ad</em></strong></span> <span class='ocrx_word' id='word_1_35' title='bbox 575 818 699 873; x_wconf 79' lang='lat' dir='ltr'>litteram</span> 
     </span>
     <span class='ocr_line' id='line_1_8' title="bbox 104 890 698 962; baseline -0.013 -11"><span class='ocrx_word' id='word_1_36' title='bbox 104 909 166 952; x_wconf 87' lang='lat' dir='ltr'><strong><em>non</em></strong></span> <span class='ocrx_word' id='word_1_37' title='bbox 177 894 323 953; x_wconf 80' lang='lat' dir='ltr'><strong><em>sidebant.</em></strong></span> <span class='ocrx_word' id='word_1_38' title='bbox 340 891 474 962; x_wconf 85' lang='lat' dir='ltr'><strong><em>quoniam</em></strong></span> <span class='ocrx_word' id='word_1_39' title='bbox 486 904 573 958; x_wconf 90' lang='lat' dir='ltr'><strong><em>prope</em></strong></span> <span class='ocrx_word' id='word_1_40' title='bbox 588 895 629 944; x_wconf 89' lang='lat' dir='ltr'><strong><em>est</em></strong></span> <span class='ocrx_word' id='word_1_41' title='bbox 643 890 698 944; x_wconf 88' lang='lat' dir='ltr'><strong><em>Uo-</em></strong></span> 
     </span>
     <span class='ocr_line' id='line_1_9' title="bbox 103 959 701 1030; baseline -0.01 -8"><span class='ocrx_word' id='word_1_42' title='bbox 103 964 211 1022; x_wconf 85' lang='lat' dir='ltr'><strong>minus.</strong></span> <span class='ocrx_word' id='word_1_43' title='bbox 226 966 279 1023; x_wconf 88' lang='lat' dir='ltr'><strong><em>Ubi</em></strong></span> <span class='ocrx_word' id='word_1_44' title='bbox 296 966 503 1030; x_wconf 70' lang='lat' dir='ltr'><strong><em>chrysostomus</em></strong></span> <span class='ocrx_word' id='word_1_45' title='bbox 513 980 523 1018; x_wconf 91' lang='lat'><em>:</em></span> <span class='ocrx_word' id='word_1_46' title='bbox 535 979 550 1012; x_wconf 86' lang='lat' dir='ltr'><strong><em>u</em></strong></span> <span class='ocrx_word' id='word_1_47' title='bbox 567 959 637 1017; x_wconf 89' lang='lat' dir='ltr'><strong><em>Vide</em></strong></span> <span class='ocrx_word' id='word_1_48' title='bbox 651 975 701 1016; x_wconf 87' lang='lat' dir='ltr'><strong><em>au-</em></strong></span> 
     </span>
     <span class='ocr_line' id='line_1_10' title="bbox 103 1031 698 1101; baseline -0.01 -8"><span class='ocrx_word' id='word_1_49' title='bbox 103 1041 164 1093; x_wconf 78' lang='lat' dir='ltr'><strong><em>tem</em></strong></span> <span class='ocrx_word' id='word_1_50' title='bbox 179 1051 280 1093; x_wconf 91' lang='lat' dir='ltr'><strong><em>eorum</em></strong></span> <span class='ocrx_word' id='word_1_51' title='bbox 298 1033 478 1099; x_wconf 86' lang='lat' dir='ltr'><strong><em>desiderium,</em></strong></span> <span class='ocrx_word' id='word_1_52' title='bbox 492 1038 520 1088; x_wconf 91' lang='lat' dir='ltr'><strong><em>et</em></strong></span> <span class='ocrx_word' id='word_1_53' title='bbox 534 1047 551 1086; x_wconf 90' lang='lat' dir='ltr'><strong><em>a</em></strong></span> <span class='ocrx_word' id='word_1_54' title='bbox 564 1031 698 1101; x_wconf 86' lang='lat' dir='ltr'><strong><em>clamore,</em></strong></span> 
     </span>
     <span class='ocr_line' id='line_1_11' title="bbox 106 1104 699 1177; baseline -0.01 -12"><span class='ocrx_word' id='word_1_55' title='bbox 106 1113 137 1165; x_wconf 86' lang='lat' dir='ltr'><strong><em>et</em></strong></span> <span class='ocrx_word' id='word_1_56' title='bbox 149 1109 186 1164; x_wconf 84' lang='lat' dir='ltr'><strong><em>ab</em></strong></span> <span class='ocrx_word' id='word_1_57' title='bbox 200 1106 264 1177; x_wconf 83' lang='lat' dir='ltr'><strong><em>ipsa</em></strong></span> <span class='ocrx_word' id='word_1_58' title='bbox 274 1104 699 1173; x_wconf 73' lang='lat' dir='ltr'><strong><em>interpellationeNequeenim</em></strong></span> 
     </span>
     <span class='ocr_line' id='line_1_12' title="bbox 99 1172 699 1254; baseline -0.01 -18"><span class='ocrx_word' id='word_1_59' title='bbox 99 1177 276 1249; x_wconf 82' lang='lat' dir='ltr'><strong><em>simpliciter</em></strong></span> <span class='ocrx_word' id='word_1_60' title='bbox 306 1178 495 1239; x_wconf 87' lang='lat' dir='ltr'><strong><em>accesserunt,</em></strong></span> <span class='ocrx_word' id='word_1_61' title='bbox 522 1172 571 1228; x_wconf 89' lang='lat' dir='ltr'><strong><em>sed</em></strong></span> <span class='ocrx_word' id='word_1_62' title='bbox 597 1189 699 1254; x_wconf 80' lang='lat' dir='ltr'><strong><em>magne</em></strong></span> 
     </span>
     <span class='ocr_line' id='line_1_13' title="bbox 102 1245 700 1316; baseline -0.01 -10"><span class='ocrx_word' id='word_1_63' title='bbox 102 1249 277 1316; x_wconf 83' lang='lat' dir='ltr'><strong><em>clamantes,</em></strong></span> <span class='ocrx_word' id='word_1_64' title='bbox 292 1253 320 1303; x_wconf 86' lang='lat' dir='ltr'><strong><em>et</em></strong></span> <span class='ocrx_word' id='word_1_65' title='bbox 336 1247 404 1301; x_wconf 81' lang='lat' dir='ltr'><strong><em>urbii</em></strong></span> <span class='ocrx_word' id='word_1_66' title='bbox 423 1245 499 1301; x_wconf 80' lang='lat' dir='ltr'><strong><em>aliud</em></strong></span> <span class='ocrx_word' id='word_1_67' title='bbox 516 1259 601 1315; x_wconf 85' lang='lat' dir='ltr'><strong><em>quam</em></strong></span> <span class='ocrx_word' id='word_1_68' title='bbox 615 1260 700 1301; x_wconf 86' lang='lat' dir='ltr'><strong><em>mise·</em></strong></span> 
     </span>
     <span class='ocr_line' id='line_1_14' title="bbox 103 1316 699 1388; baseline -0.007 -12"><span class='ocrx_word' id='word_1_69' title='bbox 103 1321 262 1378; x_wconf 86' lang='lat' dir='ltr'><strong><em>ricordiam</em></strong></span> <span class='ocrx_word' id='word_1_70' title='bbox 283 1319 464 1388; x_wconf 79' lang='lat' dir='ltr'><strong><em>postulantes.</em></strong></span> <span class='ocrx_word' id='word_1_71' title='bbox 487 1316 588 1371; x_wconf 84' lang='lat' dir='ltr'><strong><em>Filium</em></strong></span> <span class='ocrx_word' id='word_1_72' title='bbox 604 1321 699 1372; x_wconf 87' lang='lat' dir='ltr'><strong><em>autem</em></strong></span> 
     </span>
     <span class='ocr_line' id='line_1_15' title="bbox 103 1388 700 1460; baseline -0.007 -12"><span class='ocrx_word' id='word_1_73' title='bbox 103 1392 197 1448; x_wconf 78' lang='lat' dir='ltr'><strong><em>David</em></strong></span> <span class='ocrx_word' id='word_1_74' title='bbox 216 1391 366 1457; x_wconf 88' lang='lat' dir='ltr'><strong><em>vocabant,</em></strong></span> <span class='ocrx_word' id='word_1_75' title='bbox 383 1388 449 1460; x_wconf 89' lang='lat' dir='ltr'><strong><em>quia</em></strong></span> <span class='ocrx_word' id='word_1_76' title='bbox 464 1403 568 1443; x_wconf 90' lang='lat' dir='ltr'><strong><em>nomeu</em></strong></span> <span class='ocrx_word' id='word_1_77' title='bbox 584 1388 700 1444; x_wconf 88' lang='lat' dir='ltr'><strong><em>honoris</em></strong></span> 
     </span>
     <span class='ocr_line' id='line_1_16' title="bbox 104 1461 700 1520; baseline -0.01 0"><span class='ocrx_word' id='word_1_78' title='bbox 104 1478 168 1520; x_wconf 87' lang='lat' dir='ltr'><strong><em>esse</em></strong></span> <span class='ocrx_word' id='word_1_79' title='bbox 182 1462 342 1517; x_wconf 80' lang='lat' dir='ltr'><strong><em>videbatur.</em></strong></span> <span class='ocrx_word' id='word_1_80' title='bbox 360 1481 374 1509; x_wconf 87' lang='lat'>»</span> <span class='ocrx_word' id='word_1_81' title='bbox 395 1462 458 1516; x_wconf 83' lang='lat' dir='ltr'><strong><em>Cum</em></strong></span> <span class='ocrx_word' id='word_1_82' title='bbox 477 1465 567 1515; x_wconf 83' lang='lat' dir='ltr'><strong><em>autem</em></strong></span> <span class='ocrx_word' id='word_1_83' title='bbox 581 1461 700 1515; x_wconf 80' lang='lat' dir='ltr'><strong><em>uenisset</em></strong></span> 
     </span>
     <span class='ocr_line' id='line_1_17' title="bbox 102 1530 698 1601; baseline -0.007 -11"><span class='ocrx_word' id='word_1_84' title='bbox 102 1534 226 1600; x_wconf 82' lang='lat' dir='ltr'><strong><em>domum,</em></strong></span> <span class='ocrx_word' id='word_1_85' title='bbox 242 1534 268 1588; x_wconf 95' lang='lat' dir='ltr'><strong><em>id</em></strong></span> <span class='ocrx_word' id='word_1_86' title='bbox 282 1539 324 1588; x_wconf 87' lang='lat' dir='ltr'><strong><em>est</em></strong></span> <span class='ocrx_word' id='word_1_87' title='bbox 336 1531 372 1586; x_wconf 87' lang='lat' dir='ltr'><strong><em>ad</em></strong></span> <span class='ocrx_word' id='word_1_88' title='bbox 390 1531 541 1601; x_wconf 72' lang='lat' dir='ltr'><strong><em>hospitium</em></strong></span> <span class='ocrx_word' id='word_1_89' title='bbox 558 1547 651 1600; x_wconf 86' lang='lat' dir='ltr'><strong><em>suurn,</em></strong></span> <span class='ocrx_word' id='word_1_90' title='bbox 667 1530 698 1587; x_wconf 91' lang='lat' dir='ltr'><strong><em>in</em></strong></span> 
     </span>
     <span class='ocr_line' id='line_1_18' title="bbox 104 1603 697 1677; baseline -0.007 -15"><span class='ocrx_word' id='word_1_91' title='bbox 104 1605 296 1677; x_wconf 67' lang='lat' dir='ltr'><strong><em>inerepare,</em></strong></span> <span class='ocrx_word' id='word_1_92' title='bbox 312 1609 481 1659; x_wconf 85' lang='lat' dir='ltr'><strong><em>accesserunt</em></strong></span> <span class='ocrx_word' id='word_1_93' title='bbox 493 1603 532 1659; x_wconf 87' lang='lat' dir='ltr'><strong><em>od</em></strong></span> <span class='ocrx_word' id='word_1_94' title='bbox 542 1619 602 1659; x_wconf 87' lang='lat' dir='ltr'><strong><em>eum</em></strong></span> <span class='ocrx_word' id='word_1_95' title='bbox 617 1605 697 1672; x_wconf 75' lang='lat' dir='ltr'><strong><em>oaeei3</em></strong></span> 
     </span>
     <span class='ocr_line' id='line_1_19' title="bbox 105 1676 698 1747; baseline -0.003 -15"><span class='ocrx_word' id='word_1_96' title='bbox 105 1681 134 1733; x_wconf 88' lang='lat' dir='ltr'><strong><em>et</em></strong></span> <span class='ocrx_word' id='word_1_97' title='bbox 149 1676 336 1747; x_wconf 80' lang='lat' dir='ltr'><strong><em>interrogavit</em></strong></span> <span class='ocrx_word' id='word_1_98' title='bbox 349 1691 407 1735; x_wconf 82' lang='lat' dir='ltr'><strong><em>eos,</em></strong></span> <span class='ocrx_word' id='word_1_99' title='bbox 423 1677 446 1730; x_wconf 91' lang='lat' dir='ltr'><strong><em>si</em></strong></span> <span class='ocrx_word' id='word_1_100' title='bbox 467 1677 618 1732; x_wconf 74' lang='lat' dir='ltr'><strong><em>crederent</em></strong></span> <span class='ocrx_word' id='word_1_101' title='bbox 632 1689 698 1730; x_wconf 87' lang='lat' dir='ltr'><strong><em>euru</em></strong></span> 
     </span>
     <span class='ocr_line' id='line_1_20' title="bbox 104 1745 699 1820; baseline -0.003 -16"><span class='ocrx_word' id='word_1_102' title='bbox 104 1747 160 1804; x_wconf 90' lang='lat' dir='ltr'><strong><em>hoc</em></strong></span> <span class='ocrx_word' id='word_1_103' title='bbox 173 1763 253 1820; x_wconf 88' lang='lat' dir='ltr'><strong><em>posse</em></strong></span> <span class='ocrx_word' id='word_1_104' title='bbox 270 1749 372 1804; x_wconf 85' lang='lat' dir='ltr'><strong><em>iacere.</em></strong></span> <span class='ocrx_word' id='word_1_105' title='bbox 386 1747 468 1812; x_wconf 78' lang='lat' dir='ltr'><strong><em>Quasi</em></strong></span> <span class='ocrx_word' id='word_1_106' title='bbox 485 1745 611 1804; x_wconf 89' lang='lat' dir='ltr'><strong><em>diceret:</em></strong></span> <span class='ocrx_word' id='word_1_107' title='bbox 624 1745 699 1804; x_wconf 85' lang='lat' dir='ltr'><strong><em>Con·</em></strong></span> 
     </span>
     <span class='ocr_line' id='line_1_21' title="bbox 103 1818 698 1883; baseline -0.002 -8"><span class='ocrx_word' id='word_1_108' title='bbox 103 1818 169 1876; x_wconf 83' lang='lat' dir='ltr'><strong><em>iessi</em></strong></span> <span class='ocrx_word' id='word_1_109' title='bbox 191 1821 258 1875; x_wconf 89' lang='lat' dir='ltr'><strong><em>estis</em></strong></span> <span class='ocrx_word' id='word_1_110' title='bbox 272 1820 489 1883; x_wconf 84' lang='lat' dir='ltr'><strong><em>humanitatem,</em></strong></span> <span class='ocrx_word' id='word_1_111' title='bbox 511 1834 556 1874; x_wconf 89' lang='lat' dir='ltr'><strong><em>me</em></strong></span> <span class='ocrx_word' id='word_1_112' title='bbox 576 1819 698 1874; x_wconf 90' lang='lat' dir='ltr'><strong><em>dicendo</em></strong></span> 
     </span>
     <span class='ocr_line' id='line_1_22' title="bbox 104 1887 699 1961; baseline -0.005 -14"><span class='ocrx_word' id='word_1_113' title='bbox 104 1890 197 1947; x_wconf 88' lang='lat' dir='ltr'><strong><em>filium</em></strong></span> <span class='ocrx_word' id='word_1_114' title='bbox 213 1891 309 1953; x_wconf 78' lang='lat' dir='ltr'><strong><em>David,</em></strong></span> <span class='ocrx_word' id='word_1_115' title='bbox 328 1905 394 1945; x_wconf 91' lang='lat' dir='ltr'><strong><em>num</em></strong></span> <span class='ocrx_word' id='word_1_116' title='bbox 407 1890 520 1948; x_wconf 83' lang='lat' dir='ltr'><strong><em>creditis</em></strong></span> <span class='ocrx_word' id='word_1_117' title='bbox 534 1887 699 1961; x_wconf 81' lang='lat' dir='ltr'><strong><em>etiamquie</em></strong></span> 
     </span>
     <span class='ocr_line' id='line_1_23' title="bbox 103 1961 699 2035; baseline -0.003 -16"><span class='ocrx_word' id='word_1_118' title='bbox 103 1963 154 2019; x_wconf 83' lang='lat' dir='ltr'><strong><em>boe</em></strong></span> <span class='ocrx_word' id='word_1_119' title='bbox 162 1978 273 2035; x_wconf 89' lang='lat' dir='ltr'><strong><em>possum</em></strong></span> <span class='ocrx_word' id='word_1_120' title='bbox 285 1962 473 2028; x_wconf 68' lang='lat' dir='ltr'><strong><em>locosvobis,</em></strong></span> <span class='ocrx_word' id='word_1_121' title='bbox 487 1967 518 2015; x_wconf 89' lang='lat' dir='ltr'><strong><em>ut</em></strong></span> <span class='ocrx_word' id='word_1_122' title='bbox 527 1961 599 2017; x_wconf 86' lang='lat' dir='ltr'><strong><em>Deus</em></strong></span> <span class='ocrx_word' id='word_1_123' title='bbox 610 1979 617 2016; x_wconf 74' lang='grc' dir='ltr'><strong>ι</strong></span> <span class='ocrx_word' id='word_1_124' title='bbox 629 1977 699 2032; x_wconf 92' lang='lat' dir='ltr'><strong><em>opus</em></strong></span> 
     </span>
     <span class='ocr_line' id='line_1_24' title="bbox 102 2032 699 2104; baseline -0.005 -13"><span class='ocrx_word' id='word_1_125' title='bbox 102 2035 182 2091; x_wconf 89' lang='lat' dir='ltr'><strong><em>euim</em></strong></span> <span class='ocrx_word' id='word_1_126' title='bbox 198 2042 242 2090; x_wconf 85' lang='lat' dir='ltr'><strong><em>est</em></strong></span> <span class='ocrx_word' id='word_1_127' title='bbox 267 2032 432 2088; x_wconf 83' lang='lat' dir='ltr'><strong><em>diuinitatis.</em></strong></span> <span class='ocrx_word' id='word_1_128' title='bbox 455 2034 516 2087; x_wconf 89' lang='lat' dir='ltr'><strong><em>Non</em></strong></span> <span class='ocrx_word' id='word_1_129' title='bbox 542 2032 699 2104; x_wconf 83' lang='lat' dir='ltr'><strong><em>interrogat</em></strong></span> 
     </span>
     <span class='ocr_line' id='line_1_25' title="bbox 102 2102 698 2178; baseline -0.005 -16"><span class='ocrx_word' id='word_1_130' title='bbox 102 2107 187 2178; x_wconf 84' lang='lat' dir='ltr'>quasi</span> <span class='ocrx_word' id='word_1_131' title='bbox 223 2106 358 2177; x_wconf 83' lang='lat' dir='ltr'><strong><em>ignoraus</em></strong></span> <span class='ocrx_word' id='word_1_132' title='bbox 384 2119 484 2159; x_wconf 87' lang='lat' dir='ltr'><strong><em>eorum</em></strong></span> <span class='ocrx_word' id='word_1_133' title='bbox 513 2102 609 2172; x_wconf 85' lang='lat' dir='ltr'><strong><em>fidem,</em></strong></span> <span class='ocrx_word' id='word_1_134' title='bbox 632 2105 698 2175; x_wconf 89' lang='lat' dir='ltr'><strong><em>quia</em></strong></span> 
     </span>
     <span class='ocr_line' id='line_1_26' title="bbox 103 2175 697 2245; baseline -0.003 -11"><span class='ocrx_word' id='word_1_135' title='bbox 103 2177 202 2234; x_wconf 88' lang='lat' dir='ltr'><strong><em>omnia</em></strong></span> <span class='ocrx_word' id='word_1_136' title='bbox 220 2177 329 2232; x_wconf 85' lang='lat' dir='ltr'><strong><em>sciebat</em></strong></span> <span class='ocrx_word' id='word_1_137' title='bbox 357 2191 406 2245; x_wconf 93' lang='lat' dir='ltr'><strong><em>per</em></strong></span> <span class='ocrx_word' id='word_1_138' title='bbox 421 2175 632 2244; x_wconf 75' lang='lat' dir='ltr'><strong><em>certitudinem,</em></strong></span> <span class='ocrx_word' id='word_1_139' title='bbox 647 2176 697 2232; x_wconf 91' lang='lat' dir='ltr'><strong><em>sed</em></strong></span> 
     </span>
     <span class='ocr_line' id='line_1_27' title="bbox 101 2246 697 2304; baseline -0.003 0"><span class='ocrx_word' id='word_1_140' title='bbox 101 2254 136 2304; x_wconf 88' lang='lat' dir='ltr'><strong><em>ut</em></strong></span> <span class='ocrx_word' id='word_1_141' title='bbox 152 2247 291 2304; x_wconf 76' lang='lat' dir='ltr'><strong><em>confessio</em></strong></span> <span class='ocrx_word' id='word_1_142' title='bbox 315 2246 438 2302; x_wconf 82' lang='lat' dir='ltr'><strong><em>exterior</em></strong></span> <span class='ocrx_word' id='word_1_143' title='bbox 460 2248 614 2302; x_wconf 88' lang='lat' dir='ltr'><strong><em>adderetur</em></strong></span> <span class='ocrx_word' id='word_1_144' title='bbox 628 2246 697 2303; x_wconf 87' lang='lat' dir='ltr'><strong><em>fidei</em></strong></span> 
     </span>
     <span class='ocr_line' id='line_1_28' title="bbox 101 2318 696 2389; baseline -0.003 -13"><span class='ocrx_word' id='word_1_145' title='bbox 101 2318 244 2387; x_wconf 83' lang='lat' dir='ltr'><strong><em>interiori,</em></strong></span> <span class='ocrx_word' id='word_1_146' title='bbox 269 2325 298 2374; x_wconf 90' lang='lat' dir='ltr'><strong><em>et</em></strong></span> <span class='ocrx_word' id='word_1_147' title='bbox 311 2318 351 2373; x_wconf 82' lang='lat' dir='ltr'><strong><em>sic</em></strong></span> <span class='ocrx_word' id='word_1_148' title='bbox 368 2324 464 2373; x_wconf 89' lang='lat' dir='ltr'><strong><em>essent</em></strong></span> <span class='ocrx_word' id='word_1_149' title='bbox 478 2319 621 2389; x_wconf 84' lang='lat' dir='ltr'><strong><em>digniores</em></strong></span> <span class='ocrx_word' id='word_1_150' title='bbox 635 2319 696 2374; x_wconf 88' lang='lat' dir='ltr'><strong><em>iliu·</em></strong></span> 
     </span>
     <span class='ocr_line' id='line_1_29' title="bbox 101 2390 694 2461; baseline -0.003 -13"><span class='ocrx_word' id='word_1_151' title='bbox 101 2390 694 2461; x_wconf 70' lang='lat' dir='ltr'><strong><em>minari‚etmeroedearopiiori:quoniam</em></strong></span> 
     </span>
     <span class='ocr_line' id='line_1_30' title="bbox 100 2461 696 2531; baseline -0.005 -12"><span class='ocrx_word' id='word_1_152' title='bbox 100 2462 258 2519; x_wconf 87' lang='lat' dir='ltr'><strong><em>secundum</em></strong></span> <span class='ocrx_word' id='word_1_153' title='bbox 270 2463 431 2531; x_wconf 76' lang='lat' dir='ltr'><strong><em>Apostolum</em></strong></span> <span class='ocrx_word' id='word_1_154' title='bbox 450 2479 456 2518; x_wconf 94' lang='lat'>:</span> <span class='ocrx_word' id='word_1_155' title='bbox 473 2461 557 2517; x_wconf 76' lang='lat' dir='ltr'><strong><em>Uorde</em></strong></span> <span class='ocrx_word' id='word_1_156' title='bbox 573 2463 696 2517; x_wconf 87' lang='lat' dir='ltr'><strong><em>ereditur</em></strong></span> 
     </span>
     <span class='ocr_line' id='line_1_31' title="bbox 100 2533 697 2603; baseline -0.005 -12"><span class='ocrx_word' id='word_1_157' title='bbox 100 2533 140 2591; x_wconf 85' lang='lat' dir='ltr'><strong><em>ud</em></strong></span> <span class='ocrx_word' id='word_1_158' title='bbox 160 2533 314 2603; x_wconf 79' lang='lat' dir='ltr'><strong><em>justitium,</em></strong></span> <span class='ocrx_word' id='word_1_159' title='bbox 337 2548 382 2587; x_wconf 87' lang='lat' dir='ltr'><strong><em>ore</em></strong></span> <span class='ocrx_word' id='word_1_160' title='bbox 405 2536 497 2588; x_wconf 85' lang='lat' dir='ltr'><strong><em>autem</em></strong></span> <span class='ocrx_word' id='word_1_161' title='bbox 512 2534 646 2600; x_wconf 78' lang='lat' dir='ltr'><strong><em>consessio</em></strong></span> <span class='ocrx_word' id='word_1_162' title='bbox 664 2536 697 2602; x_wconf 76' lang='lat' dir='ltr'><strong><em>{tt</em></strong></span> 
     </span>
     <span class='ocr_line' id='line_1_32' title="bbox 100 2605 696 2661; baseline -0.002 0"><span class='ocrx_word' id='word_1_163' title='bbox 100 2606 140 2661; x_wconf 86' lang='lat' dir='ltr'><strong><em>od</em></strong></span> <span class='ocrx_word' id='word_1_164' title='bbox 166 2606 294 2660; x_wconf 79' lang='lat' dir='ltr'><strong><em>satutem.</em></strong></span> <span class='ocrx_word' id='word_1_165' title='bbox 323 2605 401 2660; x_wconf 90' lang='lat' dir='ltr'><strong><em>Unde</em></strong></span> <span class='ocrx_word' id='word_1_166' title='bbox 425 2605 580 2660; x_wconf 81' lang='lat' dir='ltr'><strong><em>flodarius:</em></strong></span> <span class='ocrx_word' id='word_1_167' title='bbox 606 2606 696 2661; x_wconf 82' lang='lat' dir='ltr'><strong><em>«Nou</em></strong></span> 
     </span>
     <span class='ocr_line' id='line_1_33' title="bbox 123 2675 697 2747; baseline -0.003 -15"><span class='ocrx_word' id='word_1_168' title='bbox 123 2676 182 2732; x_wconf 89' lang='lat' dir='ltr'><strong><em>uasi</em></strong></span> <span class='ocrx_word' id='word_1_169' title='bbox 213 2677 324 2731; x_wconf 89' lang='lat' dir='ltr'><strong><em>nescius</em></strong></span> <span class='ocrx_word' id='word_1_170' title='bbox 353 2676 559 2747; x_wconf 80' lang='lat' dir='ltr'><strong><em>interrogabat,</em></strong></span> <span class='ocrx_word' id='word_1_171' title='bbox 587 2675 637 2730; x_wconf 91' lang='lat' dir='ltr'><strong><em>sed</em></strong></span> <span class='ocrx_word' id='word_1_172' title='bbox 666 2680 697 2730; x_wconf 86' lang='lat' dir='ltr'><strong><em>ut</em></strong></span> 
     </span>
     <span class='ocr_line' id='line_1_34' title="bbox 101 2692 695 2815; baseline -0.003 -11"><span class='ocrx_word' id='word_1_173' title='bbox 101 2692 190 2805; x_wconf 52' lang='lat' dir='ltr'><strong><em>adem</em></strong></span> <span class='ocrx_word' id='word_1_174' title='bbox 209 2746 348 2803; x_wconf 79' lang='lat' dir='ltr'><strong><em>consessio</em></strong></span> <span class='ocrx_word' id='word_1_175' title='bbox 358 2755 479 2815; x_wconf 79' lang='lat' dir='ltr'><strong><em>prmum,</em></strong></span> <span class='ocrx_word' id='word_1_176' title='bbox 487 2747 695 2802; x_wconf 78' lang='lat' dir='ltr'><strong><em>confessionem</em></strong></span> 
     </span>
     <span class='ocr_line' id='line_1_35' title="bbox 100 2817 694 2890; baseline -0.005 -16"><span class='ocrx_word' id='word_1_177' title='bbox 100 2819 343 2890; x_wconf 80' lang='lat' dir='ltr'><strong><em>virtus,saiusuue</em></strong></span> <span class='ocrx_word' id='word_1_178' title='bbox 357 2818 509 2873; x_wconf 83' lang='lat' dir='ltr'><strong><em>comitetur</em></strong></span> <span class='ocrx_word' id='word_1_179' title='bbox 519 2817 663 2874; x_wconf 85' lang='lat' dir='ltr'><strong><em>virtutem.</em></strong></span> <span class='ocrx_word' id='word_1_180' title='bbox 680 2837 694 2871; x_wconf 86' lang='lat' dir='ltr'><strong><em>o</em></strong></span> 
     </span>
     <span class='ocr_line' id='line_1_36' title="bbox 100 2888 695 2960; baseline -0.005 -12"><span class='ocrx_word' id='word_1_181' title='bbox 100 2892 203 2948; x_wconf 77' lang='lat' dir='ltr'><strong><em>Dicunt</em></strong></span> <span class='ocrx_word' id='word_1_182' title='bbox 217 2891 253 2953; x_wconf 93' lang='lat' dir='ltr'><strong><em>ei,</em></strong></span> <span class='ocrx_word' id='word_1_183' title='bbox 275 2888 361 2946; x_wconf 85' lang='lat' dir='ltr'><strong><em>sidem</em></strong></span> <span class='ocrx_word' id='word_1_184' title='bbox 378 2889 547 2945; x_wconf 84' lang='lat' dir='ltr'><strong><em>confidendo</em></strong></span> <span class='ocrx_word' id='word_1_185' title='bbox 562 2907 569 2944; x_wconf 92' lang='lat'>:</span> <span class='ocrx_word' id='word_1_186' title='bbox 584 2892 695 2960; x_wconf 78' lang='lat' dir='ltr'><strong><em>Utique,</em></strong></span> 
     </span>
     <span class='ocr_line' id='line_1_37' title="bbox 100 2962 696 3029; baseline -0.003 -10"><span class='ocrx_word' id='word_1_187' title='bbox 100 2964 225 3019; x_wconf 85' lang='lat' dir='ltr'><strong><em>Domine.</em></strong></span> <span class='ocrx_word' id='word_1_188' title='bbox 253 2962 305 3017; x_wconf 88' lang='lat' dir='ltr'><strong><em>Ubi</em></strong></span> <span class='ocrx_word' id='word_1_189' title='bbox 330 2962 562 3029; x_wconf 69' lang='lat' dir='ltr'><strong><em>chrysostomus:</em></strong></span> <span class='ocrx_word' id='word_1_190' title='bbox 595 2982 609 3013; x_wconf 81' lang='lat' dir='ltr'><strong><em>o</em></strong></span> <span class='ocrx_word' id='word_1_191' title='bbox 634 2963 696 3017; x_wconf 88' lang='lat' dir='ltr'><strong><em>Nou</em></strong></span> 
     </span>
     <span class='ocr_line' id='line_1_38' title="bbox 100 3032 695 3100; baseline -0.002 -11"><span class='ocrx_word' id='word_1_192' title='bbox 100 3035 179 3090; x_wconf 84' lang='lat' dir='ltr'><strong><em>ultra</em></strong></span> <span class='ocrx_word' id='word_1_193' title='bbox 193 3032 284 3089; x_wconf 83' lang='lat' dir='ltr'><strong><em>filiurn</em></strong></span> <span class='ocrx_word' id='word_1_194' title='bbox 312 3033 400 3088; x_wconf 83' lang='lat' dir='ltr'><strong><em>Uaiid</em></strong></span> <span class='ocrx_word' id='word_1_195' title='bbox 424 3039 534 3100; x_wconf 86' lang='lat' dir='ltr'><strong><em>vocant,</em></strong></span> <span class='ocrx_word' id='word_1_196' title='bbox 549 3033 597 3088; x_wconf 90' lang='lat' dir='ltr'><strong><em>sed</em></strong></span> <span class='ocrx_word' id='word_1_197' title='bbox 611 3033 695 3089; x_wconf 85' lang='lat' dir='ltr'><strong><em>altius</em></strong></span> 
     </span>
     <span class='ocr_line' id='line_1_39' title="bbox 103 3104 695 3165; baseline 0 -5"><span class='ocrx_word' id='word_1_198' title='bbox 103 3104 308 3165; x_wconf 77' lang='lat' dir='ltr'><strong><em>extenduntur.</em></strong></span> <span class='ocrx_word' id='word_1_199' title='bbox 332 3108 443 3160; x_wconf 87' lang='lat' dir='ltr'><strong><em>etcum</em></strong></span> <span class='ocrx_word' id='word_1_200' title='bbox 461 3104 612 3160; x_wconf 85' lang='lat' dir='ltr'><strong><em>bominum</em></strong></span> <span class='ocrx_word' id='word_1_201' title='bbox 626 3120 695 3160; x_wconf 89' lang='lat' dir='ltr'><strong><em>con-</em></strong></span> 
     </span>
     <span class='ocr_line' id='line_1_40' title="bbox 102 3175 694 3247; baseline -0.01 -15"><span class='ocrx_word' id='word_1_202' title='bbox 102 3175 232 3244; x_wconf 86' lang='lat' dir='ltr'><strong><em>fitentur,</em></strong></span> <span class='ocrx_word' id='word_1_203' title='bbox 245 3175 321 3247; x_wconf 90' lang='lat' dir='ltr'><strong><em>quod</em></strong></span> <span class='ocrx_word' id='word_1_204' title='bbox 333 3180 375 3229; x_wconf 85' lang='lat' dir='ltr'><strong><em>est</em></strong></span> <span class='ocrx_word' id='word_1_205' title='bbox 389 3190 491 3231; x_wconf 89' lang='lat' dir='ltr'><strong><em>nomen</em></strong></span> <span class='ocrx_word' id='word_1_206' title='bbox 508 3175 662 3246; x_wconf 72' lang='lat' dir='ltr'><strong><em>potestatis,</em></strong></span> <span class='ocrx_word' id='word_1_207' title='bbox 679 3195 694 3227; x_wconf 81' lang='lat' dir='ltr'><strong><em>n</em></strong></span> 
     </span>
     <span class='ocr_line' id='line_1_41' title="bbox 104 3246 697 3317; baseline -0.002 -14"><span class='ocrx_word' id='word_1_208' title='bbox 104 3249 192 3315; x_wconf 80' lang='lat' dir='ltr'><strong><em>Tune,</em></strong></span> <span class='ocrx_word' id='word_1_209' title='bbox 209 3253 271 3317; x_wconf 87' lang='lat' dir='ltr'><strong><em>post</em></strong></span> <span class='ocrx_word' id='word_1_210' title='bbox 285 3247 491 3312; x_wconf 80' lang='lat' dir='ltr'><strong><em>consessionem</em></strong></span> <span class='ocrx_word' id='word_1_211' title='bbox 511 3246 588 3312; x_wconf 86' lang='lat' dir='ltr'><strong><em>tidei,</em></strong></span> <span class='ocrx_word' id='word_1_212' title='bbox 604 3249 697 3315; x_wconf 79' lang='lat' dir='ltr'><strong><em>tetipit</em></strong></span> 
     </span>
     <span class='ocr_line' id='line_1_42' title="bbox 104 3317 699 3376; baseline -0.002 -1"><span class='ocrx_word' id='word_1_213' title='bbox 104 3319 196 3376; x_wconf 81' lang='lat' dir='ltr'><strong><em>ocutos</em></strong></span> <span class='ocrx_word' id='word_1_214' title='bbox 210 3333 312 3373; x_wconf 85' lang='lat' dir='ltr'><strong><em>eorum.</em></strong></span> <span class='ocrx_word' id='word_1_215' title='bbox 325 3319 376 3373; x_wconf 88' lang='lat' dir='ltr'><strong><em>Ubi</em></strong></span> <span class='ocrx_word' id='word_1_216' title='bbox 391 3318 543 3374; x_wconf 76' lang='lat' dir='ltr'><strong><em>dodonus:</em></strong></span> <span class='ocrx_word' id='word_1_217' title='bbox 560 3337 574 3369; x_wconf 81' lang='lat' dir='ltr'><strong><em>u</em></strong></span> <span class='ocrx_word' id='word_1_218' title='bbox 586 3317 699 3374; x_wconf 75' lang='lat' dir='ltr'><strong><em>Conies</em></strong></span> 
     </span>
     <span class='ocr_line' id='line_1_43' title="bbox 104 3388 700 3458; baseline -0.002 -13"><span class='ocrx_word' id='word_1_219' title='bbox 104 3388 150 3445; x_wconf 85' lang='lat' dir='ltr'><strong><em>sio</em></strong></span> <span class='ocrx_word' id='word_1_220' title='bbox 164 3390 223 3444; x_wconf 88' lang='lat' dir='ltr'><strong><em>oris</em></strong></span> <span class='ocrx_word' id='word_1_221' title='bbox 241 3394 347 3444; x_wconf 87' lang='lat' dir='ltr'><strong><em>tactum</em></strong></span> <span class='ocrx_word' id='word_1_222' title='bbox 368 3391 471 3445; x_wconf 87' lang='lat' dir='ltr'><strong><em>meruit</em></strong></span> <span class='ocrx_word' id='word_1_223' title='bbox 490 3391 593 3444; x_wconf 85' lang='lat' dir='ltr'><strong><em>divinae</em></strong></span> <span class='ocrx_word' id='word_1_224' title='bbox 609 3389 700 3458; x_wconf 87' lang='lat' dir='ltr'><strong><em>pieta·</em></strong></span> 
     </span>
     <span class='ocr_line' id='line_1_44' title="bbox 105 3459 700 3530; baseline -0.002 -14"><span class='ocrx_word' id='word_1_225' title='bbox 105 3461 156 3516; x_wconf 90' lang='lat' dir='ltr'><strong><em>tis.</em></strong></span> <span class='ocrx_word' id='word_1_226' title='bbox 165 3459 244 3514; x_wconf 81' lang='lat' dir='ltr'><strong><em>Felix</em></strong></span> <span class='ocrx_word' id='word_1_227' title='bbox 255 3460 397 3526; x_wconf 73' lang='lat' dir='ltr'><strong><em>tuctusad</em></strong></span> <span class='ocrx_word' id='word_1_228' title='bbox 411 3475 498 3530; x_wconf 84' lang='lat' dir='ltr'><strong><em>quem</em></strong></span> <span class='ocrx_word' id='word_1_229' title='bbox 511 3466 591 3515; x_wconf 87' lang='lat' dir='ltr'><strong><em>tanta</em></strong></span> <span class='ocrx_word' id='word_1_230' title='bbox 604 3460 700 3530; x_wconf 89' lang='lat' dir='ltr'><strong><em>sequi·</em></strong></span> 
     </span>
     <span class='ocr_line' id='line_1_45' title="bbox 106 3529 702 3600; baseline 0 -14"><span class='ocrx_word' id='word_1_231' title='bbox 106 3529 282 3586; x_wconf 75' lang='lat' dir='ltr'><strong><em>turnicius!</em></strong></span> <span class='ocrx_word' id='word_1_232' title='bbox 300 3532 362 3586; x_wconf 81' lang='lat' dir='ltr'><strong><em>»iit</em></strong></span> <span class='ocrx_word' id='word_1_233' title='bbox 380 3531 473 3588; x_wconf 84' lang='lat' dir='ltr'><strong><em>dixit:</em></strong></span> <span class='ocrx_word' id='word_1_234' title='bbox 493 3530 647 3589; x_wconf 85' lang='lat' dir='ltr'><strong><em>Secundum</em></strong></span> <span class='ocrx_word' id='word_1_235' title='bbox 671 3532 702 3600; x_wconf 72' lang='lat' dir='ltr'><strong><em>tt·</em></strong></span> 
     </span>
     <span class='ocr_line' id='line_1_46' title="bbox 66 3602 701 3672; baseline 0 -15"><span class='ocrx_word' id='word_1_236' title='bbox 66 3627 70 3633; x_wconf 95' lang='lat'>·</span> <span class='ocrx_word' id='word_1_237' title='bbox 107 3602 172 3658; x_wconf 87' lang='lat' dir='ltr'><strong><em>dem</em></strong></span> <span class='ocrx_word' id='word_1_238' title='bbox 185 3605 303 3656; x_wconf 85' lang='lat' dir='ltr'><strong><em>uestrum</em></strong></span> <span class='ocrx_word' id='word_1_239' title='bbox 328 3604 378 3672; x_wconf 78' lang='lat' dir='ltr'><strong><em>pot</em></strong></span> <span class='ocrx_word' id='word_1_240' title='bbox 404 3604 491 3671; x_wconf 89' lang='lat' dir='ltr'><strong><em>uobis,</em></strong></span> <span class='ocrx_word' id='word_1_241' title='bbox 506 3604 534 3659; x_wconf 92' lang='lat' dir='ltr'><strong><em>id</em></strong></span> <span class='ocrx_word' id='word_1_242' title='bbox 562 3607 606 3658; x_wconf 87' lang='lat' dir='ltr'><strong><em>est</em></strong></span> <span class='ocrx_word' id='word_1_243' title='bbox 628 3603 701 3658; x_wconf 88' lang='lat' dir='ltr'><strong><em>sicut</em></strong></span> 
     </span>
     <span class='ocr_line' id='line_1_47' title="bbox 106 3673 703 3745; baseline -0.002 -15"><span class='ocrx_word' id='word_1_244' title='bbox 106 3673 180 3730; x_wconf 85' lang='lat' dir='ltr'><strong><em>sides</em></strong></span> <span class='ocrx_word' id='word_1_245' title='bbox 195 3679 318 3730; x_wconf 88' lang='lat' dir='ltr'><strong><em>mentem</em></strong></span> <span class='ocrx_word' id='word_1_246' title='bbox 335 3675 486 3745; x_wconf 80' lang='lat' dir='ltr'><strong><em>illuminat,</em></strong></span> <span class='ocrx_word' id='word_1_247' title='bbox 504 3676 543 3731; x_wconf 89' lang='lat' dir='ltr'><strong><em>ita</em></strong></span> <span class='ocrx_word' id='word_1_248' title='bbox 558 3673 647 3730; x_wconf 87' lang='lat' dir='ltr'><strong><em>oculis</em></strong></span> <span class='ocrx_word' id='word_1_249' title='bbox 660 3675 703 3729; x_wconf 90' lang='lat' dir='ltr'><strong><em>lu-</em></strong></span> 
     </span>
     <span class='ocr_line' id='line_1_48' title="bbox 109 3743 700 3815; baseline 0.002 -14"><span class='ocrx_word' id='word_1_250' title='bbox 109 3759 172 3801; x_wconf 84' lang='lat' dir='ltr'><strong><em>cem</em></strong></span> <span class='ocrx_word' id='word_1_251' title='bbox 193 3744 337 3815; x_wconf 88' lang='lat' dir='ltr'><strong><em>restituat;</em></strong></span> <span class='ocrx_word' id='word_1_252' title='bbox 365 3752 393 3802; x_wconf 90' lang='lat' dir='ltr'><strong><em>et</em></strong></span> <span class='ocrx_word' id='word_1_253' title='bbox 418 3749 524 3814; x_wconf 85' lang='lat' dir='ltr'><strong><em>statim,</em></strong></span> <span class='ocrx_word' id='word_1_254' title='bbox 549 3743 700 3802; x_wconf 84' lang='lat' dir='ltr'><strong><em>illuminati</em></strong></span> 
     </span>
     <span class='ocr_line' id='line_1_49' title="bbox 108 3819 700 3888; baseline 0.002 -16"><span class='ocrx_word' id='word_1_255' title='bbox 108 3820 186 3886; x_wconf 88' lang='lat' dir='ltr'><strong><em>sunt,</em></strong></span> <span class='ocrx_word' id='word_1_256' title='bbox 201 3821 227 3871; x_wconf 88' lang='lat' dir='ltr'><strong><em>et</em></strong></span> <span class='ocrx_word' id='word_1_257' title='bbox 241 3821 332 3888; x_wconf 82' lang='lat' dir='ltr'><strong><em>operti</em></strong></span> <span class='ocrx_word' id='word_1_258' title='bbox 344 3824 409 3874; x_wconf 87' lang='lat' dir='ltr'><strong><em>sunt</em></strong></span> <span class='ocrx_word' id='word_1_259' title='bbox 424 3820 497 3873; x_wconf 83' lang='lat' dir='ltr'><strong><em>ocuti</em></strong></span> <span class='ocrx_word' id='word_1_260' title='bbox 509 3833 610 3874; x_wconf 86' lang='lat' dir='ltr'><strong><em>eorum.</em></strong></span> <span class='ocrx_word' id='word_1_261' title='bbox 628 3819 700 3874; x_wconf 85' lang='lat' dir='ltr'><strong><em>Ecce</em></strong></span> 
     </span>
     <span class='ocr_line' id='line_1_50' title="bbox 110 3889 700 3961; baseline 0.002 -18"><span class='ocrx_word' id='word_1_262' title='bbox 110 3893 219 3961; x_wconf 84' lang='lat' dir='ltr'><strong><em>quanta</em></strong></span> <span class='ocrx_word' id='word_1_263' title='bbox 232 3895 275 3943; x_wconf 86' lang='lat' dir='ltr'><strong><em>est</em></strong></span> <span class='ocrx_word' id='word_1_264' title='bbox 292 3889 363 3945; x_wconf 84' lang='lat' dir='ltr'><strong><em>fides</em></strong></span> <span class='ocrx_word' id='word_1_265' title='bbox 384 3891 553 3961; x_wconf 82' lang='lat' dir='ltr'><strong><em>simpliciter</em></strong></span> <span class='ocrx_word' id='word_1_266' title='bbox 578 3890 700 3946; x_wconf 88' lang='lat' dir='ltr'><strong><em>creden-</em></strong></span> 
     </span>
     <span class='ocr_line' id='line_1_51' title="bbox 110 3961 701 4030; baseline 0.002 -16"><span class='ocrx_word' id='word_1_267' title='bbox 110 3961 194 4028; x_wconf 88' lang='lat' dir='ltr'><strong><em>tium,</em></strong></span> <span class='ocrx_word' id='word_1_268' title='bbox 209 3973 274 4030; x_wconf 83' lang='lat' dir='ltr'><strong><em>quae</em></strong></span> <span class='ocrx_word' id='word_1_269' title='bbox 288 3968 415 4017; x_wconf 88' lang='lat' dir='ltr'><strong><em>meretur</em></strong></span> <span class='ocrx_word' id='word_1_270' title='bbox 431 3968 474 4016; x_wconf 89' lang='lat' dir='ltr'><strong><em>tot</em></strong></span> <span class='ocrx_word' id='word_1_271' title='bbox 487 3963 627 4018; x_wconf 90' lang='lat' dir='ltr'><strong><em>donorum</em></strong></span> <span class='ocrx_word' id='word_1_272' title='bbox 641 3961 701 4016; x_wconf 92' lang='lat' dir='ltr'><strong><em>col·</em></strong></span> 
     </span>
     <span class='ocr_line' id='line_1_52' title="bbox 111 4030 703 4105; baseline 0.002 -19"><span class='ocrx_word' id='word_1_273' title='bbox 111 4030 261 4102; x_wconf 86' lang='lat' dir='ltr'><strong><em>lationem,</em></strong></span> <span class='ocrx_word' id='word_1_274' title='bbox 290 4038 319 4086; x_wconf 87' lang='lat' dir='ltr'><strong><em>et</em></strong></span> <span class='ocrx_word' id='word_1_275' title='bbox 347 4039 565 4105; x_wconf 79' lang='lat' dir='ltr'><strong><em>augmentuma</em></strong></span> <span class='ocrx_word' id='word_1_276' title='bbox 586 4035 656 4103; x_wconf 86' lang='lat' dir='ltr'><strong><em>Deo,</em></strong></span> <span class='ocrx_word' id='word_1_277' title='bbox 670 4036 703 4087; x_wconf 92' lang='lat' dir='ltr'><strong><em>ut</em></strong></span> 
     </span>
     <span class='ocr_line' id='line_1_53' title="bbox 112 4102 593 4173; baseline 0.006 -16"><span class='ocrx_word' id='word_1_278' title='bbox 112 4102 212 4158; x_wconf 81' lang='lat' dir='ltr'><strong><em>omnia</em></strong></span> <span class='ocrx_word' id='word_1_279' title='bbox 226 4104 370 4173; x_wconf 84' lang='lat' dir='ltr'><strong><em>possibilia</em></strong></span> <span class='ocrx_word' id='word_1_280' title='bbox 385 4108 441 4160; x_wconf 87' lang='lat' dir='ltr'><strong><em>siut</em></strong></span> <span class='ocrx_word' id='word_1_281' title='bbox 456 4104 593 4161; x_wconf 85' lang='lat' dir='ltr'><strong><em>credenti.</em></strong></span> 
     </span>
     <span class='ocr_line' id='line_1_54' title="bbox 146 4172 702 4233; baseline 0.007 -5"><span class='ocrx_word' id='word_1_282' title='bbox 146 4172 399 4230; x_wconf 77' lang='lat' dir='ltr'><strong><em>oCrncuusrauriss</em></strong></span> <span class='ocrx_word' id='word_1_283' title='bbox 415 4193 571 4231; x_wconf 82' lang='lat' dir='ltr'><strong><em>ucnsriorus</em></strong></span> <span class='ocrx_word' id='word_1_284' title='bbox 587 4192 702 4233; x_wconf 81' lang='lat' dir='ltr'><strong><em>irsonuu</em></strong></span> 
     </span>
     <span class='ocr_line' id='line_1_55' title="bbox 107 4259 702 4304; baseline 0.007 -5"><span class='ocrx_word' id='word_1_285' title='bbox 107 4259 212 4302; x_wconf 79' lang='lat' dir='ltr'><strong><em>uoceun</em></strong></span> <span class='ocrx_word' id='word_1_286' title='bbox 226 4262 318 4301; x_wconf 75' lang='lat' dir='ltr'><strong><em>vassu</em></strong></span> <span class='ocrx_word' id='word_1_287' title='bbox 338 4264 455 4303; x_wconf 78' lang='lat' dir='ltr'><strong><em>cuoniuu</em></strong></span> <span class='ocrx_word' id='word_1_288' title='bbox 478 4266 541 4303; x_wconf 85' lang='lat' dir='ltr'><strong><em>ssss</em></strong></span> <span class='ocrx_word' id='word_1_289' title='bbox 556 4265 702 4304; x_wconf 74' lang='lat' dir='ltr'><strong><em>urrunnun.</em></strong></span> 
     </span>
     <span class='ocr_line' id='line_1_56' title="bbox 106 4317 705 4386; baseline 0.003 -13"><span class='ocrx_word' id='word_1_290' title='bbox 106 4344 142 4360; x_wconf 93' lang='lat'>-</span> <span class='ocrx_word' id='word_1_291' title='bbox 162 4317 226 4374; x_wconf 85' lang='lat' dir='ltr'><strong><em>Nou</em></strong></span> <span class='ocrx_word' id='word_1_292' title='bbox 240 4333 289 4373; x_wconf 86' lang='lat' dir='ltr'><strong><em>eos</em></strong></span> <span class='ocrx_word' id='word_1_293' title='bbox 305 4319 441 4375; x_wconf 82' lang='lat' dir='ltr'><strong><em>Dominus</em></strong></span> <span class='ocrx_word' id='word_1_294' title='bbox 456 4321 485 4375; x_wconf 93' lang='lat' dir='ltr'><strong><em>in</em></strong></span> <span class='ocrx_word' id='word_1_295' title='bbox 508 4322 553 4375; x_wconf 90' lang='lat' dir='ltr'><strong><em>via</em></strong></span> <span class='ocrx_word' id='word_1_296' title='bbox 567 4327 657 4386; x_wconf 85' lang='lat' dir='ltr'><strong><em>curat,</em></strong></span> <span class='ocrx_word' id='word_1_297' title='bbox 675 4325 705 4377; x_wconf 90' lang='lat' dir='ltr'><strong><em>ut</em></strong></span> 
     </span>
    </p>
   </div>
   <div class='ocr_carea' id='block_1_3' title="bbox 180 4410 608 4477">
    <p class='ocr_par' dir='ltr' id='par_1_3' title="bbox 180 4410 608 4477">
     <span class='ocr_line' id='line_1_57' title="bbox 180 4410 608 4477; baseline 0 -13"><span class='ocrx_word' id='word_1_298' title='bbox 180 4410 254 4464; x_wconf 73' lang='lat' dir='ltr'><strong><em>Vina</em></strong></span> <span class='ocrx_word' id='word_1_299' title='bbox 264 4411 330 4466; x_wconf 75' lang='lat' dir='ltr'><strong><em>isso</em></strong></span> <span class='ocrx_word' id='word_1_300' title='bbox 343 4412 559 4477; x_wconf 60' lang='lat' dir='ltr'><strong><em>oppressorios</em></strong></span> <span class='ocrx_word' id='word_1_301' title='bbox 572 4413 608 4467; x_wconf 86' lang='grc' dir='ltr'><strong><em>ΙΙ.</em></strong></span> 
     </span>
    </p>
   </div>
   <div class='ocr_carea' id='block_1_4' title="bbox 756 459 1349 756">
    <p class='ocr_par' dir='ltr' id='par_1_4' title="bbox 756 459 1349 756">
     <span class='ocr_line' id='line_1_58' title="bbox 757 459 1347 535; baseline 0.007 -19"><span class='ocrx_word' id='word_1_302' title='bbox 757 459 856 516; x_wconf 85' lang='lat' dir='ltr'><strong><em>laudes</em></strong></span> <span class='ocrx_word' id='word_1_303' title='bbox 885 459 1034 516; x_wconf 88' lang='lat' dir='ltr'><strong><em>bominum</em></strong></span> <span class='ocrx_word' id='word_1_304' title='bbox 1060 464 1090 516; x_wconf 87' lang='lat' dir='ltr'><strong><em>et</em></strong></span> <span class='ocrx_word' id='word_1_305' title='bbox 1111 460 1256 531; x_wconf 79' lang='lat' dir='ltr'><strong><em>jactantiae</em></strong></span> <span class='ocrx_word' id='word_1_306' title='bbox 1285 461 1347 535; x_wconf 80' lang='lat' dir='ltr'><strong><em>glo·</em></strong></span> 
     </span>
     <span class='ocr_line' id='line_1_59' title="bbox 756 530 1348 608; baseline 0.003 -20"><span class='ocrx_word' id='word_1_307' title='bbox 756 532 829 588; x_wconf 88' lang='lat' dir='ltr'><strong><em>riam</em></strong></span> <span class='ocrx_word' id='word_1_308' title='bbox 847 530 936 587; x_wconf 86' lang='lat' dir='ltr'><strong><em>vitare</em></strong></span> <span class='ocrx_word' id='word_1_309' title='bbox 955 532 1064 588; x_wconf 85' lang='lat' dir='ltr'><strong><em>doceat.</em></strong></span> <span class='ocrx_word' id='word_1_310' title='bbox 1085 532 1165 587; x_wconf 88' lang='lat' dir='ltr'><strong><em>Unde</em></strong></span> <span class='ocrx_word' id='word_1_311' title='bbox 1186 534 1348 608; x_wconf 72' lang='lat' dir='ltr'><strong><em>chrysosto-</em></strong></span> 
     </span>
     <span class='ocr_line' id='line_1_60' title="bbox 756 603 1349 662; baseline 0.003 -2"><span class='ocrx_word' id='word_1_312' title='bbox 756 620 845 660; x_wconf 85' lang='lat' dir='ltr'><strong><em>mus:</em></strong></span> <span class='ocrx_word' id='word_1_313' title='bbox 868 623 882 655; x_wconf 81' lang='lat' dir='ltr'><strong><em>o</em></strong></span> <span class='ocrx_word' id='word_1_314' title='bbox 906 605 1012 658; x_wconf 86' lang='lat' dir='ltr'><strong><em>Rursus</em></strong></span> <span class='ocrx_word' id='word_1_315' title='bbox 1042 609 1137 658; x_wconf 82' lang='lat' dir='ltr'><strong><em>autern</em></strong></span> <span class='ocrx_word' id='word_1_316' title='bbox 1168 603 1222 658; x_wconf 74' lang='lat' dir='ltr'><strong><em>hirc</em></strong></span> <span class='ocrx_word' id='word_1_317' title='bbox 1256 604 1349 662; x_wconf 86' lang='lat' dir='ltr'><strong><em>erudit</em></strong></span> 
     </span>
     <span class='ocr_line' id='line_1_61' title="bbox 756 674 1345 756; baseline 0.003 -26"><span class='ocrx_word' id='word_1_318' title='bbox 756 691 809 756; x_wconf 80' lang='lat' dir='ltr'><strong><em>nos</em></strong></span> <span class='ocrx_word' id='word_1_319' title='bbox 832 674 953 747; x_wconf 84' lang='lat' dir='ltr'><strong><em>gloriam</em></strong></span> <span class='ocrx_word' id='word_1_320' title='bbox 978 674 1164 730; x_wconf 85' lang='lat' dir='ltr'><strong><em>multitudiuis</em></strong></span> <span class='ocrx_word' id='word_1_321' title='bbox 1187 675 1345 747; x_wconf 83' lang='lat' dir='ltr'><strong><em>expellere;</em></strong></span> 
     </span>
    </p>
   </div>
   <div class='ocr_carea' id='block_1_5' title="bbox 755 746 1355 4392">
    <p class='ocr_par' dir='ltr' id='par_1_5' title="bbox 755 746 1355 4392">
     <span class='ocr_line' id='line_1_62' title="bbox 756 746 1348 818; baseline 0.005 -17"><span class='ocrx_word' id='word_1_322' title='bbox 756 762 823 818; x_wconf 87' lang='lat' dir='ltr'><strong><em>quia</em></strong></span> <span class='ocrx_word' id='word_1_323' title='bbox 847 746 923 801; x_wconf 86' lang='lat' dir='ltr'><strong><em>enirn</em></strong></span> <span class='ocrx_word' id='word_1_324' title='bbox 948 762 1034 815; x_wconf 90' lang='lat' dir='ltr'><strong><em>prope</em></strong></span> <span class='ocrx_word' id='word_1_325' title='bbox 1050 753 1111 801; x_wconf 87' lang='lat' dir='ltr'><strong><em>erat</em></strong></span> <span class='ocrx_word' id='word_1_326' title='bbox 1141 747 1251 815; x_wconf 88' lang='lat' dir='ltr'><strong><em>dumus,</em></strong></span> <span class='ocrx_word' id='word_1_327' title='bbox 1269 747 1348 804; x_wconf 87' lang='lat' dir='ltr'><strong><em>ducit</em></strong></span> 
     </span>
     <span class='ocr_line' id='line_1_63' title="bbox 756 818 1347 875; baseline -0.002 -2"><span class='ocrx_word' id='word_1_328' title='bbox 756 833 804 873; x_wconf 88' lang='lat' dir='ltr'><strong><em>eos</em></strong></span> <span class='ocrx_word' id='word_1_329' title='bbox 830 818 895 872; x_wconf 86' lang='lat' dir='ltr'><strong><em>iiiuc</em></strong></span> <span class='ocrx_word' id='word_1_330' title='bbox 928 819 1111 872; x_wconf 76' lang='lat' dir='ltr'><strong><em>sinrutaruer</em></strong></span> <span class='ocrx_word' id='word_1_331' title='bbox 1141 826 1301 875; x_wconf 87' lang='lat' dir='ltr'><strong><em>curaturus.</em></strong></span> <span class='ocrx_word' id='word_1_332' title='bbox 1332 837 1347 872; x_wconf 85' lang='lat' dir='ltr'><strong><em>n</em></strong></span> 
     </span>
     <span class='ocr_line' id='line_1_64' title="bbox 757 859 1348 959; baseline 0.003 -14"><span class='ocrx_word' id='word_1_333' title='bbox 757 889 835 945; x_wconf 89' lang='lat' dir='ltr'><strong><em>Unde</em></strong></span> <span class='ocrx_word' id='word_1_334' title='bbox 851 859 1348 959; x_wconf 54' lang='lat' dir='ltr'><strong><em>propteriiumditatemetiamoom-</em></strong></span> 
     </span>
     <span class='ocr_line' id='line_1_65' title="bbox 755 961 1347 1018; baseline 0.008 -5"><span class='ocrx_word' id='word_1_335' title='bbox 755 962 877 1016; x_wconf 87' lang='lat' dir='ltr'><strong><em>minotus</em></strong></span> <span class='ocrx_word' id='word_1_336' title='bbox 900 966 940 1016; x_wconf 87' lang='lat' dir='ltr'><strong><em>est</em></strong></span> <span class='ocrx_word' id='word_1_337' title='bbox 961 961 1020 1014; x_wconf 81' lang='lat' dir='ltr'><strong><em>iilis</em></strong></span> <span class='ocrx_word' id='word_1_338' title='bbox 1046 961 1139 1016; x_wconf 86' lang='lat' dir='ltr'><strong><em>dicens</em></strong></span> <span class='ocrx_word' id='word_1_339' title='bbox 1163 979 1170 1016; x_wconf 92' lang='lat'>:</span> <span class='ocrx_word' id='word_1_340' title='bbox 1199 962 1296 1018; x_wconf 85' lang='lat' dir='ltr'><strong><em>Videte</em></strong></span> <span class='ocrx_word' id='word_1_341' title='bbox 1313 977 1347 1018; x_wconf 83' lang='lat' dir='ltr'><strong><em>ue</em></strong></span> 
     </span>
     <span class='ocr_line' id='line_1_66' title="bbox 755 1032 1345 1104; baseline 0.003 -18"><span class='ocrx_word' id='word_1_342' title='bbox 755 1034 819 1102; x_wconf 81' lang='lat' dir='ltr'><strong><em>quis</em></strong></span> <span class='ocrx_word' id='word_1_343' title='bbox 836 1035 917 1099; x_wconf 87' lang='lat' dir='ltr'><strong><em>soiot,</em></strong></span> <span class='ocrx_word' id='word_1_344' title='bbox 935 1039 966 1086; x_wconf 91' lang='lat' dir='ltr'><strong><em>ut</em></strong></span> <span class='ocrx_word' id='word_1_345' title='bbox 990 1033 1024 1086; x_wconf 90' lang='lat' dir='ltr'><strong><em>ad</em></strong></span> <span class='ocrx_word' id='word_1_346' title='bbox 1051 1032 1213 1101; x_wconf 73' lang='lat' dir='ltr'><strong><em>iiigiendam</em></strong></span> <span class='ocrx_word' id='word_1_347' title='bbox 1231 1033 1345 1104; x_wconf 89' lang='lat' dir='ltr'><strong><em>jactan-</em></strong></span> 
     </span>
     <span class='ocr_line' id='line_1_67' title="bbox 755 1103 1345 1183; baseline 0.01 -25"><span class='ocrx_word' id='word_1_348' title='bbox 755 1104 824 1158; x_wconf 87' lang='lat' dir='ltr'><strong><em>tiam</em></strong></span> <span class='ocrx_word' id='word_1_349' title='bbox 842 1110 870 1158; x_wconf 86' lang='lat' dir='ltr'><strong><em>et</em></strong></span> <span class='ocrx_word' id='word_1_350' title='bbox 883 1104 995 1158; x_wconf 81' lang='lat' dir='ltr'><strong><em>inanem</em></strong></span> <span class='ocrx_word' id='word_1_351' title='bbox 1012 1103 1132 1183; x_wconf 80' lang='lat' dir='ltr'><strong><em>gloriam</em></strong></span> <span class='ocrx_word' id='word_1_352' title='bbox 1150 1119 1201 1158; x_wconf 87' lang='lat' dir='ltr'><strong><em>nos</em></strong></span> <span class='ocrx_word' id='word_1_353' title='bbox 1215 1106 1345 1165; x_wconf 84' lang='lat' dir='ltr'><strong><em>instruat.</em></strong></span> 
     </span>
     <span class='ocr_line' id='line_1_68' title="bbox 756 1173 1345 1244; baseline 0.003 -15"><span class='ocrx_word' id='word_1_354' title='bbox 756 1175 792 1230; x_wconf 88' lang='lat' dir='ltr'><strong><em>Ut</em></strong></span> <span class='ocrx_word' id='word_1_355' title='bbox 815 1173 891 1229; x_wconf 85' lang='lat' dir='ltr'><strong><em>eninr</em></strong></span> <span class='ocrx_word' id='word_1_356' title='bbox 922 1175 990 1228; x_wconf 85' lang='lat' dir='ltr'><strong><em>dicit</em></strong></span> <span class='ocrx_word' id='word_1_357' title='bbox 1017 1174 1092 1229; x_wconf 80' lang='lat' dir='ltr'><strong><em>idern</em></strong></span> <span class='ocrx_word' id='word_1_358' title='bbox 1116 1176 1345 1244; x_wconf 73' lang='lat' dir='ltr'><strong><em>chrysostomus:</em></strong></span> 
     </span>
     <span class='ocr_line' id='line_1_69' title="bbox 756 1245 1346 1311; baseline 0.007 -14"><span class='ocrx_word' id='word_1_359' title='bbox 756 1246 880 1302; x_wconf 82' lang='lat' dir='ltr'><strong><em>«iustus</em></strong></span> <span class='ocrx_word' id='word_1_360' title='bbox 894 1261 957 1300; x_wconf 88' lang='lat' dir='ltr'><strong><em>curn</em></strong></span> <span class='ocrx_word' id='word_1_361' title='bbox 987 1245 1118 1300; x_wconf 83' lang='lat' dir='ltr'><strong><em>laudatur</em></strong></span> <span class='ocrx_word' id='word_1_362' title='bbox 1145 1245 1173 1299; x_wconf 91' lang='lat' dir='ltr'><strong><em>in</em></strong></span> <span class='ocrx_word' id='word_1_363' title='bbox 1199 1247 1281 1311; x_wconf 83' lang='lat' dir='ltr'><strong><em>iacis,</em></strong></span> <span class='ocrx_word' id='word_1_364' title='bbox 1296 1247 1346 1302; x_wconf 87' lang='lat' dir='ltr'><strong><em>ila·</em></strong></span> 
     </span>
     <span class='ocr_line' id='line_1_70' title="bbox 756 1316 1352 1400; baseline 0.002 -29"><span class='ocrx_word' id='word_1_365' title='bbox 756 1316 878 1400; x_wconf 74' lang='lat' dir='ltr'><strong><em>gelimer</em></strong></span> <span class='ocrx_word' id='word_1_366' title='bbox 903 1316 932 1371; x_wconf 91' lang='lat' dir='ltr'><strong><em>iu</em></strong></span> <span class='ocrx_word' id='word_1_367' title='bbox 962 1324 1067 1373; x_wconf 84' lang='lat' dir='ltr'><strong><em>mente.</em></strong></span> <span class='ocrx_word' id='word_1_368' title='bbox 1093 1340 1106 1365; x_wconf 71' lang='lat' dir='ltr'><strong><em>o</em></strong></span> <span class='ocrx_word' id='word_1_369' title='bbox 1134 1317 1188 1372; x_wconf 89' lang='lat' dir='ltr'><strong><em>Sed</em></strong></span> <span class='ocrx_word' id='word_1_370' title='bbox 1215 1318 1260 1371; x_wconf 86' lang='lat' dir='ltr'><strong><em>itti</em></strong></span> <span class='ocrx_word' id='word_1_371' title='bbox 1282 1316 1352 1372; x_wconf 74' lang='lat' dir='ltr'><strong><em>caeci</em></strong></span> 
     </span>
     <span class='ocr_line' id='line_1_71' title="bbox 756 1387 1348 1458; baseline -0.002 -14"><span class='ocrx_word' id='word_1_372' title='bbox 756 1387 908 1444; x_wconf 82' lang='lat' dir='ltr'><strong><em>illuminati</em></strong></span> <span class='ocrx_word' id='word_1_373' title='bbox 922 1403 1061 1455; x_wconf 73' lang='lat' dir='ltr'><strong><em>eumentes,</em></strong></span> <span class='ocrx_word' id='word_1_374' title='bbox 1076 1389 1184 1443; x_wconf 82' lang='lat' dir='ltr'><strong><em>scilicet</em></strong></span> <span class='ocrx_word' id='word_1_375' title='bbox 1204 1388 1348 1458; x_wconf 86' lang='lat' dir='ltr'><strong><em>dedomo,</em></strong></span> 
     </span>
     <span class='ocr_line' id='line_1_72' title="bbox 756 1460 1349 1531; baseline 0 -15"><span class='ocrx_word' id='word_1_376' title='bbox 756 1461 975 1530; x_wconf 77' lang='lat' dir='ltr'><strong><em>diffamaverunt</em></strong></span> <span class='ocrx_word' id='word_1_377' title='bbox 987 1477 1057 1520; x_wconf 83' lang='lat' dir='ltr'><strong><em>eum,</em></strong></span> <span class='ocrx_word' id='word_1_378' title='bbox 1075 1460 1104 1515; x_wconf 91' lang='lat' dir='ltr'><strong><em>id</em></strong></span> <span class='ocrx_word' id='word_1_379' title='bbox 1119 1467 1161 1515; x_wconf 85' lang='lat' dir='ltr'><strong><em>est</em></strong></span> <span class='ocrx_word' id='word_1_380' title='bbox 1172 1460 1278 1515; x_wconf 80' lang='lat' dir='ltr'><strong><em>sariram</em></strong></span> <span class='ocrx_word' id='word_1_381' title='bbox 1288 1461 1349 1531; x_wconf 81' lang='lat' dir='ltr'><strong><em>ejus</em></strong></span> 
     </span>
     <span class='ocr_line' id='line_1_73' title="bbox 757 1532 1349 1603; baseline 0 -17"><span class='ocrx_word' id='word_1_382' title='bbox 757 1547 807 1602; x_wconf 85' lang='lat' dir='ltr'><strong><em>per</em></strong></span> <span class='ocrx_word' id='word_1_383' title='bbox 820 1532 987 1587; x_wconf 81' lang='lat' dir='ltr'><strong><em>miraculum</em></strong></span> <span class='ocrx_word' id='word_1_384' title='bbox 1000 1532 1104 1586; x_wconf 85' lang='lat' dir='ltr'><strong><em>sactum</em></strong></span> <span class='ocrx_word' id='word_1_385' title='bbox 1117 1533 1349 1603; x_wconf 67' lang='lat' dir='ltr'><strong><em>divulgaverunt,</em></strong></span> 
     </span>
     <span class='ocr_line' id='line_1_74' title="bbox 756 1604 1350 1674; baseline 0.005 -17"><span class='ocrx_word' id='word_1_386' title='bbox 756 1606 786 1658; x_wconf 87' lang='lat' dir='ltr'><strong><em>in</em></strong></span> <span class='ocrx_word' id='word_1_387' title='bbox 800 1608 856 1659; x_wconf 86' lang='lat' dir='ltr'><strong><em>toto</em></strong></span> <span class='ocrx_word' id='word_1_388' title='bbox 871 1612 943 1658; x_wconf 86' lang='lat' dir='ltr'><strong><em>terro</em></strong></span> <span class='ocrx_word' id='word_1_389' title='bbox 961 1605 1022 1665; x_wconf 85' lang='lat' dir='ltr'><strong><em>iiio,</em></strong></span> <span class='ocrx_word' id='word_1_390' title='bbox 1033 1611 1061 1657; x_wconf 85' lang='lat' dir='ltr'><strong><em>et</em></strong></span> <span class='ocrx_word' id='word_1_391' title='bbox 1078 1604 1188 1674; x_wconf 85' lang='lat' dir='ltr'><strong><em>publice</em></strong></span> <span class='ocrx_word' id='word_1_392' title='bbox 1202 1605 1350 1660; x_wconf 82' lang='lat' dir='ltr'><strong><em>nuntiave-</em></strong></span> 
     </span>
     <span class='ocr_line' id='line_1_75' title="bbox 755 1675 1335 1746; baseline -0.002 -15"><span class='ocrx_word' id='word_1_393' title='bbox 755 1680 846 1734; x_wconf 86' lang='lat' dir='ltr'><strong><em>runt:</em></strong></span> <span class='ocrx_word' id='word_1_394' title='bbox 867 1682 896 1730; x_wconf 85' lang='lat' dir='ltr'><strong><em>et</em></strong></span> <span class='ocrx_word' id='word_1_395' title='bbox 911 1684 1027 1746; x_wconf 86' lang='lat' dir='ltr'><strong><em>propter</em></strong></span> <span class='ocrx_word' id='word_1_396' title='bbox 1048 1677 1213 1730; x_wconf 78' lang='lat' dir='ltr'><strong><em>montorium</em></strong></span> <span class='ocrx_word' id='word_1_397' title='bbox 1234 1675 1335 1746; x_wconf 73' lang='lat' dir='ltr'><strong><em>gratiae</em></strong></span> 
     </span>
     <span class='ocr_line' id='line_1_76' title="bbox 755 1719 1350 1816; baseline 0 -14"><span class='ocrx_word' id='word_1_398' title='bbox 755 1762 814 1802; x_wconf 87' lang='lat' dir='ltr'><strong><em>nou</em></strong></span> <span class='ocrx_word' id='word_1_399' title='bbox 829 1753 985 1816; x_wconf 87' lang='lat' dir='ltr'><strong><em>potuerunt</em></strong></span> <span class='ocrx_word' id='word_1_400' title='bbox 1000 1745 1168 1802; x_wconf 84' lang='lat' dir='ltr'><strong><em>beneficium</em></strong></span> <span class='ocrx_word' id='word_1_401' title='bbox 1180 1751 1286 1815; x_wconf 77' lang='lat' dir='ltr'><strong><em>tacere,</em></strong></span> <span class='ocrx_word' id='word_1_402' title='bbox 1299 1719 1350 1802; x_wconf 70' lang='lat' dir='ltr'><strong><em>sed</em></strong></span> 
     </span>
     <span class='ocr_line' id='line_1_77' title="bbox 756 1818 1350 1888; baseline -0.002 -15"><span class='ocrx_word' id='word_1_403' title='bbox 756 1834 813 1873; x_wconf 93' lang='lat' dir='ltr'><strong><em>non</em></strong></span> <span class='ocrx_word' id='word_1_404' title='bbox 838 1819 942 1888; x_wconf 81' lang='lat' dir='ltr'><strong><em>ingrati</em></strong></span> <span class='ocrx_word' id='word_1_405' title='bbox 971 1823 1070 1884; x_wconf 67' lang='lat' dir='ltr'><strong><em>griseiae</em></strong></span> <span class='ocrx_word' id='word_1_406' title='bbox 1102 1820 1165 1883; x_wconf 85' lang='lat' dir='ltr'><strong><em>bei,</em></strong></span> <span class='ocrx_word' id='word_1_407' title='bbox 1191 1818 1257 1873; x_wconf 75' lang='lat' dir='ltr'><strong><em>iacti</em></strong></span> <span class='ocrx_word' id='word_1_408' title='bbox 1282 1823 1350 1873; x_wconf 87' lang='lat' dir='ltr'><strong><em>suut</em></strong></span> 
     </span>
     <span class='ocr_line' id='line_1_78' title="bbox 759 1890 1350 1961; baseline -0.002 -16"><span class='ocrx_word' id='word_1_409' title='bbox 759 1890 821 1961; x_wconf 89' lang='lat' dir='ltr'><strong><em>ejus</em></strong></span> <span class='ocrx_word' id='word_1_410' title='bbox 838 1904 984 1958; x_wconf 82' lang='lat' dir='ltr'><strong><em>praecones</em></strong></span> <span class='ocrx_word' id='word_1_411' title='bbox 1006 1897 1034 1944; x_wconf 87' lang='lat' dir='ltr'><strong><em>et</em></strong></span> <span class='ocrx_word' id='word_1_412' title='bbox 1055 1890 1246 1960; x_wconf 72' lang='lat' dir='ltr'><strong><em>evangelistis.</em></strong></span> <span class='ocrx_word' id='word_1_413' title='bbox 1269 1890 1350 1944; x_wconf 87' lang='lat' dir='ltr'><strong><em>Unde</em></strong></span> 
     </span>
     <span class='ocr_line' id='line_1_79' title="bbox 756 1961 1348 2029; baseline -0.002 -13"><span class='ocrx_word' id='word_1_414' title='bbox 756 1964 939 2028; x_wconf 78' lang='lat' dir='ltr'><strong><em>Hieronymus</em></strong></span> <span class='ocrx_word' id='word_1_415' title='bbox 955 1979 989 2014; x_wconf 85' lang='lat' dir='ltr'><strong><em>:u</em></strong></span> <span class='ocrx_word' id='word_1_416' title='bbox 1003 1961 1140 2015; x_wconf 82' lang='lat' dir='ltr'><strong><em>Dominus</em></strong></span> <span class='ocrx_word' id='word_1_417' title='bbox 1155 1961 1270 2029; x_wconf 78' lang='lat' dir='ltr'><strong><em>quidem</em></strong></span> <span class='ocrx_word' id='word_1_418' title='bbox 1286 1975 1348 2029; x_wconf 89' lang='lat' dir='ltr'><strong><em>pro·</em></strong></span> 
     </span>
     <span class='ocr_line' id='line_1_80' title="bbox 758 2029 1350 2104; baseline -0.002 -17"><span class='ocrx_word' id='word_1_419' title='bbox 758 2037 823 2104; x_wconf 87' lang='lat' dir='ltr'><strong><em>pter</em></strong></span> <span class='ocrx_word' id='word_1_420' title='bbox 852 2032 1052 2089; x_wconf 77' lang='lat' dir='ltr'><strong><em>humilitatem.</em></strong></span> <span class='ocrx_word' id='word_1_421' title='bbox 1073 2032 1182 2098; x_wconf 72' lang='lat' dir='ltr'><strong><em>fugiens</em></strong></span> <span class='ocrx_word' id='word_1_422' title='bbox 1204 2029 1350 2100; x_wconf 72' lang='lat' dir='ltr'><strong><em>jactantiae</em></strong></span> 
     </span>
     <span class='ocr_line' id='line_1_81' title="bbox 757 2103 1351 2177; baseline 0 -19"><span class='ocrx_word' id='word_1_423' title='bbox 757 2104 891 2177; x_wconf 82' lang='lat' dir='ltr'><strong><em>gloriam,</em></strong></span> <span class='ocrx_word' id='word_1_424' title='bbox 906 2103 960 2157; x_wconf 85' lang='lat' dir='ltr'><strong><em>boo</em></strong></span> <span class='ocrx_word' id='word_1_425' title='bbox 981 2110 1172 2172; x_wconf 60' lang='lat' dir='ltr'><strong><em>siracusinorum</em></strong></span> <span class='ocrx_word' id='word_1_426' title='bbox 1189 2109 1216 2158; x_wconf 92' lang='lat' dir='ltr'><strong><em>et</em></strong></span> <span class='ocrx_word' id='word_1_427' title='bbox 1232 2103 1270 2158; x_wconf 85' lang='lat' dir='ltr'><strong><em>iili</em></strong></span> <span class='ocrx_word' id='word_1_428' title='bbox 1288 2117 1351 2172; x_wconf 89' lang='lat' dir='ltr'><strong><em>pro·</em></strong></span> 
     </span>
     <span class='ocr_line' id='line_1_82' title="bbox 756 2175 1350 2246; baseline 0.002 -17"><span class='ocrx_word' id='word_1_429' title='bbox 756 2183 820 2246; x_wconf 88' lang='lat' dir='ltr'><strong><em>pter</em></strong></span> <span class='ocrx_word' id='word_1_430' title='bbox 839 2176 1006 2230; x_wconf 80' lang='lat' dir='ltr'><strong><em>memoriani</em></strong></span> <span class='ocrx_word' id='word_1_431' title='bbox 1025 2175 1125 2243; x_wconf 72' lang='lat' dir='ltr'><strong><em>gratiis</em></strong></span> <span class='ocrx_word' id='word_1_432' title='bbox 1150 2191 1204 2229; x_wconf 93' lang='lat' dir='ltr'><strong><em>non</em></strong></span> <span class='ocrx_word' id='word_1_433' title='bbox 1232 2179 1350 2244; x_wconf 87' lang='lat' dir='ltr'><strong><em>possunt</em></strong></span> 
     </span>
     <span class='ocr_line' id='line_1_83' title="bbox 756 2245 1351 2316; baseline 0.002 -15"><span class='ocrx_word' id='word_1_434' title='bbox 756 2254 854 2302; x_wconf 87' lang='lat' dir='ltr'><strong><em>tacere</em></strong></span> <span class='ocrx_word' id='word_1_435' title='bbox 868 2245 1048 2301; x_wconf 74' lang='lat' dir='ltr'><strong><em>benetieiunr.</em></strong></span> <span class='ocrx_word' id='word_1_436' title='bbox 1066 2267 1079 2295; x_wconf 88' lang='lat'>»</span> <span class='ocrx_word' id='word_1_437' title='bbox 1097 2249 1175 2302; x_wconf 85' lang='lat' dir='ltr'><strong><em>Unde</em></strong></span> <span class='ocrx_word' id='word_1_438' title='bbox 1192 2256 1220 2303; x_wconf 90' lang='lat' dir='ltr'><strong><em>et</em></strong></span> <span class='ocrx_word' id='word_1_439' title='bbox 1236 2248 1351 2316; x_wconf 75' lang='lat' dir='ltr'><strong><em>Cbrpso·</em></strong></span> 
     </span>
     <span class='ocr_line' id='line_1_84' title="bbox 755 2318 1350 2385; baseline 0.002 -12"><span class='ocrx_word' id='word_1_440' title='bbox 755 2323 883 2374; x_wconf 84' lang='lat' dir='ltr'><strong><em>stemus:</em></strong></span> <span class='ocrx_word' id='word_1_441' title='bbox 901 2319 1008 2385; x_wconf 84' lang='lat' dir='ltr'><strong><em>«Quod</em></strong></span> <span class='ocrx_word' id='word_1_442' title='bbox 1029 2325 1124 2373; x_wconf 78' lang='lat' dir='ltr'><strong><em>auteur</em></strong></span> <span class='ocrx_word' id='word_1_443' title='bbox 1148 2320 1232 2375; x_wconf 84' lang='lat' dir='ltr'><strong><em>alteri</em></strong></span> <span class='ocrx_word' id='word_1_444' title='bbox 1256 2318 1350 2374; x_wconf 81' lang='lat' dir='ltr'><strong><em>dicit:</em></strong></span> 
     </span>
     <span class='ocr_line' id='line_1_85' title="bbox 755 2389 1351 2462; baseline 0 -17"><span class='ocrx_word' id='word_1_445' title='bbox 755 2389 845 2460; x_wconf 85' lang='lat' dir='ltr'><strong><em>Vade,</em></strong></span> <span class='ocrx_word' id='word_1_446' title='bbox 862 2394 889 2445; x_wconf 89' lang='lat' dir='ltr'><strong><em>et</em></strong></span> <span class='ocrx_word' id='word_1_447' title='bbox 903 2405 1006 2446; x_wconf 79' lang='lat' dir='ltr'><strong><em>enarra</em></strong></span> <span class='ocrx_word' id='word_1_448' title='bbox 1019 2391 1140 2462; x_wconf 84' lang='lat' dir='ltr'><strong><em>gloriani</em></strong></span> <span class='ocrx_word' id='word_1_449' title='bbox 1156 2393 1218 2457; x_wconf 84' lang='lat' dir='ltr'><strong><em>Dei,</em></strong></span> <span class='ocrx_word' id='word_1_450' title='bbox 1236 2406 1294 2447; x_wconf 90' lang='lat' dir='ltr'><strong><em>non</em></strong></span> <span class='ocrx_word' id='word_1_451' title='bbox 1307 2395 1351 2445; x_wconf 89' lang='lat' dir='ltr'><strong><em>est</em></strong></span> 
     </span>
     <span class='ocr_line' id='line_1_86' title="bbox 755 2460 1352 2528; baseline -0.002 -11"><span class='ocrx_word' id='word_1_452' title='bbox 755 2460 934 2517; x_wconf 87' lang='lat' dir='ltr'><strong><em>contrarium</em></strong></span> <span class='ocrx_word' id='word_1_453' title='bbox 949 2461 989 2517; x_wconf 86' lang='lat' dir='ltr'><strong><em>iili</em></strong></span> <span class='ocrx_word' id='word_1_454' title='bbox 1007 2462 1071 2528; x_wconf 84' lang='lat' dir='ltr'><strong><em>hoo,</em></strong></span> <span class='ocrx_word' id='word_1_455' title='bbox 1088 2463 1137 2517; x_wconf 88' lang='lat' dir='ltr'><strong><em>sed</em></strong></span> <span class='ocrx_word' id='word_1_456' title='bbox 1150 2472 1178 2517; x_wconf 88' lang='lat' dir='ltr'><strong><em>et</em></strong></span> <span class='ocrx_word' id='word_1_457' title='bbox 1191 2462 1272 2517; x_wconf 77' lang='lat' dir='ltr'><strong><em>ratde</em></strong></span> <span class='ocrx_word' id='word_1_458' title='bbox 1284 2477 1352 2517; x_wconf 88' lang='lat' dir='ltr'><strong><em>cou-</em></strong></span> 
     </span>
     <span class='ocr_line' id='line_1_87' title="bbox 757 2531 1349 2602; baseline 0 -15"><span class='ocrx_word' id='word_1_459' title='bbox 757 2534 886 2588; x_wconf 81' lang='lat' dir='ltr'><strong><em>veniens.</em></strong></span> <span class='ocrx_word' id='word_1_460' title='bbox 903 2533 1003 2587; x_wconf 84' lang='lat' dir='ltr'><strong><em>Erudit</em></strong></span> <span class='ocrx_word' id='word_1_461' title='bbox 1027 2534 1104 2587; x_wconf 88' lang='lat' dir='ltr'><strong><em>enim</em></strong></span> <span class='ocrx_word' id='word_1_462' title='bbox 1128 2535 1257 2600; x_wconf 75' lang='lat' dir='ltr'><strong><em>nosipsos</em></strong></span> <span class='ocrx_word' id='word_1_463' title='bbox 1283 2531 1349 2602; x_wconf 92' lang='lat' dir='ltr'><strong><em>qui·</em></strong></span> 
     </span>
     <span class='ocr_line' id='line_1_88' title="bbox 756 2601 1350 2672; baseline -0.007 -12"><span class='ocrx_word' id='word_1_464' title='bbox 756 2604 833 2672; x_wconf 88' lang='lat' dir='ltr'><strong><em>dem,</em></strong></span> <span class='ocrx_word' id='word_1_465' title='bbox 851 2603 886 2659; x_wconf 93' lang='lat' dir='ltr'><strong><em>de</em></strong></span> <span class='ocrx_word' id='word_1_466' title='bbox 908 2602 1061 2671; x_wconf 80' lang='lat' dir='ltr'><strong><em>nobisipsis</em></strong></span> <span class='ocrx_word' id='word_1_467' title='bbox 1088 2604 1156 2657; x_wconf 87' lang='lat' dir='ltr'><strong><em>nibil</em></strong></span> <span class='ocrx_word' id='word_1_468' title='bbox 1176 2605 1281 2671; x_wconf 88' lang='lat' dir='ltr'><strong><em>dicere,</em></strong></span> <span class='ocrx_word' id='word_1_469' title='bbox 1299 2601 1350 2658; x_wconf 88' lang='lat' dir='ltr'><strong><em>sed</em></strong></span> 
     </span>
     <span class='ocr_line' id='line_1_89' title="bbox 756 2676 1349 2745; baseline -0.005 -13"><span class='ocrx_word' id='word_1_470' title='bbox 756 2684 785 2732; x_wconf 89' lang='lat' dir='ltr'><strong><em>et</em></strong></span> <span class='ocrx_word' id='word_1_471' title='bbox 802 2691 851 2731; x_wconf 88' lang='lat' dir='ltr'><strong><em>eos</em></strong></span> <span class='ocrx_word' id='word_1_472' title='bbox 877 2676 925 2745; x_wconf 83' lang='lat' dir='ltr'><strong><em>qui</em></strong></span> <span class='ocrx_word' id='word_1_473' title='bbox 951 2676 1049 2727; x_wconf 61' lang='lat' dir='ltr'><strong><em>vestiunt</em></strong></span> <span class='ocrx_word' id='word_1_474' title='bbox 1073 2690 1134 2742; x_wconf 87' lang='lat' dir='ltr'><strong><em>nos,</em></strong></span> <span class='ocrx_word' id='word_1_475' title='bbox 1151 2684 1265 2743; x_wconf 85' lang='lat' dir='ltr'><strong><em>propter</em></strong></span> <span class='ocrx_word' id='word_1_476' title='bbox 1297 2687 1349 2729; x_wconf 87' lang='lat' dir='ltr'><strong><em>nos</em></strong></span> 
     </span>
     <span class='ocr_line' id='line_1_90' title="bbox 755 2742 1350 2817; baseline -0.005 -13"><span class='ocrx_word' id='word_1_477' title='bbox 755 2747 884 2814; x_wconf 86' lang='lat' dir='ltr'><strong><em>laudare,</em></strong></span> <span class='ocrx_word' id='word_1_478' title='bbox 907 2746 1074 2817; x_wconf 75' lang='lat' dir='ltr'><strong><em>pronibere3</em></strong></span> <span class='ocrx_word' id='word_1_479' title='bbox 1090 2745 1113 2800; x_wconf 90' lang='lat' dir='ltr'><strong><em>si</em></strong></span> <span class='ocrx_word' id='word_1_480' title='bbox 1127 2753 1233 2814; x_wconf 83' lang='lat' dir='ltr'><strong><em>auteur,</em></strong></span> <span class='ocrx_word' id='word_1_481' title='bbox 1247 2745 1282 2801; x_wconf 87' lang='lat' dir='ltr'><strong><em>ad</em></strong></span> <span class='ocrx_word' id='word_1_482' title='bbox 1298 2742 1350 2801; x_wconf 87' lang='lat' dir='ltr'><strong><em>Dei</em></strong></span> 
     </span>
     <span class='ocr_line' id='line_1_91' title="bbox 756 2818 1349 2891; baseline -0.002 -17"><span class='ocrx_word' id='word_1_483' title='bbox 756 2819 878 2891; x_wconf 82' lang='lat' dir='ltr'><strong><em>gloriam</em></strong></span> <span class='ocrx_word' id='word_1_484' title='bbox 905 2818 1048 2885; x_wconf 89' lang='lat' dir='ltr'><strong><em>reiertur,</em></strong></span> <span class='ocrx_word' id='word_1_485' title='bbox 1077 2834 1131 2872; x_wconf 93' lang='lat' dir='ltr'><strong><em>non</em></strong></span> <span class='ocrx_word' id='word_1_486' title='bbox 1165 2818 1256 2873; x_wconf 90' lang='lat' dir='ltr'><strong><em>solum</em></strong></span> <span class='ocrx_word' id='word_1_487' title='bbox 1290 2832 1349 2874; x_wconf 90' lang='lat' dir='ltr'><strong><em>nou</em></strong></span> 
     </span>
     <span class='ocr_line' id='line_1_92' title="bbox 756 2890 1352 2963; baseline -0.002 -18"><span class='ocrx_word' id='word_1_488' title='bbox 756 2891 920 2962; x_wconf 88' lang='lat' dir='ltr'><strong><em>prohibere,</em></strong></span> <span class='ocrx_word' id='word_1_489' title='bbox 938 2891 988 2944; x_wconf 91' lang='lat' dir='ltr'><strong><em>sed</em></strong></span> <span class='ocrx_word' id='word_1_490' title='bbox 1014 2895 1043 2945; x_wconf 87' lang='lat' dir='ltr'><strong><em>et</em></strong></span> <span class='ocrx_word' id='word_1_491' title='bbox 1069 2890 1218 2963; x_wconf 72' lang='lat' dir='ltr'><strong><em>injungere</em></strong></span> <span class='ocrx_word' id='word_1_492' title='bbox 1239 2890 1292 2947; x_wconf 86' lang='lat' dir='ltr'><strong><em>buo</em></strong></span> <span class='ocrx_word' id='word_1_493' title='bbox 1305 2890 1352 2944; x_wconf 85' lang='lat' dir='ltr'><strong><em>ia-</em></strong></span> 
     </span>
     <span class='ocr_line' id='line_1_93' title="bbox 756 2962 1349 3031; baseline -0.003 -14"><span class='ocrx_word' id='word_1_494' title='bbox 756 2978 831 3020; x_wconf 87' lang='lat' dir='ltr'><strong><em>cere.</em></strong></span> <span class='ocrx_word' id='word_1_495' title='bbox 849 2981 863 3015; x_wconf 84' lang='lat'>»</span> <span class='ocrx_word' id='word_1_496' title='bbox 889 2963 924 3018; x_wconf 91' lang='lat' dir='ltr'><strong><em>Ut</em></strong></span> <span class='ocrx_word' id='word_1_497' title='bbox 951 2963 1028 3017; x_wconf 85' lang='lat' dir='ltr'><strong><em>enirn</em></strong></span> <span class='ocrx_word' id='word_1_498' title='bbox 1054 2978 1140 3031; x_wconf 88' lang='lat' dir='ltr'><strong><em>supra</em></strong></span> <span class='ocrx_word' id='word_1_499' title='bbox 1166 2962 1273 3017; x_wconf 86' lang='lat' dir='ltr'><strong><em>dictum</em></strong></span> <span class='ocrx_word' id='word_1_500' title='bbox 1297 2966 1349 3031; x_wconf 88' lang='lat' dir='ltr'><strong><em>est,</em></strong></span> 
     </span>
     <span class='ocr_line' id='line_1_94' title="bbox 755 3033 1352 3104; baseline -0.003 -16"><span class='ocrx_word' id='word_1_501' title='bbox 755 3033 847 3089; x_wconf 87' lang='lat' dir='ltr'><strong><em>solum</em></strong></span> <span class='ocrx_word' id='word_1_502' title='bbox 882 3035 1015 3104; x_wconf 80' lang='lat' dir='ltr'><strong><em>prohibet</em></strong></span> <span class='ocrx_word' id='word_1_503' title='bbox 1046 3035 1180 3089; x_wconf 72' lang='lat' dir='ltr'><strong><em>Dominus</em></strong></span> <span class='ocrx_word' id='word_1_504' title='bbox 1212 3033 1352 3103; x_wconf 88' lang='lat' dir='ltr'><strong><em>publicari</em></strong></span> 
     </span>
     <span class='ocr_line' id='line_1_95' title="bbox 757 3102 1352 3173; baseline -0.002 -13"><span class='ocrx_word' id='word_1_505' title='bbox 757 3105 908 3173; x_wconf 84' lang='lat' dir='ltr'><strong><em>beneficia,</em></strong></span> <span class='ocrx_word' id='word_1_506' title='bbox 927 3106 963 3160; x_wconf 89' lang='lat' dir='ltr'><strong><em>ad</em></strong></span> <span class='ocrx_word' id='word_1_507' title='bbox 987 3104 1101 3160; x_wconf 78' lang='lat' dir='ltr'><strong><em>leudem</em></strong></span> <span class='ocrx_word' id='word_1_508' title='bbox 1116 3107 1280 3173; x_wconf 85' lang='lat' dir='ltr'><strong><em>humanam,</em></strong></span> <span class='ocrx_word' id='word_1_509' title='bbox 1300 3102 1352 3160; x_wconf 89' lang='lat' dir='ltr'><strong><em>scd</em></strong></span> 
     </span>
     <span class='ocr_line' id='line_1_96' title="bbox 757 3172 1353 3247; baseline -0.005 -14"><span class='ocrx_word' id='word_1_510' title='bbox 757 3193 815 3233; x_wconf 94' lang='lat' dir='ltr'><strong><em>nou</em></strong></span> <span class='ocrx_word' id='word_1_511' title='bbox 842 3177 975 3247; x_wconf 87' lang='lat' dir='ltr'><strong><em>probibet</em></strong></span> <span class='ocrx_word' id='word_1_512' title='bbox 999 3177 1060 3231; x_wconf 83' lang='lat' dir='ltr'><strong><em>haec</em></strong></span> <span class='ocrx_word' id='word_1_513' title='bbox 1082 3180 1222 3244; x_wconf 79' lang='lat' dir='ltr'><strong><em>enarrari,</em></strong></span> <span class='ocrx_word' id='word_1_514' title='bbox 1251 3178 1287 3232; x_wconf 86' lang='lat' dir='ltr'><strong><em>ad</em></strong></span> <span class='ocrx_word' id='word_1_515' title='bbox 1300 3172 1353 3231; x_wconf 87' lang='lat' dir='ltr'><strong><em>Dei</em></strong></span> 
     </span>
     <span class='ocr_line' id='line_1_97' title="bbox 758 3245 1350 3321; baseline -0.002 -19"><span class='ocrx_word' id='word_1_516' title='bbox 758 3249 891 3321; x_wconf 79' lang='lat' dir='ltr'><strong><em>gloriam.</em></strong></span> <span class='ocrx_word' id='word_1_517' title='bbox 928 3245 981 3302; x_wconf 93' lang='lat' dir='ltr'><strong><em>Ubi</em></strong></span> <span class='ocrx_word' id='word_1_518' title='bbox 1004 3248 1152 3302; x_wconf 88' lang='lat' dir='ltr'><strong><em>sciendum</em></strong></span> <span class='ocrx_word' id='word_1_519' title='bbox 1176 3248 1250 3316; x_wconf 85' lang='lat' dir='ltr'><strong><em>quod</em></strong></span> <span class='ocrx_word' id='word_1_520' title='bbox 1276 3262 1350 3316; x_wconf 84' lang='lat' dir='ltr'><strong><em>prae·</em></strong></span> 
     </span>
     <span class='ocr_line' id='line_1_98' title="bbox 758 3317 1355 3390; baseline -0.005 -16"><span class='ocrx_word' id='word_1_521' title='bbox 758 3324 871 3390; x_wconf 88' lang='lat' dir='ltr'><strong><em>ceptum</em></strong></span> <span class='ocrx_word' id='word_1_522' title='bbox 892 3318 984 3377; x_wconf 83' lang='lat' dir='ltr'><strong><em>datur.</em></strong></span> <span class='ocrx_word' id='word_1_523' title='bbox 1004 3319 1046 3371; x_wconf 84' lang='lat' dir='ltr'><strong><em>vel</em></strong></span> <span class='ocrx_word' id='word_1_524' title='bbox 1073 3320 1108 3372; x_wconf 87' lang='lat' dir='ltr'><strong><em>ad</em></strong></span> <span class='ocrx_word' id='word_1_525' title='bbox 1132 3317 1355 3388; x_wconf 73' lang='lat' dir='ltr'><strong><em>exsequendum,</em></strong></span> 
     </span>
     <span class='ocr_line' id='line_1_99' title="bbox 758 3389 1351 3457; baseline -0.003 -13"><span class='ocrx_word' id='word_1_526' title='bbox 758 3393 803 3444; x_wconf 84' lang='lat' dir='ltr'><strong><em>vei</em></strong></span> <span class='ocrx_word' id='word_1_527' title='bbox 831 3390 867 3443; x_wconf 85' lang='lat' dir='ltr'><strong><em>ud</em></strong></span> <span class='ocrx_word' id='word_1_528' title='bbox 903 3389 1093 3457; x_wconf 86' lang='lat' dir='ltr'><strong><em>probandum,</em></strong></span> <span class='ocrx_word' id='word_1_529' title='bbox 1115 3390 1158 3441; x_wconf 86' lang='lat' dir='ltr'><strong><em>vel</em></strong></span> <span class='ocrx_word' id='word_1_530' title='bbox 1182 3395 1218 3442; x_wconf 84' lang='lat' dir='ltr'><strong><em>ad</em></strong></span> <span class='ocrx_word' id='word_1_531' title='bbox 1244 3389 1351 3442; x_wconf 89' lang='lat' dir='ltr'><strong><em>instru-</em></strong></span> 
     </span>
     <span class='ocr_line' id='line_1_100' title="bbox 759 3457 1353 3529; baseline -0.003 -13"><span class='ocrx_word' id='word_1_532' title='bbox 759 3461 875 3517; x_wconf 91' lang='lat' dir='ltr'><strong><em>endum.</em></strong></span> <span class='ocrx_word' id='word_1_533' title='bbox 907 3460 1034 3513; x_wconf 83' lang='lat' dir='ltr'><strong><em>Prirnuin</em></strong></span> <span class='ocrx_word' id='word_1_534' title='bbox 1059 3457 1167 3529; x_wconf 77' lang='lat' dir='ltr'><strong><em>obligat</em></strong></span> <span class='ocrx_word' id='word_1_535' title='bbox 1197 3457 1234 3512; x_wconf 89' lang='lat' dir='ltr'><strong><em>ad</em></strong></span> <span class='ocrx_word' id='word_1_536' title='bbox 1264 3458 1353 3514; x_wconf 88' lang='lat' dir='ltr'><strong><em>scien·</em></strong></span> 
     </span>
     <span class='ocr_line' id='line_1_101' title="bbox 759 3527 1351 3599; baseline -0.002 -12"><span class='ocrx_word' id='word_1_537' title='bbox 759 3532 827 3587; x_wconf 90' lang='lat' dir='ltr'><strong><em>dum</em></strong></span> <span class='ocrx_word' id='word_1_538' title='bbox 852 3545 913 3585; x_wconf 91' lang='lat' dir='ltr'><strong><em>rem</em></strong></span> <span class='ocrx_word' id='word_1_539' title='bbox 946 3529 1096 3599; x_wconf 82' lang='lat' dir='ltr'><strong><em>praecepti3</em></strong></span> <span class='ocrx_word' id='word_1_540' title='bbox 1123 3528 1290 3598; x_wconf 88' lang='lat' dir='ltr'><strong><em>secuudum,</em></strong></span> <span class='ocrx_word' id='word_1_541' title='bbox 1314 3527 1351 3586; x_wconf 89' lang='lat' dir='ltr'><strong><em>ed</em></strong></span> 
     </span>
     <span class='ocr_line' id='line_1_102' title="bbox 759 3601 1348 3675; baseline -0.007 -15"><span class='ocrx_word' id='word_1_542' title='bbox 759 3601 937 3675; x_wconf 85' lang='lat' dir='ltr'><strong><em>sequendum</em></strong></span> <span class='ocrx_word' id='word_1_543' title='bbox 964 3603 1139 3656; x_wconf 84' lang='lat' dir='ltr'><strong><em>voluntatem</em></strong></span> <span class='ocrx_word' id='word_1_544' title='bbox 1164 3617 1213 3658; x_wconf 88' lang='lat' dir='ltr'><strong><em>seu</em></strong></span> <span class='ocrx_word' id='word_1_545' title='bbox 1230 3601 1348 3658; x_wconf 87' lang='lat' dir='ltr'><strong><em>intenti·</em></strong></span> 
     </span>
     <span class='ocr_line' id='line_1_103' title="bbox 760 3671 1347 3745; baseline -0.003 -13"><span class='ocrx_word' id='word_1_546' title='bbox 760 3691 845 3732; x_wconf 89' lang='lat' dir='ltr'><strong><em>ouem</em></strong></span> <span class='ocrx_word' id='word_1_547' title='bbox 869 3671 1082 3745; x_wconf 80' lang='lat' dir='ltr'><strong><em>praeeipieirtis3</em></strong></span> <span class='ocrx_word' id='word_1_548' title='bbox 1107 3675 1234 3743; x_wconf 85' lang='lat' dir='ltr'><strong><em>tertium,</em></strong></span> <span class='ocrx_word' id='word_1_549' title='bbox 1252 3674 1288 3730; x_wconf 87' lang='lat' dir='ltr'><strong><em>ad</em></strong></span> <span class='ocrx_word' id='word_1_550' title='bbox 1303 3675 1347 3731; x_wconf 91' lang='lat' dir='ltr'><strong><em>di-</em></strong></span> 
     </span>
     <span class='ocr_line' id='line_1_104' title="bbox 758 3746 1350 3818; baseline -0.002 -14"><span class='ocrx_word' id='word_1_551' title='bbox 758 3747 894 3805; x_wconf 88' lang='lat' dir='ltr'><strong><em>scendum</em></strong></span> <span class='ocrx_word' id='word_1_552' title='bbox 910 3747 1016 3817; x_wconf 85' lang='lat' dir='ltr'><strong><em>aliquid</em></strong></span> <span class='ocrx_word' id='word_1_553' title='bbox 1032 3763 1065 3802; x_wconf 83' lang='lat' dir='ltr'><strong><em>cn</em></strong></span> <span class='ocrx_word' id='word_1_554' title='bbox 1082 3756 1232 3818; x_wconf 68' lang='lat' dir='ltr'><strong><em>precepto.</em></strong></span> <span class='ocrx_word' id='word_1_555' title='bbox 1248 3747 1283 3801; x_wconf 85' lang='lat' dir='ltr'><strong><em>Et</em></strong></span> <span class='ocrx_word' id='word_1_556' title='bbox 1294 3746 1350 3804; x_wconf 85' lang='lat' dir='ltr'><strong><em>hoc</em></strong></span> 
     </span>
     <span class='ocr_line' id='line_1_105' title="bbox 759 3819 1350 3886; baseline -0.002 -12"><span class='ocrx_word' id='word_1_557' title='bbox 759 3820 845 3875; x_wconf 91' lang='lat' dir='ltr'><strong><em>tertio</em></strong></span> <span class='ocrx_word' id='word_1_558' title='bbox 866 3819 950 3874; x_wconf 89' lang='lat' dir='ltr'><strong><em>modo</em></strong></span> <span class='ocrx_word' id='word_1_559' title='bbox 975 3823 1164 3875; x_wconf 82' lang='lat' dir='ltr'><strong><em>comminatus</em></strong></span> <span class='ocrx_word' id='word_1_560' title='bbox 1183 3829 1226 3874; x_wconf 85' lang='lat' dir='ltr'><strong><em>cst</em></strong></span> <span class='ocrx_word' id='word_1_561' title='bbox 1247 3820 1297 3886; x_wconf 86' lang='lat' dir='ltr'><strong><em>cis,</em></strong></span> <span class='ocrx_word' id='word_1_562' title='bbox 1314 3833 1350 3873; x_wconf 90' lang='lat' dir='ltr'><strong><em>ne</em></strong></span> 
     </span>
     <span class='ocr_line' id='line_1_106' title="bbox 759 3889 1352 3947; baseline -0.003 -1"><span class='ocrx_word' id='word_1_563' title='bbox 759 3890 844 3946; x_wconf 85' lang='lat' dir='ltr'><strong><em>elicui</em></strong></span> <span class='ocrx_word' id='word_1_564' title='bbox 872 3889 1009 3946; x_wconf 83' lang='lat' dir='ltr'><strong><em>dicerent.</em></strong></span> <span class='ocrx_word' id='word_1_565' title='bbox 1028 3892 1105 3947; x_wconf 87' lang='lat' dir='ltr'><strong><em>Unde</em></strong></span> <span class='ocrx_word' id='word_1_566' title='bbox 1127 3907 1184 3946; x_wconf 92' lang='lat' dir='ltr'><strong><em>non</em></strong></span> <span class='ocrx_word' id='word_1_567' title='bbox 1212 3890 1265 3945; x_wconf 83' lang='lat' dir='ltr'><strong><em>suit</em></strong></span> <span class='ocrx_word' id='word_1_568' title='bbox 1282 3891 1352 3945; x_wconf 90' lang='lat' dir='ltr'><strong><em>sim·</em></strong></span> 
     </span>
     <span class='ocr_line' id='line_1_107' title="bbox 759 3959 1354 4039; baseline -0.008 -22"><span class='ocrx_word' id='word_1_569' title='bbox 759 3963 824 4034; x_wconf 72' lang='lat' dir='ltr'><strong><em>ples</em></strong></span> <span class='ocrx_word' id='word_1_570' title='bbox 852 3962 985 4017; x_wconf 82' lang='lat' dir='ltr'><strong><em>inhibitio</em></strong></span> <span class='ocrx_word' id='word_1_571' title='bbox 1014 3962 1125 4017; x_wconf 87' lang='lat' dir='ltr'><strong><em>dicendi</em></strong></span> <span class='ocrx_word' id='word_1_572' title='bbox 1136 3980 1144 4031; x_wconf 89' lang='lat'>;</span> <span class='ocrx_word' id='word_1_573' title='bbox 1178 3961 1228 4016; x_wconf 87' lang='lat' dir='ltr'><strong><em>sed</em></strong></span> <span class='ocrx_word' id='word_1_574' title='bbox 1258 3959 1354 4039; x_wconf 80' lang='lat' dir='ltr'><strong><em>potius</em></strong></span> 
     </span>
     <span class='ocr_line' id='line_1_108' title="bbox 760 4032 1350 4107; baseline -0.014 -18"><span class='ocrx_word' id='word_1_575' title='bbox 760 4033 877 4089; x_wconf 85' lang='lat' dir='ltr'><strong><em>muralis</em></strong></span> <span class='ocrx_word' id='word_1_576' title='bbox 904 4032 1061 4101; x_wconf 82' lang='lat' dir='ltr'><strong><em>instructio,</em></strong></span> <span class='ocrx_word' id='word_1_577' title='bbox 1083 4042 1113 4087; x_wconf 87' lang='lat' dir='ltr'><strong><em>ut</em></strong></span> <span class='ocrx_word' id='word_1_578' title='bbox 1142 4032 1271 4100; x_wconf 79' lang='lat' dir='ltr'><strong><em>exemplo</em></strong></span> <span class='ocrx_word' id='word_1_579' title='bbox 1295 4043 1350 4107; x_wconf 79' lang='lat' dir='ltr'><strong><em>sur,</em></strong></span> 
     </span>
     <span class='ocr_line' id='line_1_109' title="bbox 762 4097 1352 4175; baseline -0.014 -15"><span class='ocrx_word' id='word_1_580' title='bbox 762 4104 838 4160; x_wconf 87' lang='lat' dir='ltr'><strong><em>bona</em></strong></span> <span class='ocrx_word' id='word_1_581' title='bbox 869 4119 933 4175; x_wconf 76' lang='lat' dir='ltr'><strong><em>quae</em></strong></span> <span class='ocrx_word' id='word_1_582' title='bbox 970 4106 1077 4160; x_wconf 83' lang='lat' dir='ltr'><strong><em>iaciunt</em></strong></span> <span class='ocrx_word' id='word_1_583' title='bbox 1106 4104 1234 4159; x_wconf 83' lang='lat' dir='ltr'><strong><em>homines</em></strong></span> <span class='ocrx_word' id='word_1_584' title='bbox 1263 4097 1352 4153; x_wconf 85' lang='lat' dir='ltr'><strong><em>velint</em></strong></span> 
     </span>
     <span class='ocr_line' id='line_1_110' title="bbox 760 4167 1350 4244; baseline -0.015 -12"><span class='ocrx_word' id='word_1_585' title='bbox 760 4175 861 4244; x_wconf 84' lang='lat' dir='ltr'><strong><em>latere,</em></strong></span> <span class='ocrx_word' id='word_1_586' title='bbox 886 4176 937 4232; x_wconf 90' lang='lat' dir='ltr'><strong><em>sed</em></strong></span> <span class='ocrx_word' id='word_1_587' title='bbox 963 4183 1071 4242; x_wconf 84' lang='lat' dir='ltr'><strong><em>tauron,</em></strong></span> <span class='ocrx_word' id='word_1_588' title='bbox 1104 4181 1135 4228; x_wconf 90' lang='lat' dir='ltr'><strong><em>ut</em></strong></span> <span class='ocrx_word' id='word_1_589' title='bbox 1151 4176 1259 4241; x_wconf 85' lang='lat' dir='ltr'><strong><em>prosim</em></strong></span> <span class='ocrx_word' id='word_1_590' title='bbox 1274 4167 1350 4237; x_wconf 90' lang='lat' dir='ltr'><strong><em>aliis,</em></strong></span> 
     </span>
     <span class='ocr_line' id='line_1_111' title="bbox 761 4245 1353 4318; baseline -0.02 -14"><span class='ocrx_word' id='word_1_591' title='bbox 761 4247 884 4318; x_wconf 86' lang='lat' dir='ltr'><strong><em>prodant</em></strong></span> <span class='ocrx_word' id='word_1_592' title='bbox 902 4249 981 4302; x_wconf 87' lang='lat' dir='ltr'><strong><em>inviti</em></strong></span> <span class='ocrx_word' id='word_1_593' title='bbox 995 4269 1001 4313; x_wconf 87' lang='lat'>;</span> <span class='ocrx_word' id='word_1_594' title='bbox 1017 4257 1044 4301; x_wconf 82' lang='lat' dir='ltr'><strong><em>et</em></strong></span> <span class='ocrx_word' id='word_1_595' title='bbox 1064 4246 1127 4301; x_wconf 90' lang='lat' dir='ltr'><strong><em>ideo</em></strong></span> <span class='ocrx_word' id='word_1_596' title='bbox 1152 4245 1197 4296; x_wconf 86' lang='lat' dir='ltr'><strong><em>isti</em></strong></span> <span class='ocrx_word' id='word_1_597' title='bbox 1216 4256 1273 4296; x_wconf 92' lang='lat' dir='ltr'><strong><em>uon</em></strong></span> <span class='ocrx_word' id='word_1_598' title='bbox 1286 4245 1353 4295; x_wconf 88' lang='lat' dir='ltr'><strong><em>suut</em></strong></span> 
     </span>
     <span class='ocr_line' id='line_1_112' title="bbox 760 4317 1349 4392; baseline -0.02 -15"><span class='ocrx_word' id='word_1_599' title='bbox 760 4320 942 4392; x_wconf 85' lang='lat' dir='ltr'><strong><em>transgressi,</em></strong></span> <span class='ocrx_word' id='word_1_600' title='bbox 954 4319 1021 4389; x_wconf 85' lang='lat' dir='ltr'><strong><em>quia</em></strong></span> <span class='ocrx_word' id='word_1_601' title='bbox 1035 4331 1093 4371; x_wconf 90' lang='lat' dir='ltr'><strong><em>nou</em></strong></span> <span class='ocrx_word' id='word_1_602' title='bbox 1106 4317 1236 4371; x_wconf 74' lang='lat' dir='ltr'><strong><em>feceruut</em></strong></span> <span class='ocrx_word' id='word_1_603' title='bbox 1247 4317 1349 4369; x_wconf 83' lang='lat' dir='ltr'><strong><em>contra</em></strong></span> 
     </span>
    </p>
   </div>
   <div class='ocr_carea' id='block_1_6' title="bbox 1248 4411 1262 4461">
    <p class='ocr_par' dir='ltr' id='par_1_6' title="bbox 1248 4411 1262 4461">
     <span class='ocr_line' id='line_1_113' title="bbox 1248 4411 1262 4461; baseline 0 0"><span class='ocrx_word' id='word_1_604' title='bbox 1248 4411 1262 4461; x_wconf 81' lang='grc'><strong>3</strong></span> 
     </span>
    </p>
   </div>
   <div class='ocr_carea' id='block_1_7' title="bbox 0 0 1449 4942">
    <p class='ocr_par' dir='ltr' id='par_1_7' title="bbox 0 0 1449 4942">
     <span class='ocr_line' id='line_1_114' title="bbox 0 0 1449 4942; baseline 0 0"><span class='ocrx_word' id='word_1_605' title='bbox 0 0 1449 4942; x_wconf 95' lang='lat' dir='ltr'><strong><em> </em></strong></span> 
     </span>
    </p>
   </div>
  </div>
 </body>
</html>
