2880 4942
95 292 139 350 tit

100 418 177 472 nem,
193 403 280 470 cecis,
296 399 325 457 id
346 403 390 457 est
415 395 575 456 Gentilibus
598 410 685 452 exeae-

99 473 170 532 catis
188 489 239 546 per
256 488 402 540 errorem3
419 470 561 551 dimittere
576 467 699 550 contre

99 552 165 616 ctos,
188 551 217 602 et
235 545 385 616 depressos
411 541 584 613 importabili
612 554 682 620 pon-

100 618 168 675 dere
183 616 275 687 Legis,
300 617 552 679 inremissionem,
576 609 684 667 scilicet

100 705 153 762 per
185 686 286 744 ratium
307 702 388 742 novae
408 683 490 755 Legis
505 681 681 750 alleviand0;
708 662 711 735 i

95 706 252 833 praigicore
271 773 374 813 annum
401 758 511 812 Domini
533 759 682 834 occeptum,
709 776 711 793 ι

99 846 209 888 annum
247 828 354 886 scilieet
381 825 578 897 benignitatis,
617 839 685 897 quia

99 918 171 959 nunc
187 907 292 972 tempus
320 899 497 971 acceptabile,
525 914 598 954 nunc
625 897 684 951 dies

100 975 211 1041 intutis,
228 971 282 1029 iste
296 987 389 1028 annus
408 974 452 1027 est
466 973 556 1026 totuin
572 976 685 1039 tempus
709 972 712 1043 ξ

98 1044 242 1110 Ecclesiae,
267 1049 295 1100 et
323 1041 484 1125 specialiter
506 1056 598 1099 annus
615 1041 683 1096 Pas·
709 1084 711 1107 ;

98 1115 184 1173 sionis
203 1114 317 1184 Cbristi,
335 1131 363 1171 ιιι
387 1131 442 1187 quo
470 1112 607 1171 Dominus
626 1111 686 1239 pla·
708 1114 711 1181 l

99 1193 179 1246 catus
206 1192 249 1244 est
282 1188 407 1244 humano
443 1186 555 1258 generi,
593 1188 711 1241 soutal

97 1261 218 1317 emenda
234 1257 317 1331 primi
333 1256 457 1330 peceati;
476 1263 501 1314 et
516 1259 588 1313 diem
602 1257 685 1311 retri-

99 1333 229 1399 butionis,
253 1329 370 1387 extremi
392 1329 492 1456 gudicii
516 1327 685 1385 sententiam

97 1403 389 1461 comminandoseeun
413 1398 687 1467 immeritaubire·

98 1473 240 1531 tribuetur
263 1476 410 1542 iinieuique
432 1473 579 1527 secundum
604 1486 686 1541 opero

97 1561 158 1600 sun.
176 1547 341 1615 Tanguntur
357 1548 452 1599 autem
466 1542 512 1599 liic
527 1558 574 1598 seii
589 1539 686 1598 condi·
712 1554 716 1649 p

104 1615 206 1682 tiones,
222 1629 292 1684 quas
306 1614 505 1671 dcbetliabere
517 1613 688 1685 praedicator

105 1686 149 1743 vel
165 1685 322 1758 praelatus:
343 1684 435 1757 prima
456 1690 500 1741 est
519 1684 688 1741 miserorum

107 1756 337 1824 consolatio,ibi:
352 1759 687 1828 Euangelizorepoupeii·

108 1830 175 1898 bus;
197 1829 320 1886 secunda
334 1832 377 1885 est
402 1827 600 1902 poenitentium
620 1844 688 1884 con·

106 1900 232 1969 fortatio,
252 1900 309 1959 ibi:
324 1918 423 1958 sonore
440 1904 588 1968 contritos3
605 1898 690 1956 tertia

106 1978 150 2032 est
165 1973 338 2046 captivorum
356 1973 489 2042 visitatio,
506 1972 565 2029 ibi:
582 1974 688 2044 praedi·

106 2062 167 2103 care
180 2048 299 2117 captiuis
310 2048 495 2102 remissionem
508 2063 515 2115 ;
532 2050 634 2116 quarta
645 2049 688 2101 est

100 2115 297 2190 imperitorum
317 2117 477 2187 instructio,
493 2116 532 2175 ibi
548 2136 556 2172 :
572 2123 598 2172 et
612 2120 688 2173 caeois

101 2192 210 2256 uisum3
227 2191 326 2270 quinta
341 2196 383 2245 est
397 2204 597 2261 oppressorum
618 2188 688 2244 rele-

105 2260 192 2327 vatio,
204 2260 243 2314 ibi
256 2277 263 2313 :
278 2261 416 2315 dimittere
426 2262 597 2328 confractos3
610 2266 688 2315 sexta

107 2335 152 2387 est
167 2330 313 2402 pigrorum
340 2329 482 2399 excitatio,
503 2329 541 2385 ibi
562 2347 569 2384 :
588 2331 688 2400 predi-

105 2417 167 2458 core
176 2417 278 2456 onnuiii
290 2404 400 2456 Domini
414 2406 563 2472 occeptum,
580 2406 605 2456 et
615 2402 687 2457 etiem

105 2473 304 2529 retributionis.
318 2473 487 2529 llevolulum
502 2488 569 2544 ergo
582 2472 686 2530 librum

107 2543 186 2617 legit,
203 2544 270 2617 quia
288 2544 381 2616 palam
400 2545 509 2602 locutus
525 2550 568 2602 est
582 2550 610 2601 et
623 2562 685 2603 om-

105 2633 172 2674 nem
185 2617 332 2673 veritatem
347 2616 451 2674 docuit.

140 2694 156 2744 ὅ
171 2691 211 2746 lli:
221 2708 389 2745 nniuiiisvrii
400 2707 471 2745 unci
482 2707 576 2746 niueos
587 2708 685 2747 sicnos

105 2778 230 2817 anausim
244 2779 276 2815 ET
291 2780 324 2816 ui:
338 2778 550 2818 rubcuulttiniivu
564 2763 682 2818 Clittisil.

97 2858 133 2877 -
147 2832 181 2887 Et
193 2830 296 2888 deinde
306 2831 401 2902 plicuit
412 2832 514 2888 lilirum
527 2831 556 2886 iii
572 2848 626 2903 quo
645 2833 684 2888 le-

100 2907 192 2976 gerat,
209 2901 237 2956 in
253 2919 308 2972 quo
328 2902 485 2973 intelligere
504 2901 592 2970 dedit,
609 2902 684 2974 quod

100 2989 159 3030 non
171 2972 267 3028 omnia
276 2973 409 3029 omnibus
418 2977 484 3029 sunt
492 2973 682 3045 praedicanda.

100 3046 159 3101 Hoc
184 3043 269 3100 etiam
304 3042 380 3111 ierit,
410 3043 446 3100 ad
478 3045 684 3102 ostendendum

102 3114 178 3189 quod
188 3114 251 3172 libri
262 3132 350 3172 sacrae
359 3115 509 3186 Scriptura
521 3123 685 3174 reverenter

101 3186 241 3244 tractandi
264 3195 338 3244 sunt.
362 3189 442 3244 Unde
461 3194 490 3244 et
505 3188 595 3247 Judaei
613 3191 685 3246 banc

102 3259 291 3317 reverentiam
305 3259 411 3318 iaciunt
424 3260 504 3318 libris
514 3261 624 3318 Veteris
636 3264 686 3318 Te

102 3331 247 3401 stamenti,
274 3335 350 3405 quod
387 3333 465 3390 nullo
498 3334 582 3390 niodo
606 3335 686 3406 juxta

104 3404 170 3462 illos
188 3406 321 3461 sederent
347 3411 404 3462 tam
428 3407 495 3474 alte,
516 3422 601 3478 quam
621 3405 686 3463 libri

105 3483 171 3533 sunt
185 3476 268 3549 positi
290 3495 297 3545 ;
324 3479 412 3534 multo
437 3477 528 3549 magis
551 3479 687 3534 debemus

105 3563 160 3604 nos
174 3547 364 3605 reverentiam
380 3548 460 3607 libris
473 3549 618 3623 Evangelii
639 3566 688 3606 eii-

105 3617 216 3686 bibere,
230 3620 316 3689 quod,
340 3626 428 3677 tantae
446 3627 490 3678 est
508 3621 688 3690 reverentiae,

105 3691 148 3756 ut,
159 3690 312 3745 secuudum
323 3692 555 3763 chrysostomum,
568 3691 592 3749 si
601 3694 691 3749 Evan-

107 3757 214 3839 gelium
228 3760 369 3831 suscipere
380 3767 535 3841 oporteret,
551 3779 609 3819 non
624 3762 690 3819 lotis

104 3829 249 3895 manibus,
275 3846 334 3885 noii
364 3836 460 3901 utrque
488 3833 608 3904 eligeres
636 3834 691 3891 lioc

107 3900 211 3960 iacere.
229 3902 267 3957 lix
283 3916 338 3971 quo
352 3905 430 3972 patet
448 3904 524 3975 quod
538 3902 689 3963 Christiani

107 3978 173 4033 aunt
187 3974 306 4030 multum
317 3973 555 4054 reprebendendi,
571 3973 619 4047 qui
632 3992 690 4034 non

110 4046 203 4104 solum
216 4046 303 4103 libros
318 4046 427 4103 Veteris
442 4046 627 4116 Testamenti,
640 4049 690 4107 sed

111 4117 196 4175 etiam
218 4117 297 4187 Novi,
323 4124 351 4175 et
378 4132 460 4176 sacra
481 4119 637 4191 Evangelia
651 4119 690 4179 ita

108 4186 301 4247 irreverenter
319 4193 451 4260 tractant,
477 4194 507 4249 et
519 4191 689 4265 nandoque

108 4257 322 4333 irreverentius,
335 4278 419 4336 quani
433 4261 521 4322 libros
534 4262 688 4324 Gentilium

734 3191 801 3248 dite
816 3199 844 3248 et
860 3193 919 3250 inte

468 288 578 344 titum
604 284 722 340 vittis
749 283 853 338 citur
880 285 944 338 bllV

738 391 1011 464 damnatorum,seu
1019 396 1122 461 vestes,
1132 390 1329 450 etmultaalia

740 480 835 521 reriim
845 464 1063 523 transeuntium.
1074 466 1108 521 Et
1115 464 1189 521 bene
1202 462 1273 520 dicit
1284 479 1328 519 rc·

738 538 825 592 uoluit
841 543 870 594 et
887 540 987 609 plicuit
1002 555 1010 607 ;
1025 553 1077 593 neo
1089 535 1158 593 dicit
1171 534 1288 608 aperuit
1301 540 1332 593 et

741 608 852 679 clausit,
870 609 938 683 quia
961 608 1025 666 libri
1050 608 1216 666 ludaeorum
1236 607 1268 663 in
1282 623 1330 664 ro-

741 680 811 736 tulis
831 687 908 738 sunt.
927 681 1059 738 Reddidit
1072 686 1163 736 cutem
1184 682 1332 747 ministro,

742 750 846 809 librum
873 752 1020 825 plicatum,
1044 750 1110 823 quia
1129 750 1195 808 aliis
1213 748 1334 807 tradidit

743 823 958 897 evangelizandi
979 824 1117 890 osticium,
1133 828 1161 881 et
1180 825 1335 895 prosapta

744 894 933 967 audientium,
951 894 1092 953 commisit
1105 894 1334 965 dispensandum

743 967 879 1035 verbum;
898 973 924 1024 et
942 969 1025 1038 sedit,
1049 971 1080 1024 ut
1100 966 1228 1023 sedendo
1249 980 1334 1037 expo-

742 1044 824 1094 neret
850 1046 971 1109 mature,
996 1038 1072 1111 quod
1094 1037 1197 1095 stando
1222 1036 1332 1108 legerat

740 1118 903 1168 reverenter
922 1117 951 1168 et
965 1111 1075 1168 devote.
1098 1112 1184 1167 Stans
1199 1124 1271 1180 ergo
1295 1108 1334 1165 le-

740 1182 792 1255 git,
805 1185 871 1255 quia
884 1184 954 1239 duni
967 1181 1050 1240 nobis
1060 1181 1222 1254 Scripturas
1235 1194 1332 1237 sacras

741 1256 863 1327 aperuit,
886 1255 917 1311 iii
938 1270 1024 1312 carne
1046 1256 1260 1326 operatuses13
1281 1249 1330 1334 sed

742 1334 841 1399 postea
857 1329 938 1397 sedit,
956 1326 1023 1399 quia
1042 1343 1072 1383 se
1092 1341 1224 1395 supernae
1240 1328 1330 1406 quieti

742 1400 877 1456 restituit.
908 1403 941 1456 Et
972 1399 1142 1455 instruimur
1176 1395 1234 1463 hic,
1265 1409 1333 1465 quia

743 1471 835 1542 primo
848 1471 931 1528 nobis
944 1478 987 1528 est
995 1470 1150 1528 sedendum
1160 1474 1189 1524 et
1201 1466 1330 1524 tiendum

744 1559 795 1615 per
809 1544 998 1600 bumilitatem
1011 1539 1189 1616 poenitentia
1204 1557 1211 1607 ;
1227 1536 1332 1595 deinde

744 1618 919 1686 surgendum
944 1614 1052 1672 avitiis
1074 1628 1125 1685 per
1145 1610 1332 1668 serenitatem

744 1687 928 1743 conscientiae
943 1705 950 1755 3
969 1688 1054 1744 tertio
1066 1685 1231 1756 legendum,
1246 1681 1333 1739 idest

744 1759 818 1815 bene
838 1758 1024 1831 operandum,
1044 1757 1220 1829 prelatoque
1248 1753 1333 1810 etiam

744 1830 967 1903 praedicandum,
984 1836 1016 1887 et,
1027 1835 1125 1903 postea
1136 1825 1333 1894 insidendum,

744 1902 861 1975 prmmia
885 1902 988 1975 quietis
1013 1899 1213 1980 exspectando,
1246 1900 1334 1979 utea

745 1975 858 2031 denium
885 1974 1068 2045 accipiamus,
1102 1972 1133 2028 in
1164 1971 1270 2041 quibus
1303 1982 1332 2024 ιιι

744 2053 884 2103 ueternum
903 2046 1091 2118 quiescamus.
1110 2047 1148 2101 Et
1161 2044 1287 2098 omniurn
1302 2042 1332 2096 in

744 2135 885 2187 synopopo
902 2120 975 2174 ocuti
1001 2122 1079 2173 eruin
1104 2114 1278 2171 intendentes
1302 2113 1331 2167 iii

744 2207 814 2254 curn,
843 2195 960 2262 propter
983 2189 1139 2246 ettlraciam
1164 2186 1329 2253 verborum,

744 2268 772 2316 et
787 2268 933 2333 aspectum
957 2261 1091 2319 humilem
1120 2263 1149 2315 ct
1171 2258 1328 2323 decoratus

745 2332 812 2402 quia
836 2333 864 2388 in
892 2333 962 2389 taric
987 2335 1059 2405 eius,
1089 2330 1207 2403 quidam
1235 2328 1330 2399 fulgor

744 2403 846 2460 divinae
863 2404 962 2474 gratim
977 2405 1131 2468 relucebat,
1147 2401 1196 2485 qui
1217 2398 1330 2457 aiiiuios

743 2475 912 2532 intuentium
926 2478 1095 2533 attrahebat.
1109 2477 1171 2531 l'uit
1182 2471 1259 2529 euim
1271 2468 1331 2553 pul-

744 2547 902 2604 cherrimus
918 2565 924 2604 :
943 2553 1040 2620 utpote
1056 2547 1136 2619 virgo
1151 2545 1188 2601 de
1201 2543 1329 2614 Virgine,

743 2636 799 2676 non
816 2637 850 2675 eu
864 2623 1004 2676 uoluntate
1019 2622 1119 2682 erinnis,
1136 2632 1222 2687 neque
1235 2632 1273 2671 en
1283 2629 1329 2671 oc·

744 2692 849 2747 luntote
874 2695 939 2755 viii,
960 2692 1008 2747 sed
1029 2708 1062 2747 eu
1081 2694 1134 2746 lleo
1154 2693 1248 2743 natus.
1269 2684 1331 2768 Fuit

742 2767 769 2818 et
785 2763 1048 2835 eloqiientissimus3
1062 2769 1091 2818 et
1105 2762 1140 2817 de
1155 2764 1278 2829 utroque
1292 2771 1331 2813 sic

742 2833 767 2889 ei
782 2834 887 2890 dictum
899 2836 991 2892 luerat
1003 2851 1051 2904 per
1064 2832 1235 2904 l'rophetam
1247 2847 1255 2885 ι
1268 2831 1332 2900 Spe·

741 2902 1332 2982 ciosnssonneipraetltii'shemmerammi

742 2984 781 3032 est
791 2981 884 3047 protiu
896 2982 924 3033 iii
935 2980 1018 3034 tabiis
1028 2980 1092 3033 tuis.
1105 2979 1139 3031 Et
1150 2974 1331 3046 prophetiam

741 3064 827 3119 quani
841 3050 958 3120 legerat,
975 3049 1003 3106 in
1018 3048 1109 3120 seipso
1125 3046 1272 3118 impletam
1285 3058 1330 3100 os·

743 3121 872 3188 tendens,
883 3139 920 3177 ou²
942 3126 963 3178 it
979 3123 1067 3177 dicere
1080 3121 1118 3175 nd
1132 3122 1196 3174 illos
1212 3135 1220 3172 :
1235 3120 1332 3173 Atten-

921 3140 1020 3264 fiigite,
1038 3195 1105 3264 quio
1119 3192 1199 3246 lindie
1215 3190 1332 3261 impleto

742 3271 782 3320 est
798 3266 943 3347 Scriptura
963 3268 1018 3321 liae
1035 3269 1065 3320 in
1085 3263 1199 3320 auribus
1210 3262 1330 3343 'uestris

743 3337 886 3393 seilicetin
897 3336 1014 3409 meipso.
1030 3336 1177 3408 impletam
1190 3332 1257 3389 dicit
1270 3346 1332 3389 esse

746 3403 1332 3491 scripturam,quiasioutillapraedixerat,

746 3481 786 3537 sic
810 3497 871 3552 ipse
891 3481 1021 3538 iaciebat.
1047 3479 1131 3547 Quasi
1151 3477 1275 3534 diceret:
1299 3477 1333 3531 lii

745 3569 791 3609 me
807 3552 951 3624 impletam
972 3558 1000 3609 et
1019 3551 1115 3608 videre
1133 3548 1254 3678 potestis
1265 3563 1332 3604 ncu-

746 3624 791 3688 lis,
815 3625 882 3696 quia
906 3628 969 3681 caci
990 3625 1095 3692 uident,
1121 3622 1217 3679 caudi
1234 3619 1333 3675 ombu-

747 3697 817 3762 lnnt,
830 3713 966 3767 pauperes
979 3698 1222 3765 euonpelizantur;
1238 3698 1268 3747 et
1284 3706 1334 3748 uu·

747 3766 809 3821 dire
828 3766 913 3822 etiam
932 3774 1016 3838 atque
1036 3767 1194 3840 intelligere
1215 3762 1335 3844 auribus

747 3837 861 3905 mentis,
892 3855 954 3895 cuni
971 3839 1051 3896 vobis
1072 3855 1134 3897 eain
1154 3847 1335 3910 exposuerim

747 3910 783 3965 ad
793 3924 839 3965 me
852 3924 915 3966 esse
928 3911 1117 3968 referendam.

782 3985 798 4048 t
819 3980 927 4037 Ouiviuii
943 3983 1067 4039 Onnivuii
1080 4000 1183 4039 orricii
1198 3999 1226 4038 ιιι
1237 3996 1336 4037 seusu·

746 4069 805 4108 irso
823 4070 983 4108 iniurunvir
998 4056 1130 4111 Douiuus.
1146 4085 1180 4095 -
1194 4052 1334 4125 Conspioe

746 4125 818 4181 bene
846 4124 996 4181 Dominum
1018 4125 1158 4197 quomodo
1184 4124 1336 4182 humiliter

746 4195 903 4268 suscipiens
914 4197 1039 4253 lectoris
1053 4196 1190 4265 cilicium,
1206 4195 1334 4270 benigno

744 4272 774 4324 et
791 4266 903 4339 placido
925 4267 1004 4325 vultu
1027 4268 1094 4341 legit
1115 4267 1190 4324 inter
1215 4285 1276 4327 eos.
1299 4270 1335 4326 ut
