<?xml version="1.0" encoding="UTF-8"?>
<!DOCTYPE html PUBLIC "-//W3C//DTD XHTML 1.0 Transitional//EN"
    "http://www.w3.org/TR/xhtml1/DTD/xhtml1-transitional.dtd">
<html xmlns="http://www.w3.org/1999/xhtml" xml:lang="en" lang="en">
 <head>
  <title>
</title>
<meta http-equiv="Content-Type" content="text/html;charset=utf-8" />
  <meta name='ocr-system' content='tesseract 3.04.00' />
  <meta name='ocr-capabilities' content='ocr_page ocr_carea ocr_par ocr_line ocrx_word'/>
</head>
<body>
  <div class='ocr_page' id='page_1' title='image "./vitajesuchristi00ludogoog_0129.png"; bbox 0 0 2880 4942; ppageno 0'>
   <div class='ocr_carea' id='block_1_1' title="bbox 102 364 153 419">
    <p class='ocr_par' dir='ltr' id='par_1_1' title="bbox 102 364 153 419">
     <span class='ocr_line' id='line_1_1' title="bbox 102 364 153 419; baseline 0.039 -2"><span class='ocrx_word' id='word_1_1' title='bbox 102 364 153 419; x_wconf 72' lang='lat'>¹20</span> 
     </span>
    </p>
   </div>
   <div class='ocr_carea' id='block_1_2' title="bbox 103 471 701 4400">
    <p class='ocr_par' dir='ltr' id='par_1_2' title="bbox 103 471 701 4400">
     <span class='ocr_line' id='line_1_2' title="bbox 103 471 686 545; baseline -0.005 -15"><span class='ocrx_word' id='word_1_2' title='bbox 103 477 151 530; x_wconf 85' lang='lat' dir='ltr'>ata</span> <span class='ocrx_word' id='word_1_3' title='bbox 181 473 268 545; x_wconf 87' lang='lat' dir='ltr'>Virgo</span> <span class='ocrx_word' id='word_1_4' title='bbox 295 472 407 529; x_wconf 87' lang='lat' dir='ltr'>Martha</span> <span class='ocrx_word' id='word_1_5' title='bbox 436 471 488 528; x_wconf 88' lang='lat' dir='ltr'>luit</span> <span class='ocrx_word' id='word_1_6' title='bbox 511 477 541 529; x_wconf 84' lang='lat' dir='ltr'>et</span> <span class='ocrx_word' id='word_1_7' title='bbox 570 473 686 529; x_wconf 87' lang='lat' dir='ltr'>biacia:</span> 
     </span>
     <span class='ocr_line' id='line_1_3' title="bbox 103 542 693 615; baseline -0.002 -14"><span class='ocrx_word' id='word_1_8' title='bbox 103 546 226 612; x_wconf 84' lang='lat' dir='ltr'>Martha,</span> <span class='ocrx_word' id='word_1_9' title='bbox 242 549 358 615; x_wconf 86' lang='lat' dir='ltr'>proptor</span> <span class='ocrx_word' id='word_1_10' title='bbox 372 542 497 599; x_wconf 90' lang='lat' dir='ltr'>studium</span> <span class='ocrx_word' id='word_1_11' title='bbox 508 545 591 600; x_wconf 74' lang='lat' dir='ltr'>bonae</span> <span class='ocrx_word' id='word_1_12' title='bbox 607 544 693 600; x_wconf 90' lang='lat' dir='ltr'>actio-</span> 
     </span>
     <span class='ocr_line' id='line_1_4' title="bbox 103 614 693 686; baseline -0.003 -14"><span class='ocrx_word' id='word_1_13' title='bbox 103 617 165 683; x_wconf 91' lang='lat' dir='ltr'>nis;</span> <span class='ocrx_word' id='word_1_14' title='bbox 193 614 289 679; x_wconf 87' lang='lat' dir='ltr'>llaria,</span> <span class='ocrx_word' id='word_1_15' title='bbox 311 621 427 686; x_wconf 88' lang='lat' dir='ltr'>proptor</span> <span class='ocrx_word' id='word_1_16' title='bbox 449 614 540 671; x_wconf 93' lang='lat' dir='ltr'>otium</span> <span class='ocrx_word' id='word_1_17' title='bbox 566 621 693 672; x_wconf 87' lang='lat' dir='ltr'>coutem-</span> 
     </span>
     <span class='ocr_line' id='line_1_5' title="bbox 103 684 694 758; baseline 0 -16"><span class='ocrx_word' id='word_1_18' title='bbox 103 686 250 758; x_wconf 91' lang='lat' dir='ltr'>platioms.</span> <span class='ocrx_word' id='word_1_19' title='bbox 268 686 379 742; x_wconf 87' lang='lat' dir='ltr'>Martha</span> <span class='ocrx_word' id='word_1_20' title='bbox 402 684 477 742; x_wconf 88' lang='lat' dir='ltr'>onim</span> <span class='ocrx_word' id='word_1_21' title='bbox 506 691 535 742; x_wconf 88' lang='lat' dir='ltr'>ot</span> <span class='ocrx_word' id='word_1_22' title='bbox 559 687 651 744; x_wconf 83' lang='lat' dir='ltr'>activa</span> <span class='ocrx_word' id='word_1_23' title='bbox 666 688 694 742; x_wconf 94' lang='lat' dir='ltr'>in</span> 
     </span>
     <span class='ocr_line' id='line_1_6' title="bbox 105 755 695 840; baseline -0.003 -25"><span class='ocrx_word' id='word_1_24' title='bbox 105 757 217 815; x_wconf 86' lang='lat' dir='ltr'>Christo</span> <span class='ocrx_word' id='word_1_25' title='bbox 233 755 303 838; x_wconf 66' lang='lat' dir='ltr'>lilio</span> <span class='ocrx_word' id='word_1_26' title='bbox 318 773 369 812; x_wconf 93' lang='lat' dir='ltr'>suo</span> <span class='ocrx_word' id='word_1_27' title='bbox 379 756 447 838; x_wconf 46' lang='lat' dir='ltr'>iuni</span> <span class='ocrx_word' id='word_1_28' title='bbox 463 759 577 840; x_wconf 77' lang='lat' dir='ltr'>quando</span> <span class='ocrx_word' id='word_1_29' title='bbox 597 759 695 840; x_wconf 83' lang='lat' dir='ltr'>omnia</span> 
     </span>
     <span class='ocr_line' id='line_1_7' title="bbox 105 828 695 974; baseline 0.005 -20"><span class='ocrx_word' id='word_1_30' title='bbox 105 828 695 974; x_wconf 56' lang='lat' dir='ltr'>llil,titillataathleticae</span> 
     </span>
     <span class='ocr_line' id='line_1_8' title="bbox 105 968 695 1051; baseline 0.003 -25"><span class='ocrx_word' id='word_1_31' title='bbox 105 968 177 1051; x_wconf 76' lang='lat' dir='ltr'>sicut</span> <span class='ocrx_word' id='word_1_32' title='bbox 202 976 293 1026; x_wconf 89' lang='lat' dir='ltr'>mater</span> <span class='ocrx_word' id='word_1_33' title='bbox 318 970 394 1042; x_wconf 76' lang='lat' dir='ltr'>egit3</span> <span class='ocrx_word' id='word_1_34' title='bbox 412 971 441 1028; x_wconf 91' lang='lat' dir='ltr'>iu</span> <span class='ocrx_word' id='word_1_35' title='bbox 472 973 607 1030; x_wconf 88' lang='lat' dir='ltr'>memhris</span> <span class='ocrx_word' id='word_1_36' title='bbox 634 975 695 1044; x_wconf 89' lang='lat' dir='ltr'>ejus</span> 
     </span>
     <span class='ocr_line' id='line_1_9' title="bbox 106 1042 695 1116; baseline 0.002 -18"><span class='ocrx_word' id='word_1_37' title='bbox 106 1045 204 1109; x_wconf 85' lang='lat' dir='ltr'>etiam,</span> <span class='ocrx_word' id='word_1_38' title='bbox 237 1042 352 1112; x_wconf 92' lang='lat' dir='ltr'>quando</span> <span class='ocrx_word' id='word_1_39' title='bbox 383 1043 536 1111; x_wconf 71' lang='lat' dir='ltr'>Elisabeth,</span> <span class='ocrx_word' id='word_1_40' title='bbox 567 1051 695 1116; x_wconf 76' lang='lat' dir='ltr'>cognatae</span> 
     </span>
     <span class='ocr_line' id='line_1_10' title="bbox 106 1114 694 1187; baseline 0.003 -20"><span class='ocrx_word' id='word_1_41' title='bbox 106 1128 176 1178; x_wconf 71' lang='lat' dir='ltr'>suae,</span> <span class='ocrx_word' id='word_1_42' title='bbox 195 1114 404 1170; x_wconf 75' lang='lat' dir='ltr'>Praecursorem</span> <span class='ocrx_word' id='word_1_43' title='bbox 425 1115 538 1171; x_wconf 86' lang='lat' dir='ltr'><strong>Domini</strong></span> <span class='ocrx_word' id='word_1_44' title='bbox 558 1115 694 1187; x_wconf 87' lang='lat' dir='ltr'>parienti,</span> 
     </span>
     <span class='ocr_line' id='line_1_11' title="bbox 106 1182 695 1266; baseline 0.007 -28"><span class='ocrx_word' id='word_1_45' title='bbox 106 1182 290 1266; x_wconf 81' lang='lat' dir='ltr'>ministrarii,</span> <span class='ocrx_word' id='word_1_46' title='bbox 315 1190 343 1241; x_wconf 88' lang='lat' dir='ltr'>et</span> <span class='ocrx_word' id='word_1_47' title='bbox 369 1186 464 1258; x_wconf 86' lang='lat' dir='ltr'>ipsum</span> <span class='ocrx_word' id='word_1_48' title='bbox 485 1189 695 1244; x_wconf 82' lang='lat' dir='ltr'>Praeciirsorcm</span> 
     </span>
     <span class='ocr_line' id='line_1_12' title="bbox 107 1256 696 1328; baseline 0.002 -17"><span class='ocrx_word' id='word_1_49' title='bbox 107 1271 138 1311; x_wconf 93' lang='lat' dir='ltr'>in</span> <span class='ocrx_word' id='word_1_50' title='bbox 154 1256 293 1312; x_wconf 88' lang='lat' dir='ltr'>cunabulo</span> <span class='ocrx_word' id='word_1_51' title='bbox 308 1256 387 1327; x_wconf 80' lang='lat' dir='ltr'>fovit,</span> <span class='ocrx_word' id='word_1_52' title='bbox 410 1265 437 1314; x_wconf 90' lang='lat' dir='ltr'>et</span> <span class='ocrx_word' id='word_1_53' title='bbox 452 1257 481 1313; x_wconf 95' lang='lat' dir='ltr'>in</span> <span class='ocrx_word' id='word_1_54' title='bbox 500 1259 600 1315; x_wconf 91' lang='lat' dir='ltr'>balneo</span> <span class='ocrx_word' id='word_1_55' title='bbox 618 1259 696 1328; x_wconf 88' lang='lat' dir='ltr'>lavit,</span> 
     </span>
     <span class='ocr_line' id='line_1_13' title="bbox 107 1327 698 1400; baseline 0.003 -17"><span class='ocrx_word' id='word_1_56' title='bbox 107 1327 221 1399; x_wconf 87' lang='lat' dir='ltr'>aliaque</span> <span class='ocrx_word' id='word_1_57' title='bbox 247 1328 386 1399; x_wconf 85' lang='lat' dir='ltr'>obsequia</span> <span class='ocrx_word' id='word_1_58' title='bbox 414 1329 526 1400; x_wconf 90' lang='lat' dir='ltr'>utrique</span> <span class='ocrx_word' id='word_1_59' title='bbox 552 1330 698 1386; x_wconf 88' lang='lat' dir='ltr'>humililer</span> 
     </span>
     <span class='ocr_line' id='line_1_14' title="bbox 109 1399 697 1458; baseline 0.003 -4"><span class='ocrx_word' id='word_1_60' title='bbox 109 1399 244 1455; x_wconf 83' lang='lat' dir='ltr'>eiiliitiuit.</span> <span class='ocrx_word' id='word_1_61' title='bbox 258 1399 318 1455; x_wconf 86' lang='lat' dir='ltr'>Fuit</span> <span class='ocrx_word' id='word_1_62' title='bbox 329 1400 414 1457; x_wconf 88' lang='lat' dir='ltr'>etiam</span> <span class='ocrx_word' id='word_1_63' title='bbox 425 1401 514 1457; x_wconf 88' lang='lat' dir='ltr'>illaria</span> <span class='ocrx_word' id='word_1_64' title='bbox 526 1405 555 1457; x_wconf 88' lang='lat' dir='ltr'>et</span> <span class='ocrx_word' id='word_1_65' title='bbox 570 1408 697 1458; x_wconf 91' lang='lat' dir='ltr'>contem-</span> 
     </span>
     <span class='ocr_line' id='line_1_15' title="bbox 109 1467 697 1542; baseline 0.005 -19"><span class='ocrx_word' id='word_1_66' title='bbox 109 1467 216 1540; x_wconf 83' lang='lat' dir='ltr'>plativa</span> <span class='ocrx_word' id='word_1_67' title='bbox 238 1469 379 1526; x_wconf 87' lang='lat' dir='ltr'>audiendo</span> <span class='ocrx_word' id='word_1_68' title='bbox 400 1472 538 1542; x_wconf 80' lang='lat' dir='ltr'>Angelum</span> <span class='ocrx_word' id='word_1_69' title='bbox 556 1478 584 1528; x_wconf 88' lang='lat' dir='ltr'>et</span> <span class='ocrx_word' id='word_1_70' title='bbox 603 1471 697 1529; x_wconf 89' lang='lat' dir='ltr'>Domi-</span> 
     </span>
     <span class='ocr_line' id='line_1_16' title="bbox 109 1539 698 1612; baseline 0.005 -17"><span class='ocrx_word' id='word_1_71' title='bbox 109 1554 179 1595; x_wconf 91' lang='lat' dir='ltr'>num</span> <span class='ocrx_word' id='word_1_72' title='bbox 194 1544 221 1594; x_wconf 91' lang='lat' dir='ltr'>ct</span> <span class='ocrx_word' id='word_1_73' title='bbox 236 1539 354 1596; x_wconf 89' lang='lat' dir='ltr'>cumeis</span> <span class='ocrx_word' id='word_1_74' title='bbox 368 1541 523 1612; x_wconf 88' lang='lat' dir='ltr'>loquendo;</span> <span class='ocrx_word' id='word_1_75' title='bbox 538 1560 698 1599; x_wconf 82' lang='lat' dir='ltr'>arserimus</span> 
     </span>
     <span class='ocr_line' id='line_1_17' title="bbox 109 1609 699 1683; baseline 0.005 -16"><span class='ocrx_word' id='word_1_76' title='bbox 109 1614 138 1667; x_wconf 89' lang='lat' dir='ltr'>et</span> <span class='ocrx_word' id='word_1_77' title='bbox 151 1609 301 1665; x_wconf 87' lang='lat' dir='ltr'>conterens</span> <span class='ocrx_word' id='word_1_78' title='bbox 313 1627 346 1667; x_wconf 92' lang='lat' dir='ltr'>ea</span> <span class='ocrx_word' id='word_1_79' title='bbox 362 1628 425 1683; x_wconf 87' lang='lat' dir='ltr'>quae</span> <span class='ocrx_word' id='word_1_80' title='bbox 438 1614 551 1670; x_wconf 88' lang='lat' dir='ltr'>videbat</span> <span class='ocrx_word' id='word_1_81' title='bbox 562 1619 591 1671; x_wconf 88' lang='lat' dir='ltr'>et</span> <span class='ocrx_word' id='word_1_82' title='bbox 603 1613 699 1670; x_wconf 89' lang='lat' dir='ltr'>audie-</span> 
     </span>
     <span class='ocr_line' id='line_1_18' title="bbox 109 1680 698 1812; baseline 0.005 -75"><span class='ocrx_word' id='word_1_83' title='bbox 109 1680 698 1812; x_wconf 58' lang='lat' dir='ltr'>batiucordesuoqumnonnisitempord</span> 
     </span>
     <span class='ocr_line' id='line_1_19' title="bbox 110 1755 698 1830; baseline 0.009 -23"><span class='ocrx_word' id='word_1_84' title='bbox 110 1767 161 1808; x_wconf 90' lang='lat' dir='ltr'>suo</span> <span class='ocrx_word' id='word_1_85' title='bbox 178 1758 299 1822; x_wconf 89' lang='lat' dir='ltr'>aporuit,</span> <span class='ocrx_word' id='word_1_86' title='bbox 313 1770 377 1810; x_wconf 88' lang='lat' dir='ltr'>cum</span> <span class='ocrx_word' id='word_1_87' title='bbox 394 1755 502 1812; x_wconf 89' lang='lat' dir='ltr'>scilicet</span> <span class='ocrx_word' id='word_1_88' title='bbox 516 1759 627 1830; x_wconf 79' lang='lat' dir='ltr'>Evange</span> <span class='ocrx_word' id='word_1_89' title='bbox 641 1757 698 1813; x_wconf 89' lang='lat' dir='ltr'>iuni</span> 
     </span>
     <span class='ocr_line' id='line_1_20' title="bbox 110 1823 700 1906; baseline 0.003 -26"><span class='ocrx_word' id='word_1_90' title='bbox 110 1823 196 1880; x_wconf 80' lang='lat' dir='ltr'>scribi</span> <span class='ocrx_word' id='word_1_91' title='bbox 210 1824 305 1906; x_wconf 72' lang='lat' dir='ltr'>coepit,</span> <span class='ocrx_word' id='word_1_92' title='bbox 322 1830 350 1881; x_wconf 89' lang='lat' dir='ltr'>et</span> <span class='ocrx_word' id='word_1_93' title='bbox 364 1830 433 1883; x_wconf 89' lang='lat' dir='ltr'>tunc</span> <span class='ocrx_word' id='word_1_94' title='bbox 443 1827 539 1884; x_wconf 92' lang='lat' dir='ltr'>docuit</span> <span class='ocrx_word' id='word_1_95' title='bbox 551 1828 700 1900; x_wconf 76' lang='lat' dir='ltr'>Apostolos</span> 
     </span>
     <span class='ocr_line' id='line_1_21' title="bbox 109 1895 697 1976; baseline 0.003 -24"><span class='ocrx_word' id='word_1_96' title='bbox 109 1906 145 1953; x_wconf 83' lang='lat' dir='ltr'>ea</span> <span class='ocrx_word' id='word_1_97' title='bbox 160 1911 223 1976; x_wconf 70' lang='lat' dir='ltr'>qum</span> <span class='ocrx_word' id='word_1_98' title='bbox 238 1895 386 1967; x_wconf 89' lang='lat' dir='ltr'>didicerat,</span> <span class='ocrx_word' id='word_1_99' title='bbox 402 1897 432 1954; x_wconf 88' lang='lat' dir='ltr'>in</span> <span class='ocrx_word' id='word_1_100' title='bbox 449 1915 504 1971; x_wconf 93' lang='lat' dir='ltr'>quo</span> <span class='ocrx_word' id='word_1_101' title='bbox 520 1900 612 1957; x_wconf 89' lang='lat' dir='ltr'>activa</span> <span class='ocrx_word' id='word_1_102' title='bbox 626 1906 697 1956; x_wconf 87' lang='lat' dir='ltr'>erat.</span> 
     </span>
     <span class='ocr_line' id='line_1_22' title="bbox 112 1966 700 2028; baseline 0.005 -5"><span class='ocrx_word' id='word_1_103' title='bbox 112 1967 179 2024; x_wconf 92' lang='lat' dir='ltr'>ldeo</span> <span class='ocrx_word' id='word_1_104' title='bbox 195 1966 299 2023; x_wconf 87' lang='lat' dir='ltr'>dicitur</span> <span class='ocrx_word' id='word_1_105' title='bbox 313 1968 359 2026; x_wconf 91' lang='lat' dir='ltr'>hic</span> <span class='ocrx_word' id='word_1_106' title='bbox 373 1987 379 2025; x_wconf 91' lang='lat'>:</span> <span class='ocrx_word' id='word_1_107' title='bbox 395 1973 432 2026; x_wconf 82' lang='lat' dir='ltr'>Et</span> <span class='ocrx_word' id='word_1_108' title='bbox 453 1973 515 2027; x_wconf 83' lang='lat' dir='ltr'>haic</span> <span class='ocrx_word' id='word_1_109' title='bbox 542 1978 601 2028; x_wconf 84' lang='lat' dir='ltr'>erut</span> <span class='ocrx_word' id='word_1_110' title='bbox 623 1988 700 2027; x_wconf 84' lang='lat' dir='ltr'>soror</span> 
     </span>
     <span class='ocr_line' id='line_1_23' title="bbox 111 2041 699 2109; baseline 0.007 -14"><span class='ocrx_word' id='word_1_111' title='bbox 111 2041 223 2095; x_wconf 76' lang='lat' dir='ltr'>nomiae</span> <span class='ocrx_word' id='word_1_112' title='bbox 238 2042 340 2096; x_wconf 82' lang='lat' dir='ltr'>Morio.</span> <span class='ocrx_word' id='word_1_113' title='bbox 356 2042 421 2109; x_wconf 82' lang='lat' dir='ltr'>Qua</span> <span class='ocrx_word' id='word_1_114' title='bbox 431 2046 507 2099; x_wconf 83' lang='lat' dir='ltr'>stetit</span> <span class='ocrx_word' id='word_1_115' title='bbox 519 2050 653 2101; x_wconf 76' lang='lat' dir='ltr'><strong>constans</strong></span> <span class='ocrx_word' id='word_1_116' title='bbox 669 2042 699 2099; x_wconf 94' lang='lat' dir='ltr'>in</span> 
     </span>
     <span class='ocr_line' id='line_1_24' title="bbox 112 2109 699 2184; baseline 0.012 -19"><span class='ocrx_word' id='word_1_117' title='bbox 112 2109 182 2177; x_wconf 87' lang='lat' dir='ltr'>fide,</span> <span class='ocrx_word' id='word_1_118' title='bbox 198 2115 224 2166; x_wconf 87' lang='lat' dir='ltr'>et</span> <span class='ocrx_word' id='word_1_119' title='bbox 241 2115 283 2167; x_wconf 85' lang='lat' dir='ltr'>ait</span> <span class='ocrx_word' id='word_1_120' title='bbox 298 2129 305 2167; x_wconf 93' lang='lat'>:</span> <span class='ocrx_word' id='word_1_121' title='bbox 322 2116 445 2184; x_wconf 83' lang='lat' dir='ltr'><strong><em>Domine,</em></strong></span> <span class='ocrx_word' id='word_1_122' title='bbox 460 2131 514 2170; x_wconf 86' lang='lat' dir='ltr'>aon</span> <span class='ocrx_word' id='word_1_123' title='bbox 530 2120 570 2171; x_wconf 87' lang='lat' dir='ltr'>est</span> <span class='ocrx_word' id='word_1_124' title='bbox 584 2117 636 2171; x_wconf 80' lang='lat' dir='ltr'>tihi</span> <span class='ocrx_word' id='word_1_125' title='bbox 650 2132 699 2171; x_wconf 86' lang='lat' dir='ltr'>eu·</span> 
     </span>
     <span class='ocr_line' id='line_1_25' title="bbox 112 2185 698 2257; baseline 0.01 -22"><span class='ocrx_word' id='word_1_126' title='bbox 112 2196 161 2248; x_wconf 78' lang='lat' dir='ltr'>re,</span> <span class='ocrx_word' id='word_1_127' title='bbox 179 2187 233 2236; x_wconf 91' lang='lat' dir='ltr'>etc.</span> <span class='ocrx_word' id='word_1_128' title='bbox 251 2185 307 2238; x_wconf 87' lang='lat' dir='ltr'>Ista</span> <span class='ocrx_word' id='word_1_129' title='bbox 331 2186 442 2240; x_wconf 81' lang='lat' dir='ltr'>Martha</span> <span class='ocrx_word' id='word_1_130' title='bbox 466 2201 528 2257; x_wconf 84' lang='lat' dir='ltr'>quae</span> <span class='ocrx_word' id='word_1_131' title='bbox 545 2185 698 2257; x_wconf 90' lang='lat' dir='ltr'>conqueri-</span> 
     </span>
     <span class='ocr_line' id='line_1_26' title="bbox 114 2251 697 2325; baseline 0.009 -20"><span class='ocrx_word' id='word_1_132' title='bbox 114 2255 162 2306; x_wconf 90' lang='lat' dir='ltr'>tur</span> <span class='ocrx_word' id='word_1_133' title='bbox 176 2251 212 2306; x_wconf 91' lang='lat' dir='ltr'>de</span> <span class='ocrx_word' id='word_1_134' title='bbox 232 2269 330 2309; x_wconf 90' lang='lat' dir='ltr'>sorore</span> <span class='ocrx_word' id='word_1_135' title='bbox 346 2271 407 2324; x_wconf 90' lang='lat' dir='ltr'>sua,</span> <span class='ocrx_word' id='word_1_136' title='bbox 423 2261 464 2311; x_wconf 85' lang='lat' dir='ltr'>est</span> <span class='ocrx_word' id='word_1_137' title='bbox 480 2255 553 2312; x_wconf 84' lang='lat' dir='ltr'>ratio</span> <span class='ocrx_word' id='word_1_138' title='bbox 569 2256 697 2325; x_wconf 86' lang='lat' dir='ltr'>interior,</span> 
     </span>
     <span class='ocr_line' id='line_1_27' title="bbox 114 2322 699 2383; baseline 0.009 -6"><span class='ocrx_word' id='word_1_139' title='bbox 114 2322 266 2377; x_wconf 86' lang='lat' dir='ltr'>attendens</span> <span class='ocrx_word' id='word_1_140' title='bbox 281 2328 310 2377; x_wconf 90' lang='lat' dir='ltr'>et</span> <span class='ocrx_word' id='word_1_141' title='bbox 326 2323 426 2381; x_wconf 90' lang='lat' dir='ltr'>videns</span> <span class='ocrx_word' id='word_1_142' title='bbox 444 2325 544 2382; x_wconf 86' lang='lat' dir='ltr'>Filium</span> <span class='ocrx_word' id='word_1_143' title='bbox 564 2342 645 2383; x_wconf 89' lang='lat' dir='ltr'>snum</span> <span class='ocrx_word' id='word_1_144' title='bbox 662 2327 699 2382; x_wconf 87' lang='lat' dir='ltr'>ad</span> 
     </span>
     <span class='ocr_line' id='line_1_28' title="bbox 113 2396 697 2473; baseline 0.01 -26"><span class='ocrx_word' id='word_1_145' title='bbox 113 2398 235 2473; x_wconf 86' lang='lat' dir='ltr'>mortem</span> <span class='ocrx_word' id='word_1_146' title='bbox 255 2396 457 2465; x_wconf 78' lang='lat' dir='ltr'>comprehendi</span> <span class='ocrx_word' id='word_1_147' title='bbox 476 2397 552 2453; x_wconf 91' lang='lat' dir='ltr'>inter</span> <span class='ocrx_word' id='word_1_148' title='bbox 567 2399 628 2453; x_wconf 83' lang='lat' dir='ltr'>hiec</span> <span class='ocrx_word' id='word_1_149' title='bbox 642 2397 697 2453; x_wconf 89' lang='lat' dir='ltr'>sol·</span> 
     </span>
     <span class='ocr_line' id='line_1_29' title="bbox 111 2462 699 2541; baseline 0.01 -22"><span class='ocrx_word' id='word_1_150' title='bbox 111 2462 190 2519; x_wconf 89' lang='lat' dir='ltr'>licita</span> <span class='ocrx_word' id='word_1_151' title='bbox 200 2464 320 2521; x_wconf 88' lang='lat' dir='ltr'>naturali</span> <span class='ocrx_word' id='word_1_152' title='bbox 332 2467 541 2539; x_wconf 84' lang='lat' dir='ltr'><strong>compassione,</strong></span> <span class='ocrx_word' id='word_1_153' title='bbox 552 2468 632 2541; x_wconf 84' lang='lat' dir='ltr'>quasi</span> <span class='ocrx_word' id='word_1_154' title='bbox 644 2474 699 2525; x_wconf 90' lang='lat' dir='ltr'>sat-</span> 
     </span>
     <span class='ocr_line' id='line_1_30' title="bbox 114 2536 699 2619; baseline 0.009 -27"><span class='ocrx_word' id='word_1_155' title='bbox 114 2536 217 2618; x_wconf 80' lang='lat' dir='ltr'>agebat</span> <span class='ocrx_word' id='word_1_156' title='bbox 245 2553 309 2619; x_wconf 87' lang='lat' dir='ltr'>eum</span> <span class='ocrx_word' id='word_1_157' title='bbox 326 2536 464 2610; x_wconf 87' lang='lat' dir='ltr'>liberaro;</span> <span class='ocrx_word' id='word_1_158' title='bbox 482 2540 531 2596; x_wconf 87' lang='lat' dir='ltr'>sed</span> <span class='ocrx_word' id='word_1_159' title='bbox 551 2540 639 2597; x_wconf 89' lang='lat' dir='ltr'>llaria</span> <span class='ocrx_word' id='word_1_160' title='bbox 655 2545 699 2597; x_wconf 88' lang='lat' dir='ltr'>est</span> 
     </span>
     <span class='ocr_line' id='line_1_31' title="bbox 112 2612 697 2684; baseline 0.01 -21"><span class='ocrx_word' id='word_1_161' title='bbox 112 2613 187 2665; x_wconf 91' lang='lat' dir='ltr'>ratio</span> <span class='ocrx_word' id='word_1_162' title='bbox 207 2625 348 2681; x_wconf 88' lang='lat' dir='ltr'>superior,</span> <span class='ocrx_word' id='word_1_163' title='bbox 365 2612 697 2684; x_wconf 84' lang='lat' dir='ltr'>contemplansdirinam</span> 
     </span>
     <span class='ocr_line' id='line_1_32' title="bbox 113 2680 697 2749; baseline 0.015 -17"><span class='ocrx_word' id='word_1_164' title='bbox 113 2680 300 2749; x_wconf 85' lang='lat' dir='ltr'>voluntatem,</span> <span class='ocrx_word' id='word_1_165' title='bbox 316 2686 345 2738; x_wconf 90' lang='lat' dir='ltr'>et</span> <span class='ocrx_word' id='word_1_166' title='bbox 369 2684 519 2740; x_wconf 85' lang='lat' dir='ltr'>attendens</span> <span class='ocrx_word' id='word_1_167' title='bbox 545 2689 635 2741; x_wconf 88' lang='lat' dir='ltr'>totum</span> <span class='ocrx_word' id='word_1_168' title='bbox 656 2685 668 2740; x_wconf 86' lang='lat' dir='ltr'>i</span> <span class='ocrx_word' id='word_1_169' title='bbox 685 2716 697 2725; x_wconf 98' lang='lat'>-</span> 
     </span>
     <span class='ocr_line' id='line_1_33' title="bbox 112 2752 697 2827; baseline 0.01 -22"><span class='ocrx_word' id='word_1_170' title='bbox 112 2753 190 2806; x_wconf 88' lang='lat' dir='ltr'>ctum</span> <span class='ocrx_word' id='word_1_171' title='bbox 206 2768 268 2807; x_wconf 89' lang='lat' dir='ltr'>osse</span> <span class='ocrx_word' id='word_1_172' title='bbox 284 2768 316 2807; x_wconf 88' lang='lat' dir='ltr'>ex</span> <span class='ocrx_word' id='word_1_173' title='bbox 331 2752 380 2809; x_wconf 91' lang='lat' dir='ltr'>Dei</span> <span class='ocrx_word' id='word_1_174' title='bbox 396 2754 588 2823; x_wconf 89' lang='lat' dir='ltr'>ordinatione,</span> <span class='ocrx_word' id='word_1_175' title='bbox 605 2755 697 2827; x_wconf 85' lang='lat' dir='ltr'>quasi,</span> 
     </span>
     <span class='ocr_line' id='line_1_34' title="bbox 114 2820 699 2902; baseline 0.012 -26"><span class='ocrx_word' id='word_1_176' title='bbox 114 2820 217 2876; x_wconf 89' lang='lat' dir='ltr'>sedens</span> <span class='ocrx_word' id='word_1_177' title='bbox 226 2837 312 2902; x_wconf 28' lang='lat' dir='ltr'>‘secus</span> <span class='ocrx_word' id='word_1_178' title='bbox 327 2824 415 2893; x_wconf 91' lang='lat' dir='ltr'>pedes</span> <span class='ocrx_word' id='word_1_179' title='bbox 426 2827 498 2895; x_wconf 87' lang='lat' dir='ltr'>ejus,</span> <span class='ocrx_word' id='word_1_180' title='bbox 515 2826 651 2882; x_wconf 81' lang='lat' dir='ltr'>audiebat</span> <span class='ocrx_word' id='word_1_181' title='bbox 664 2843 699 2884; x_wconf 91' lang='lat' dir='ltr'>ea</span> 
     </span>
     <span class='ocr_line' id='line_1_35' title="bbox 156 2892 699 2972; baseline 0.011 -25"><span class='ocrx_word' id='word_1_182' title='bbox 156 2906 193 2972; x_wconf 40' lang='grc' dir='ltr'>ω.</span> <span class='ocrx_word' id='word_1_183' title='bbox 204 2892 290 2948; x_wconf 83' lang='lat' dir='ltr'>Filius</span> <span class='ocrx_word' id='word_1_184' title='bbox 319 2907 386 2949; x_wconf 82' lang='lat' dir='ltr'>suus</span> <span class='ocrx_word' id='word_1_185' title='bbox 413 2895 582 2966; x_wconf 76' lang='lat' dir='ltr'>praedixerat</span> <span class='ocrx_word' id='word_1_186' title='bbox 596 2897 632 2952; x_wconf 92' lang='lat' dir='ltr'>do</span> <span class='ocrx_word' id='word_1_187' title='bbox 648 2914 699 2953; x_wconf 91' lang='lat' dir='ltr'>sua</span> 
     </span>
     <span class='ocr_line' id='line_1_36' title="bbox 137 2965 698 3030; baseline 0.011 -12"><span class='ocrx_word' id='word_1_188' title='bbox 137 2976 261 3030; x_wconf 87' lang='lat' dir='ltr'>assione,</span> <span class='ocrx_word' id='word_1_189' title='bbox 276 2966 305 3018; x_wconf 87' lang='lat' dir='ltr'>et</span> <span class='ocrx_word' id='word_1_190' title='bbox 328 2965 509 3022; x_wconf 79' lang='lat' dir='ltr'>conformans</span> <span class='ocrx_word' id='word_1_191' title='bbox 533 2983 564 3023; x_wconf 89' lang='lat' dir='ltr'>se</span> <span class='ocrx_word' id='word_1_192' title='bbox 594 2967 698 3024; x_wconf 75' lang='lat' dir='ltr'>divine</span> 
     </span>
     <span class='ocr_line' id='line_1_37' title="bbox 112 3032 696 3119; baseline 0.012 -32"><span class='ocrx_word' id='word_1_193' title='bbox 112 3032 251 3089; x_wconf 77' lang='lat' dir='ltr'>voluntati</span> <span class='ocrx_word' id='word_1_194' title='bbox 262 3037 459 3092; x_wconf 76' lang='lat' dir='ltr'>consentiebat</span> <span class='ocrx_word' id='word_1_195' title='bbox 469 3037 543 3119; x_wconf 91' lang='lat' dir='ltr'>quod</span> <span class='ocrx_word' id='word_1_196' title='bbox 555 3039 595 3094; x_wconf 90' lang='lat' dir='ltr'>sie</span> <span class='ocrx_word' id='word_1_197' title='bbox 605 3039 696 3095; x_wconf 87' lang='lat' dir='ltr'>lieret:</span> 
     </span>
     <span class='ocr_line' id='line_1_38' title="bbox 113 3102 699 3186; baseline 0.012 -26"><span class='ocrx_word' id='word_1_198' title='bbox 113 3102 155 3186; x_wconf 76' lang='lat' dir='ltr'>ita</span> <span class='ocrx_word' id='word_1_199' title='bbox 170 3104 246 3186; x_wconf 79' lang='lat' dir='ltr'>quod</span> <span class='ocrx_word' id='word_1_200' title='bbox 270 3104 350 3176; x_wconf 89' lang='lat' dir='ltr'>quasi</span> <span class='ocrx_word' id='word_1_201' title='bbox 377 3107 450 3164; x_wconf 90' lang='lat' dir='ltr'>calio</span> <span class='ocrx_word' id='word_1_202' title='bbox 474 3108 592 3164; x_wconf 89' lang='lat' dir='ltr'>inlerior</span> <span class='ocrx_word' id='word_1_203' title='bbox 609 3111 699 3167; x_wconf 77' lang='lat' dir='ltr'>beatae</span> 
     </span>
     <span class='ocr_line' id='line_1_39' title="bbox 113 3176 698 3253; baseline 0.009 -20"><span class='ocrx_word' id='word_1_204' title='bbox 113 3176 164 3233; x_wconf 85' lang='lat' dir='ltr'>Vir</span> <span class='ocrx_word' id='word_1_205' title='bbox 195 3193 239 3233; x_wconf 89' lang='lat' dir='ltr'>ms</span> <span class='ocrx_word' id='word_1_206' title='bbox 253 3180 480 3248; x_wconf 81' lang='lat' dir='ltr'>conquerebatur</span> <span class='ocrx_word' id='word_1_207' title='bbox 494 3181 530 3237; x_wconf 89' lang='lat' dir='ltr'>de</span> <span class='ocrx_word' id='word_1_208' title='bbox 549 3181 698 3253; x_wconf 90' lang='lat' dir='ltr'>superiori.</span> 
     </span>
     <span class='ocr_line' id='line_1_40' title="bbox 115 3246 700 3322; baseline 0.009 -16"><span class='ocrx_word' id='word_1_209' title='bbox 115 3247 151 3306; x_wconf 86' lang='lat' dir='ltr'>Se</span> <span class='ocrx_word' id='word_1_210' title='bbox 186 3246 254 3319; x_wconf 93' lang='lat' dir='ltr'>quld</span> <span class='ocrx_word' id='word_1_211' title='bbox 270 3251 426 3322; x_wconf 84' lang='lat' dir='ltr'>respondet</span> <span class='ocrx_word' id='word_1_212' title='bbox 439 3252 585 3322; x_wconf 87' lang='lat' dir='ltr'>Dominus,</span> <span class='ocrx_word' id='word_1_213' title='bbox 603 3255 700 3311; x_wconf 87' lang='lat' dir='ltr'>audia-</span> 
     </span>
     <span class='ocr_line' id='line_1_41' title="bbox 113 3323 698 3396; baseline 0.012 -20"><span class='ocrx_word' id='word_1_214' title='bbox 113 3334 197 3377; x_wconf 87' lang='lat' dir='ltr'>mus:</span> <span class='ocrx_word' id='word_1_215' title='bbox 220 3323 343 3391; x_wconf 81' lang='lat' dir='ltr'>Martha,</span> <span class='ocrx_word' id='word_1_216' title='bbox 363 3326 486 3395; x_wconf 79' lang='lat' dir='ltr'>Martha,</span> <span class='ocrx_word' id='word_1_217' title='bbox 514 3327 635 3382; x_wconf 84' lang='lat' dir='ltr'>sollicita</span> <span class='ocrx_word' id='word_1_218' title='bbox 661 3344 698 3396; x_wconf 87' lang='lat' dir='ltr'>es,</span> 
     </span>
     <span class='ocr_line' id='line_1_42' title="bbox 115 3394 700 3478; baseline 0.015 -31"><span class='ocrx_word' id='word_1_219' title='bbox 115 3394 280 3477; x_wconf 73' lang='lat' dir='ltr'>ettartori&#39;s</span> <span class='ocrx_word' id='word_1_220' title='bbox 297 3411 363 3478; x_wconf 76' lang='lat' dir='ltr'>erqo</span> <span class='ocrx_word' id='word_1_221' title='bbox 378 3398 512 3468; x_wconf 80' lang='lat' dir='ltr'>plurimo,</span> <span class='ocrx_word' id='word_1_222' title='bbox 530 3397 597 3469; x_wconf 90' lang='lat' dir='ltr'>quia</span> <span class='ocrx_word' id='word_1_223' title='bbox 616 3398 700 3456; x_wconf 88' lang='lat' dir='ltr'>beata</span> 
     </span>
     <span class='ocr_line' id='line_1_43' title="bbox 113 3465 700 3541; baseline 0.014 -21"><span class='ocrx_word' id='word_1_224' title='bbox 113 3465 199 3536; x_wconf 89' lang='lat' dir='ltr'>Virgo</span> <span class='ocrx_word' id='word_1_225' title='bbox 218 3466 339 3524; x_wconf 88' lang='lat' dir='ltr'>sollicita</span> <span class='ocrx_word' id='word_1_226' title='bbox 361 3467 424 3537; x_wconf 88' lang='lat' dir='ltr'>luit,</span> <span class='ocrx_word' id='word_1_227' title='bbox 445 3470 569 3541; x_wconf 86' lang='lat' dir='ltr'>quando,</span> <span class='ocrx_word' id='word_1_228' title='bbox 589 3472 700 3528; x_wconf 90' lang='lat' dir='ltr'>Herode</span> 
     </span>
     <span class='ocr_line' id='line_1_44' title="bbox 115 3537 700 3614; baseline 0.017 -25"><span class='ocrx_word' id='word_1_229' title='bbox 115 3545 314 3607; x_wconf 83' lang='lat' dir='ltr'>persequente,</span> <span class='ocrx_word' id='word_1_230' title='bbox 339 3537 369 3594; x_wconf 92' lang='lat' dir='ltr'>in</span> <span class='ocrx_word' id='word_1_231' title='bbox 391 3543 540 3614; x_wconf 80' lang='lat' dir='ltr'>AEgyptum</span> <span class='ocrx_word' id='word_1_232' title='bbox 569 3542 650 3614; x_wconf 82' lang='lat' dir='ltr'>fugit,</span> <span class='ocrx_word' id='word_1_233' title='bbox 672 3550 700 3599; x_wconf 91' lang='lat' dir='ltr'>et</span> 
     </span>
     <span class='ocr_line' id='line_1_45' title="bbox 114 3607 699 3686; baseline 0.021 -27"><span class='ocrx_word' id='word_1_234' title='bbox 114 3607 227 3675; x_wconf 90' lang='lat' dir='ltr'>quando</span> <span class='ocrx_word' id='word_1_235' title='bbox 249 3609 363 3664; x_wconf 74' lang='lat' dir='ltr'>ludaeos</span> <span class='ocrx_word' id='word_1_236' title='bbox 386 3610 485 3668; x_wconf 85' lang='lat' dir='ltr'>Filium</span> <span class='ocrx_word' id='word_1_237' title='bbox 504 3630 587 3670; x_wconf 91' lang='lat' dir='ltr'>suum</span> <span class='ocrx_word' id='word_1_238' title='bbox 602 3630 699 3686; x_wconf 90' lang='lat' dir='ltr'>perse·</span> 
     </span>
     <span class='ocr_line' id='line_1_46' title="bbox 114 3679 701 3752; baseline 0.02 -23"><span class='ocrx_word' id='word_1_239' title='bbox 114 3680 234 3744; x_wconf 82' lang='lat' dir='ltr'>quantes</span> <span class='ocrx_word' id='word_1_240' title='bbox 264 3679 411 3749; x_wconf 81' lang='lat' dir='ltr'>cognovit3</span> <span class='ocrx_word' id='word_1_241' title='bbox 437 3699 519 3752; x_wconf 82' lang='lat' dir='ltr'>porro</span> <span class='ocrx_word' id='word_1_242' title='bbox 547 3701 631 3740; x_wconf 79' lang='lat' dir='ltr'>naum</span> <span class='ocrx_word' id='word_1_243' title='bbox 660 3691 701 3741; x_wconf 83' lang='lat' dir='ltr'>est</span> 
     </span>
     <span class='ocr_line' id='line_1_47' title="bbox 112 3749 700 3820; baseline 0.017 -19"><span class='ocrx_word' id='word_1_244' title='bbox 112 3749 305 3816; x_wconf 82' lang='lat' dir='ltr'>necessarium,</span> <span class='ocrx_word' id='word_1_245' title='bbox 315 3749 431 3820; x_wconf 90' lang='lat' dir='ltr'>scilicet,</span> <span class='ocrx_word' id='word_1_246' title='bbox 438 3758 471 3808; x_wconf 81' lang='lat' dir='ltr'>ut</span> <span class='ocrx_word' id='word_1_247' title='bbox 482 3770 553 3810; x_wconf 84' lang='lat' dir='ltr'>unus</span> <span class='ocrx_word' id='word_1_248' title='bbox 565 3758 700 3810; x_wconf 80' lang='lat' dir='ltr'>moriatur</span> 
     </span>
     <span class='ocr_line' id='line_1_48' title="bbox 114 3819 696 3896; baseline 0.017 -24"><span class='ocrx_word' id='word_1_249' title='bbox 114 3832 165 3888; x_wconf 84' lang='lat' dir='ltr'>pro</span> <span class='ocrx_word' id='word_1_250' title='bbox 178 3819 291 3888; x_wconf 84' lang='lat' dir='ltr'>populo,</span> <span class='ocrx_word' id='word_1_251' title='bbox 304 3824 330 3875; x_wconf 87' lang='lat' dir='ltr'>et</span> <span class='ocrx_word' id='word_1_252' title='bbox 346 3836 401 3876; x_wconf 83' lang='lat' dir='ltr'>non</span> <span class='ocrx_word' id='word_1_253' title='bbox 423 3827 482 3880; x_wconf 85' lang='lat' dir='ltr'>toto</span> <span class='ocrx_word' id='word_1_254' title='bbox 503 3840 569 3894; x_wconf 77' lang='lat' dir='ltr'>geas</span> <span class='ocrx_word' id='word_1_255' title='bbox 593 3831 696 3896; x_wconf 84' lang='lat' dir='ltr'>pereat.</span> 
     </span>
     <span class='ocr_line' id='line_1_49' title="bbox 115 3889 697 3968; baseline 0.017 -24"><span class='ocrx_word' id='word_1_256' title='bbox 115 3889 150 3945; x_wconf 85' lang='lat' dir='ltr'>Et</span> <span class='ocrx_word' id='word_1_257' title='bbox 163 3890 266 3958; x_wconf 81' lang='lat' dir='ltr'>Morio,</span> <span class='ocrx_word' id='word_1_258' title='bbox 282 3889 388 3947; x_wconf 86' lang='lat' dir='ltr'>scilicet</span> <span class='ocrx_word' id='word_1_259' title='bbox 406 3892 480 3950; x_wconf 90' lang='lat' dir='ltr'>ratio</span> <span class='ocrx_word' id='word_1_260' title='bbox 494 3895 634 3966; x_wconf 87' lang='lat' dir='ltr'>superior,</span> <span class='ocrx_word' id='word_1_261' title='bbox 649 3913 697 3968; x_wconf 89' lang='lat' dir='ltr'>op-</span> 
     </span>
     <span class='ocr_line' id='line_1_50' title="bbox 114 3963 697 4042; baseline 0.014 -25"><span class='ocrx_word' id='word_1_262' title='bbox 114 3963 212 4042; x_wconf 73' lang='lat' dir='ltr'>timam</span> <span class='ocrx_word' id='word_1_263' title='bbox 224 3966 332 4033; x_wconf 85' lang='lat' dir='ltr'>portem</span> <span class='ocrx_word' id='word_1_264' title='bbox 356 3965 447 4034; x_wconf 81' lang='lat' dir='ltr'>eteqi‘t,</span> <span class='ocrx_word' id='word_1_265' title='bbox 463 3964 572 4023; x_wconf 89' lang='lat' dir='ltr'>scilicet</span> <span class='ocrx_word' id='word_1_266' title='bbox 590 3966 621 4023; x_wconf 93' lang='lat' dir='ltr'>in</span> <span class='ocrx_word' id='word_1_267' title='bbox 636 3984 697 4025; x_wconf 93' lang='lat' dir='ltr'>om-</span> 
     </span>
     <span class='ocr_line' id='line_1_51' title="bbox 114 4033 696 4111; baseline 0.012 -22"><span class='ocrx_word' id='word_1_268' title='bbox 114 4033 199 4091; x_wconf 89' lang='lat' dir='ltr'>nibus</span> <span class='ocrx_word' id='word_1_269' title='bbox 223 4033 385 4092; x_wconf 88' lang='lat' dir='ltr'>consentire</span> <span class='ocrx_word' id='word_1_270' title='bbox 409 4035 514 4095; x_wconf 74' lang='lat' dir='ltr'>divinae</span> <span class='ocrx_word' id='word_1_271' title='bbox 542 4038 696 4111; x_wconf 79' lang='lat' dir='ltr'>voluntati;</span> 
     </span>
     <span class='ocr_line' id='line_1_52' title="bbox 115 4105 696 4181; baseline 0.014 -21"><span class='ocrx_word' id='word_1_272' title='bbox 115 4119 176 4175; x_wconf 81' lang='lat' dir='ltr'>qua·</span> <span class='ocrx_word' id='word_1_273' title='bbox 190 4120 257 4178; x_wconf 90' lang='lat' dir='ltr'>pars</span> <span class='ocrx_word' id='word_1_274' title='bbox 272 4105 336 4164; x_wconf 91' lang='lat' dir='ltr'>ideo</span> <span class='ocrx_word' id='word_1_275' title='bbox 355 4124 409 4165; x_wconf 84' lang='lat' dir='ltr'>noa</span> <span class='ocrx_word' id='word_1_276' title='bbox 426 4111 569 4177; x_wconf 69' lang='lat' dir='ltr'>anteitur</span> <span class='ocrx_word' id='word_1_277' title='bbox 597 4112 632 4167; x_wconf 76' lang='lat' dir='ltr'>ut&gt;</span> <span class='ocrx_word' id='word_1_278' title='bbox 653 4129 696 4181; x_wconf 86' lang='lat' dir='ltr'>eo,</span> 
     </span>
     <span class='ocr_line' id='line_1_53' title="bbox 115 4175 697 4260; baseline 0.015 -29"><span class='ocrx_word' id='word_1_279' title='bbox 115 4175 183 4260; x_wconf 83' lang='lat' dir='ltr'>quia</span> <span class='ocrx_word' id='word_1_280' title='bbox 200 4194 206 4231; x_wconf 94' lang='lat'>:</span> <span class='ocrx_word' id='word_1_281' title='bbox 224 4179 271 4235; x_wconf 86' lang='lat' dir='ltr'>Sto</span> <span class='ocrx_word' id='word_1_282' title='bbox 290 4183 413 4251; x_wconf 85' lang='lat' dir='ltr'>oportuit</span> <span class='ocrx_word' id='word_1_283' title='bbox 431 4182 570 4239; x_wconf 77' lang='lat' dir='ltr'>Christum</span> <span class='ocrx_word' id='word_1_284' title='bbox 582 4186 656 4254; x_wconf 84' lang='lat' dir='ltr'>poti,</span> <span class='ocrx_word' id='word_1_285' title='bbox 672 4189 697 4240; x_wconf 87' lang='lat' dir='ltr'>et</span> 
     </span>
     <span class='ocr_line' id='line_1_54' title="bbox 112 4251 697 4322; baseline 0.019 -21"><span class='ocrx_word' id='word_1_286' title='bbox 112 4251 154 4302; x_wconf 81' lang='lat' dir='ltr'>ita</span> <span class='ocrx_word' id='word_1_287' title='bbox 173 4251 279 4305; x_wconf 83' lang='lat' dir='ltr'>intrare</span> <span class='ocrx_word' id='word_1_288' title='bbox 308 4255 338 4307; x_wconf 86' lang='lat' dir='ltr'>i&#39;ii</span> <span class='ocrx_word' id='word_1_289' title='bbox 366 4255 484 4322; x_wconf 75' lang='lat' dir='ltr'>gloriam</span> <span class='ocrx_word' id='word_1_290' title='bbox 510 4268 599 4311; x_wconf 84' lang='lat' dir='ltr'>suom.</span> <span class='ocrx_word' id='word_1_291' title='bbox 616 4255 697 4312; x_wconf 87' lang='lat' dir='ltr'>Unde</span> 
     </span>
     <span class='ocr_line' id='line_1_55' title="bbox 111 4317 695 4400; baseline 0.021 -27"><span class='ocrx_word' id='word_1_292' title='bbox 111 4317 259 4377; x_wconf 75' lang='lat' dir='ltr'>dussimus</span> <span class='ocrx_word' id='word_1_293' title='bbox 273 4341 282 4378; x_wconf 92' lang='lat'>.·</span> <span class='ocrx_word' id='word_1_294' title='bbox 298 4345 312 4374; x_wconf 80' lang='lat' dir='ltr'>ii</span> <span class='ocrx_word' id='word_1_295' title='bbox 326 4325 385 4382; x_wconf 85' lang='lat' dir='ltr'>Hoc</span> <span class='ocrx_word' id='word_1_296' title='bbox 398 4324 545 4384; x_wconf 86' lang='lat' dir='ltr'>castollum</span> <span class='ocrx_word' id='word_1_297' title='bbox 561 4326 638 4400; x_wconf 93' lang='lat' dir='ltr'>quod</span> <span class='ocrx_word' id='word_1_298' title='bbox 649 4327 695 4385; x_wconf 92' lang='lat' dir='ltr'>in·</span> 
     </span>
    </p>
   </div>
   <div class='ocr_carea' id='block_1_3' title="bbox 485 362 960 418">
    <p class='ocr_par' dir='ltr' id='par_1_3' title="bbox 485 362 960 418">
     <span class='ocr_line' id='line_1_56' title="bbox 485 362 960 418; baseline -0.011 0"><span class='ocrx_word' id='word_1_299' title='bbox 485 365 597 418; x_wconf 78' lang='lat' dir='ltr'>intua</span> <span class='ocrx_word' id='word_1_300' title='bbox 623 363 744 418; x_wconf 78' lang='lat' dir='ltr'>lintis</span> <span class='ocrx_word' id='word_1_301' title='bbox 771 362 873 416; x_wconf 75' lang='lat' dir='ltr'>CAPUT</span> <span class='ocrx_word' id='word_1_302' title='bbox 901 362 960 414; x_wconf 88' lang='lat' dir='ltr'>Llll</span> 
     </span>
    </p>
   </div>
   <div class='ocr_carea' id='block_1_4' title="bbox 750 466 1344 4412">
    <p class='ocr_par' dir='ltr' id='par_1_4' title="bbox 750 466 1343 3828">
     <span class='ocr_line' id='line_1_57' title="bbox 751 466 1336 541; baseline -0.014 -15"><span class='ocrx_word' id='word_1_303' title='bbox 751 469 837 526; x_wconf 89' lang='lat' dir='ltr'>travit</span> <span class='ocrx_word' id='word_1_304' title='bbox 850 473 933 527; x_wconf 87' lang='lat' dir='ltr'>lesus</span> <span class='ocrx_word' id='word_1_305' title='bbox 942 467 1126 541; x_wconf 84' lang='lat' dir='ltr'>singulariter</span> <span class='ocrx_word' id='word_1_306' title='bbox 1136 466 1336 522; x_wconf 84' lang='lat' dir='ltr'>intemeratam</span> 
     </span>
     <span class='ocr_line' id='line_1_58' title="bbox 751 537 1336 618; baseline -0.012 -21"><span class='ocrx_word' id='word_1_307' title='bbox 751 541 907 611; x_wconf 76' lang='lat' dir='ltr'>Virginem,</span> <span class='ocrx_word' id='word_1_308' title='bbox 927 541 1055 612; x_wconf 87' lang='lat' dir='ltr'>ejusdem</span> <span class='ocrx_word' id='word_1_309' title='bbox 1079 543 1146 596; x_wconf 83' lang='lat' dir='ltr'>tcsu</span> <span class='ocrx_word' id='word_1_310' title='bbox 1171 537 1336 618; x_wconf 70' lang='lat' dir='ltr'>genitricem</span> 
     </span>
     <span class='ocr_line' id='line_1_59' title="bbox 752 610 1337 683; baseline -0.015 -13"><span class='ocrx_word' id='word_1_311' title='bbox 752 612 880 681; x_wconf 88' lang='lat' dir='ltr'>llariain,</span> <span class='ocrx_word' id='word_1_312' title='bbox 910 629 960 683; x_wconf 89' lang='lat' dir='ltr'>per</span> <span class='ocrx_word' id='word_1_313' title='bbox 988 610 1202 667; x_wconf 89' lang='lat' dir='ltr'>similitudinem</span> <span class='ocrx_word' id='word_1_314' title='bbox 1234 622 1337 677; x_wconf 89' lang='lat' dir='ltr'>accipi-</span> 
     </span>
     <span class='ocr_line' id='line_1_60' title="bbox 751 678 1339 750; baseline -0.015 -9"><span class='ocrx_word' id='word_1_315' title='bbox 751 701 823 741; x_wconf 89' lang='lat' dir='ltr'>mus.</span> <span class='ocrx_word' id='word_1_316' title='bbox 834 683 988 742; x_wconf 85' lang='lat' dir='ltr'>Castellum</span> <span class='ocrx_word' id='word_1_317' title='bbox 1000 682 1076 740; x_wconf 91' lang='lat' dir='ltr'>enim</span> <span class='ocrx_word' id='word_1_318' title='bbox 1086 681 1190 737; x_wconf 85' lang='lat' dir='ltr'>dii-itur</span> <span class='ocrx_word' id='word_1_319' title='bbox 1203 678 1339 750; x_wconf 77' lang='lat' dir='ltr'>qualibet</span> 
     </span>
     <span class='ocr_line' id='line_1_61' title="bbox 750 753 1339 822; baseline -0.014 -10"><span class='ocrx_word' id='word_1_320' title='bbox 750 755 883 813; x_wconf 65' lang='lat' dir='ltr'>tucciaci</span> <span class='ocrx_word' id='word_1_321' title='bbox 898 771 994 812; x_wconf 88' lang='lat' dir='ltr'>murus</span> <span class='ocrx_word' id='word_1_322' title='bbox 1012 753 1041 809; x_wconf 92' lang='lat' dir='ltr'>in</span> <span class='ocrx_word' id='word_1_323' title='bbox 1056 753 1173 809; x_wconf 86' lang='lat' dir='ltr'>circuitu</span> <span class='ocrx_word' id='word_1_324' title='bbox 1188 753 1260 822; x_wconf 84' lang='lat' dir='ltr'>ejus,</span> <span class='ocrx_word' id='word_1_325' title='bbox 1274 765 1339 821; x_wconf 74' lang='lat' dir='ltr'>quae</span> 
     </span>
     <span class='ocr_line' id='line_1_62' title="bbox 751 821 1342 890; baseline -0.015 -6"><span class='ocrx_word' id='word_1_326' title='bbox 751 828 807 884; x_wconf 92' lang='lat' dir='ltr'>duo</span> <span class='ocrx_word' id='word_1_327' title='bbox 827 843 890 884; x_wconf 88' lang='lat' dir='ltr'>sese</span> <span class='ocrx_word' id='word_1_328' title='bbox 916 826 1039 882; x_wconf 84' lang='lat' dir='ltr'>invicem</span> <span class='ocrx_word' id='word_1_329' title='bbox 1059 824 1223 890; x_wconf 83' lang='lat' dir='ltr'>detendunt,</span> <span class='ocrx_word' id='word_1_330' title='bbox 1241 821 1281 876; x_wconf 92' lang='lat' dir='ltr'>ita</span> <span class='ocrx_word' id='word_1_331' title='bbox 1308 825 1342 876; x_wconf 90' lang='lat' dir='ltr'>ut</span> 
     </span>
     <span class='ocr_line' id='line_1_63' title="bbox 750 898 1340 973; baseline -0.017 -17"><span class='ocrx_word' id='word_1_332' title='bbox 750 900 848 955; x_wconf 88' lang='lat' dir='ltr'>hostes</span> <span class='ocrx_word' id='word_1_333' title='bbox 863 916 914 972; x_wconf 89' lang='lat' dir='ltr'>per</span> <span class='ocrx_word' id='word_1_334' title='bbox 929 913 1040 953; x_wconf 92' lang='lat' dir='ltr'>murum</span> <span class='ocrx_word' id='word_1_335' title='bbox 1055 898 1090 952; x_wconf 88' lang='lat' dir='ltr'>ab</span> <span class='ocrx_word' id='word_1_336' title='bbox 1102 912 1177 961; x_wconf 85' lang='lat' dir='ltr'>arco,</span> <span class='ocrx_word' id='word_1_337' title='bbox 1190 898 1217 948; x_wconf 88' lang='lat' dir='ltr'>et</span> <span class='ocrx_word' id='word_1_338' title='bbox 1228 909 1244 948; x_wconf 93' lang='lat' dir='ltr'>a</span> <span class='ocrx_word' id='word_1_339' title='bbox 1255 907 1340 973; x_wconf 85' lang='lat' dir='ltr'>muro</span> 
     </span>
     <span class='ocr_line' id='line_1_64' title="bbox 751 962 1337 1045; baseline -0.019 -17"><span class='ocrx_word' id='word_1_340' title='bbox 751 987 802 1045; x_wconf 91' lang='lat' dir='ltr'>per</span> <span class='ocrx_word' id='word_1_341' title='bbox 831 985 926 1027; x_wconf 89' lang='lat' dir='ltr'>arcem</span> <span class='ocrx_word' id='word_1_342' title='bbox 954 974 1114 1026; x_wconf 89' lang='lat' dir='ltr'>arceantur.</span> <span class='ocrx_word' id='word_1_343' title='bbox 1137 962 1337 1043; x_wconf 81' lang='lat' dir='ltr'>hujuscemodi</span> 
     </span>
     <span class='ocr_line' id='line_1_65' title="bbox 752 1037 1337 1116; baseline -0.019 -17"><span class='ocrx_word' id='word_1_344' title='bbox 752 1042 869 1099; x_wconf 89' lang='lat' dir='ltr'>castello</span> <span class='ocrx_word' id='word_1_345' title='bbox 884 1058 940 1097; x_wconf 92' lang='lat' dir='ltr'>nou</span> <span class='ocrx_word' id='word_1_346' title='bbox 963 1041 1120 1110; x_wconf 87' lang='lat' dir='ltr'>incongrue</span> <span class='ocrx_word' id='word_1_347' title='bbox 1136 1037 1221 1107; x_wconf 78' lang='lat' dir='ltr'>Virgo</span> <span class='ocrx_word' id='word_1_348' title='bbox 1249 1037 1337 1116; x_wconf 71' lang='lat' dir='ltr'>illaria</span> 
     </span>
     <span class='ocr_line' id='line_1_66' title="bbox 752 1108 1338 1184; baseline -0.019 -13"><span class='ocrx_word' id='word_1_349' title='bbox 752 1113 936 1182; x_wconf 85' lang='lat' dir='ltr'>assimilatur,</span> <span class='ocrx_word' id='word_1_350' title='bbox 958 1128 1043 1184; x_wconf 93' lang='lat' dir='ltr'>quam</span> <span class='ocrx_word' id='word_1_351' title='bbox 1063 1108 1210 1181; x_wconf 83' lang='lat' dir='ltr'>virginitas</span> <span class='ocrx_word' id='word_1_352' title='bbox 1233 1110 1338 1162; x_wconf 89' lang='lat' dir='ltr'>montis</span> 
     </span>
     <span class='ocr_line' id='line_1_67' title="bbox 752 1177 1337 1264; baseline -0.019 -22"><span class='ocrx_word' id='word_1_353' title='bbox 752 1191 780 1243; x_wconf 92' lang='lat' dir='ltr'>et</span> <span class='ocrx_word' id='word_1_354' title='bbox 795 1184 933 1264; x_wconf 87' lang='lat' dir='ltr'>corporis,</span> <span class='ocrx_word' id='word_1_355' title='bbox 949 1183 1029 1255; x_wconf 88' lang='lat' dir='ltr'>quasi</span> <span class='ocrx_word' id='word_1_356' title='bbox 1048 1198 1144 1238; x_wconf 90' lang='lat' dir='ltr'>murus</span> <span class='ocrx_word' id='word_1_357' title='bbox 1159 1180 1197 1235; x_wconf 86' lang='lat' dir='ltr'>ita</span> <span class='ocrx_word' id='word_1_358' title='bbox 1212 1177 1337 1259; x_wconf 80' lang='lat' dir='ltr'>undique</span> 
     </span>
     <span class='ocr_line' id='line_1_68' title="bbox 752 1249 1338 1324; baseline -0.017 -11"><span class='ocrx_word' id='word_1_359' title='bbox 752 1257 878 1324; x_wconf 85' lang='lat' dir='ltr'>vallavit,</span> <span class='ocrx_word' id='word_1_360' title='bbox 905 1260 934 1311; x_wconf 86' lang='lat' dir='ltr'>ut</span> <span class='ocrx_word' id='word_1_361' title='bbox 958 1253 1028 1311; x_wconf 92' lang='lat' dir='ltr'>nulli</span> <span class='ocrx_word' id='word_1_362' title='bbox 1062 1268 1196 1323; x_wconf 88' lang='lat' dir='ltr'>umquam</span> <span class='ocrx_word' id='word_1_363' title='bbox 1226 1249 1338 1306; x_wconf 80' lang='lat' dir='ltr'>libidini</span> 
     </span>
     <span class='ocr_line' id='line_1_69' title="bbox 753 1329 1338 1392; baseline -0.021 -6"><span class='ocrx_word' id='word_1_364' title='bbox 753 1333 828 1387; x_wconf 88' lang='lat' dir='ltr'>esset</span> <span class='ocrx_word' id='word_1_365' title='bbox 849 1329 894 1384; x_wconf 89' lang='lat' dir='ltr'>ad&#39;</span> <span class='ocrx_word' id='word_1_366' title='bbox 910 1343 972 1384; x_wconf 88' lang='lat' dir='ltr'>eam</span> <span class='ocrx_word' id='word_1_367' title='bbox 993 1341 1133 1392; x_wconf 86' lang='lat' dir='ltr'>accessus,</span> <span class='ocrx_word' id='word_1_368' title='bbox 1156 1339 1208 1378; x_wconf 90' lang='lat' dir='ltr'>uoc</span> <span class='ocrx_word' id='word_1_369' title='bbox 1235 1335 1338 1376; x_wconf 88' lang='lat' dir='ltr'>sensus</span> 
     </span>
     <span class='ocr_line' id='line_1_70' title="bbox 753 1392 1338 1474; baseline -0.019 -17"><span class='ocrx_word' id='word_1_370' title='bbox 753 1403 814 1474; x_wconf 85' lang='lat' dir='ltr'>ejus</span> <span class='ocrx_word' id='word_1_371' title='bbox 829 1399 924 1470; x_wconf 88' lang='lat' dir='ltr'>aliqua</span> <span class='ocrx_word' id='word_1_372' title='bbox 943 1397 1133 1468; x_wconf 88' lang='lat' dir='ltr'>corriperetur</span> <span class='ocrx_word' id='word_1_373' title='bbox 1150 1393 1291 1473; x_wconf 89' lang='lat' dir='ltr'>illecebra.</span> <span class='ocrx_word' id='word_1_374' title='bbox 1305 1392 1338 1446; x_wconf 76' lang='lat' dir='ltr'>lit</span> 
     </span>
     <span class='ocr_line' id='line_1_71' title="bbox 754 1465 1339 1545; baseline -0.021 -16"><span class='ocrx_word' id='word_1_375' title='bbox 754 1472 821 1545; x_wconf 90' lang='lat' dir='ltr'>quia</span> <span class='ocrx_word' id='word_1_376' title='bbox 835 1469 1036 1542; x_wconf 86' lang='lat' dir='ltr'>virginitatem,</span> <span class='ocrx_word' id='word_1_377' title='bbox 1048 1483 1111 1523; x_wconf 89' lang='lat' dir='ltr'>cuin</span> <span class='ocrx_word' id='word_1_378' title='bbox 1125 1465 1212 1522; x_wconf 89' lang='lat' dir='ltr'>libido</span> <span class='ocrx_word' id='word_1_379' title='bbox 1226 1477 1339 1519; x_wconf 80' lang='lat' dir='ltr'>vincere</span> 
     </span>
     <span class='ocr_line' id='line_1_72' title="bbox 754 1538 1340 1615; baseline -0.019 -15"><span class='ocrx_word' id='word_1_380' title='bbox 754 1560 812 1600; x_wconf 93' lang='lat' dir='ltr'>non</span> <span class='ocrx_word' id='word_1_381' title='bbox 839 1541 936 1613; x_wconf 88' lang='lat' dir='ltr'>possit,</span> <span class='ocrx_word' id='word_1_382' title='bbox 953 1540 1025 1596; x_wconf 89' lang='lat' dir='ltr'>solet</span> <span class='ocrx_word' id='word_1_383' title='bbox 1054 1538 1221 1610; x_wconf 86' lang='lat' dir='ltr'>impugnare</span> <span class='ocrx_word' id='word_1_384' title='bbox 1243 1549 1340 1615; x_wconf 79' lang='lat' dir='ltr'>super·</span> 
     </span>
     <span class='ocr_line' id='line_1_73' title="bbox 753 1608 1340 1684; baseline -0.02 -13"><span class='ocrx_word' id='word_1_385' title='bbox 753 1614 812 1684; x_wconf 90' lang='lat' dir='ltr'>bia,</span> <span class='ocrx_word' id='word_1_386' title='bbox 830 1618 873 1669; x_wconf 90' lang='lat' dir='ltr'>est</span> <span class='ocrx_word' id='word_1_387' title='bbox 895 1612 923 1668; x_wconf 91' lang='lat' dir='ltr'>in</span> <span class='ocrx_word' id='word_1_388' title='bbox 941 1612 1041 1668; x_wconf 87' lang='lat' dir='ltr'>cadem</span> <span class='ocrx_word' id='word_1_389' title='bbox 1069 1608 1230 1679; x_wconf 83' lang='lat' dir='ltr'>virginitate</span> <span class='ocrx_word' id='word_1_390' title='bbox 1251 1611 1340 1662; x_wconf 90' lang='lat' dir='ltr'>turris</span> 
     </span>
     <span class='ocr_line' id='line_1_74' title="bbox 755 1681 1339 1759; baseline -0.019 -17"><span class='ocrx_word' id='word_1_391' title='bbox 755 1684 934 1752; x_wconf 87' lang='lat' dir='ltr'>humilitatis,</span> <span class='ocrx_word' id='word_1_392' title='bbox 948 1698 1064 1740; x_wconf 92' lang='lat' dir='ltr'>omnem</span> <span class='ocrx_word' id='word_1_393' title='bbox 1083 1681 1224 1752; x_wconf 86' lang='lat' dir='ltr'>repellens</span> <span class='ocrx_word' id='word_1_394' title='bbox 1240 1692 1339 1759; x_wconf 86' lang='lat' dir='ltr'>super-</span> 
     </span>
     <span class='ocr_line' id='line_1_75' title="bbox 754 1748 1339 1829; baseline -0.021 -15"><span class='ocrx_word' id='word_1_395' title='bbox 754 1757 840 1814; x_wconf 88' lang='lat' dir='ltr'>biam.</span> <span class='ocrx_word' id='word_1_396' title='bbox 858 1759 955 1826; x_wconf 90' lang='lat' dir='ltr'>ltaque</span> <span class='ocrx_word' id='word_1_397' title='bbox 978 1755 1039 1810; x_wconf 84' lang='lat' dir='ltr'>haec</span> <span class='ocrx_word' id='word_1_398' title='bbox 1061 1754 1128 1820; x_wconf 91' lang='lat' dir='ltr'>duo,</span> <span class='ocrx_word' id='word_1_399' title='bbox 1146 1766 1242 1807; x_wconf 93' lang='lat' dir='ltr'>murus</span> <span class='ocrx_word' id='word_1_400' title='bbox 1261 1748 1339 1829; x_wconf 81' lang='lat' dir='ltr'>vide·</span> 
     </span>
     <span class='ocr_line' id='line_1_76' title="bbox 754 1819 1340 1899; baseline -0.022 -13"><span class='ocrx_word' id='word_1_401' title='bbox 754 1829 820 1886; x_wconf 91' lang='lat' dir='ltr'>licet</span> <span class='ocrx_word' id='word_1_402' title='bbox 837 1827 1008 1899; x_wconf 85' lang='lat' dir='ltr'>virginitatis</span> <span class='ocrx_word' id='word_1_403' title='bbox 1023 1829 1051 1882; x_wconf 90' lang='lat' dir='ltr'>et</span> <span class='ocrx_word' id='word_1_404' title='bbox 1069 1823 1155 1880; x_wconf 88' lang='lat' dir='ltr'>turris</span> <span class='ocrx_word' id='word_1_405' title='bbox 1171 1819 1340 1877; x_wconf 83' lang='lat' dir='ltr'>humilitatis</span> 
     </span>
     <span class='ocr_line' id='line_1_77' title="bbox 754 1896 1341 1974; baseline -0.019 -17"><span class='ocrx_word' id='word_1_406' title='bbox 754 1902 791 1958; x_wconf 86' lang='lat' dir='ltr'>ab</span> <span class='ocrx_word' id='word_1_407' title='bbox 819 1900 957 1957; x_wconf 89' lang='lat' dir='ltr'>alterutro</span> <span class='ocrx_word' id='word_1_408' title='bbox 986 1896 1172 1962; x_wconf 91' lang='lat' dir='ltr'>muniuntur,</span> <span class='ocrx_word' id='word_1_409' title='bbox 1203 1898 1233 1948; x_wconf 90' lang='lat' dir='ltr'>ut</span> <span class='ocrx_word' id='word_1_410' title='bbox 1251 1905 1341 1974; x_wconf 34' lang='lat' dir='ltr'>&#39;uum-</span> 
     </span>
     <span class='ocr_line' id='line_1_78' title="bbox 754 1965 1342 2046; baseline -0.02 -17"><span class='ocrx_word' id='word_1_411' title='bbox 754 1988 839 2046; x_wconf 90' lang='lat' dir='ltr'>quam</span> <span class='ocrx_word' id='word_1_412' title='bbox 867 1970 896 2026; x_wconf 94' lang='lat' dir='ltr'>in</span> <span class='ocrx_word' id='word_1_413' title='bbox 924 1969 1024 2026; x_wconf 90' lang='lat' dir='ltr'>humili</span> <span class='ocrx_word' id='word_1_414' title='bbox 1052 1965 1170 2038; x_wconf 84' lang='lat' dir='ltr'>Virgine</span> <span class='ocrx_word' id='word_1_415' title='bbox 1188 1965 1272 2045; x_wconf 79' lang='lat' dir='ltr'>luerit</span> <span class='ocrx_word' id='word_1_416' title='bbox 1289 1977 1342 2018; x_wconf 89' lang='lat' dir='ltr'>nec</span> 
     </span>
     <span class='ocr_line' id='line_1_79' title="bbox 755 2037 1341 2119; baseline -0.022 -18"><span class='ocrx_word' id='word_1_417' title='bbox 755 2044 877 2117; x_wconf 88' lang='lat' dir='ltr'>superba</span> <span class='ocrx_word' id='word_1_418' title='bbox 912 2041 1070 2113; x_wconf 63' lang='lat' dir='ltr'>virginitas</span> <span class='ocrx_word' id='word_1_419' title='bbox 1106 2054 1158 2119; x_wconf 84' lang='lat' dir='ltr'>nce</span> <span class='ocrx_word' id='word_1_420' title='bbox 1192 2037 1341 2106; x_wconf 77' lang='lat' dir='ltr'>inquinata</span> 
     </span>
     <span class='ocr_line' id='line_1_80' title="bbox 755 2108 1342 2189; baseline -0.02 -17"><span class='ocrx_word' id='word_1_421' title='bbox 755 2113 915 2183; x_wconf 87' lang='lat' dir='ltr'>humilitas;</span> <span class='ocrx_word' id='word_1_422' title='bbox 932 2114 982 2169; x_wconf 88' lang='lat' dir='ltr'>sed</span> <span class='ocrx_word' id='word_1_423' title='bbox 993 2127 1106 2179; x_wconf 84' lang='lat' dir='ltr'>semper</span> <span class='ocrx_word' id='word_1_424' title='bbox 1120 2125 1148 2165; x_wconf 93' lang='lat' dir='ltr'>in</span> <span class='ocrx_word' id='word_1_425' title='bbox 1163 2108 1264 2189; x_wconf 83' lang='lat' dir='ltr'>eadem</span> <span class='ocrx_word' id='word_1_426' title='bbox 1278 2120 1342 2178; x_wconf 90' lang='lat' dir='ltr'>per·</span> 
     </span>
     <span class='ocr_line' id='line_1_81' title="bbox 755 2179 1342 2251; baseline -0.02 -8"><span class='ocrx_word' id='word_1_427' title='bbox 755 2185 893 2243; x_wconf 89' lang='lat' dir='ltr'>manserit</span> <span class='ocrx_word' id='word_1_428' title='bbox 922 2190 950 2241; x_wconf 89' lang='lat' dir='ltr'>et</span> <span class='ocrx_word' id='word_1_429' title='bbox 976 2182 1090 2240; x_wconf 83' lang='lat' dir='ltr'>humilis</span> <span class='ocrx_word' id='word_1_430' title='bbox 1123 2180 1284 2251; x_wconf 80' lang='lat' dir='ltr'>virginitas,</span> <span class='ocrx_word' id='word_1_431' title='bbox 1313 2179 1342 2232; x_wconf 91' lang='lat' dir='ltr'>et</span> 
     </span>
     <span class='ocr_line' id='line_1_82' title="bbox 753 2249 1340 2332; baseline -0.015 -20"><span class='ocrx_word' id='word_1_432' title='bbox 753 2256 902 2329; x_wconf 85' lang='lat' dir='ltr'>virginalis</span> <span class='ocrx_word' id='word_1_433' title='bbox 926 2254 1080 2311; x_wconf 72' lang='lat' dir='ltr'>humilitas·</span> <span class='ocrx_word' id='word_1_434' title='bbox 1104 2255 1172 2310; x_wconf 76' lang='lat' dir='ltr'>Duae</span> <span class='ocrx_word' id='word_1_435' title='bbox 1200 2250 1262 2332; x_wconf 83' lang='lat' dir='ltr'>istae</span> <span class='ocrx_word' id='word_1_436' title='bbox 1288 2249 1340 2304; x_wconf 88' lang='lat' dir='ltr'>Be·</span> 
     </span>
     <span class='ocr_line' id='line_1_83' title="bbox 755 2321 1341 2404; baseline -0.017 -20"><span class='ocrx_word' id='word_1_437' title='bbox 755 2327 860 2385; x_wconf 74' lang='lat' dir='ltr'>thaniae</span> <span class='ocrx_word' id='word_1_438' title='bbox 888 2342 1012 2395; x_wconf 87' lang='lat' dir='ltr'>sorores,</span> <span class='ocrx_word' id='word_1_439' title='bbox 1034 2325 1107 2381; x_wconf 89' lang='lat' dir='ltr'>sicut</span> <span class='ocrx_word' id='word_1_440' title='bbox 1128 2327 1216 2380; x_wconf 86' lang='lat' dir='ltr'>sancti</span> <span class='ocrx_word' id='word_1_441' title='bbox 1231 2321 1341 2404; x_wconf 33' lang='lat' dir='ltr'>,Patres</span> 
     </span>
     <span class='ocr_line' id='line_1_84' title="bbox 753 2396 1340 2473; baseline -0.017 -17"><span class='ocrx_word' id='word_1_442' title='bbox 753 2397 920 2473; x_wconf 89' lang='lat' dir='ltr'>plenissime</span> <span class='ocrx_word' id='word_1_443' title='bbox 934 2401 1137 2470; x_wconf 82' lang='lat' dir='ltr'>exposuerunt,</span> <span class='ocrx_word' id='word_1_444' title='bbox 1149 2396 1219 2451; x_wconf 88' lang='lat' dir='ltr'>duas</span> <span class='ocrx_word' id='word_1_445' title='bbox 1230 2409 1260 2449; x_wconf 93' lang='lat' dir='ltr'>in</span> <span class='ocrx_word' id='word_1_446' title='bbox 1273 2405 1340 2448; x_wconf 86' lang='lat' dir='ltr'>san·</span> 
     </span>
     <span class='ocr_line' id='line_1_85' title="bbox 754 2465 1341 2547; baseline -0.019 -19"><span class='ocrx_word' id='word_1_447' title='bbox 754 2476 800 2528; x_wconf 89' lang='lat' dir='ltr'>cta</span> <span class='ocrx_word' id='word_1_448' title='bbox 824 2469 950 2527; x_wconf 84' lang='lat' dir='ltr'>Ecclesia</span> <span class='ocrx_word' id='word_1_449' title='bbox 978 2468 1049 2525; x_wconf 83' lang='lat' dir='ltr'>vitas</span> <span class='ocrx_word' id='word_1_450' title='bbox 1073 2468 1248 2547; x_wconf 83' lang='lat' dir='ltr'>designant:</span> <span class='ocrx_word' id='word_1_451' title='bbox 1270 2465 1341 2519; x_wconf 83' lang='lat' dir='ltr'>llar-</span> 
     </span>
     <span class='ocr_line' id='line_1_86' title="bbox 753 2540 1340 2613; baseline -0.017 -14"><span class='ocrx_word' id='word_1_452' title='bbox 753 2544 823 2613; x_wconf 87' lang='lat' dir='ltr'>tha,</span> <span class='ocrx_word' id='word_1_453' title='bbox 851 2541 959 2599; x_wconf 87' lang='lat' dir='ltr'>scilicet</span> <span class='ocrx_word' id='word_1_454' title='bbox 983 2543 1119 2608; x_wconf 83' lang='lat' dir='ltr'>activam3</span> <span class='ocrx_word' id='word_1_455' title='bbox 1153 2540 1242 2594; x_wconf 88' lang='lat' dir='ltr'>illaria</span> <span class='ocrx_word' id='word_1_456' title='bbox 1272 2549 1340 2590; x_wconf 81' lang='lat' dir='ltr'>iero</span> 
     </span>
     <span class='ocr_line' id='line_1_87' title="bbox 755 2606 1342 2689; baseline -0.02 -17"><span class='ocrx_word' id='word_1_457' title='bbox 755 2613 1015 2686; x_wconf 87' lang='lat' dir='ltr'>contemplativam.</span> <span class='ocrx_word' id='word_1_458' title='bbox 1032 2616 1089 2668; x_wconf 87' lang='lat' dir='ltr'>lsta</span> <span class='ocrx_word' id='word_1_459' title='bbox 1116 2611 1229 2667; x_wconf 87' lang='lat' dir='ltr'>laborat</span> <span class='ocrx_word' id='word_1_460' title='bbox 1243 2606 1280 2689; x_wconf 83' lang='lat' dir='ltr'>ad</span> <span class='ocrx_word' id='word_1_461' title='bbox 1297 2620 1342 2686; x_wconf 78' lang='lat' dir='ltr'>ex·</span> 
     </span>
     <span class='ocr_line' id='line_1_88' title="bbox 755 2683 1341 2762; baseline -0.02 -19"><span class='ocrx_word' id='word_1_462' title='bbox 755 2686 880 2743; x_wconf 88' lang='lat' dir='ltr'>hibenda</span> <span class='ocrx_word' id='word_1_463' title='bbox 893 2683 1034 2757; x_wconf 87' lang='lat' dir='ltr'>indigenti</span> <span class='ocrx_word' id='word_1_464' title='bbox 1046 2684 1141 2740; x_wconf 92' lang='lat' dir='ltr'>omnia</span> <span class='ocrx_word' id='word_1_465' title='bbox 1153 2683 1341 2762; x_wconf 79' lang='lat' dir='ltr'>humanitatis</span> 
     </span>
     <span class='ocr_line' id='line_1_89' title="bbox 755 2753 1342 2827; baseline -0.017 -13"><span class='ocrx_word' id='word_1_466' title='bbox 755 2758 849 2814; x_wconf 84' lang='lat' dir='ltr'>oilicia</span> <span class='ocrx_word' id='word_1_467' title='bbox 860 2775 869 2827; x_wconf 91' lang='lat'>;</span> <span class='ocrx_word' id='word_1_468' title='bbox 887 2757 936 2813; x_wconf 90' lang='lat' dir='ltr'>illa</span> <span class='ocrx_word' id='word_1_469' title='bbox 957 2761 1038 2813; x_wconf 86' lang='lat' dir='ltr'>vacat</span> <span class='ocrx_word' id='word_1_470' title='bbox 1057 2759 1085 2811; x_wconf 90' lang='lat' dir='ltr'>et</span> <span class='ocrx_word' id='word_1_471' title='bbox 1106 2753 1192 2821; x_wconf 86' lang='lat' dir='ltr'>videt,</span> <span class='ocrx_word' id='word_1_472' title='bbox 1211 2763 1342 2822; x_wconf 84' lang='lat' dir='ltr'>quoniam</span> 
     </span>
     <span class='ocr_line' id='line_1_90' title="bbox 754 2824 1343 2905; baseline -0.017 -20"><span class='ocrx_word' id='word_1_473' title='bbox 754 2831 850 2885; x_wconf 82' lang='lat' dir='ltr'>suauis</span> <span class='ocrx_word' id='word_1_474' title='bbox 865 2833 904 2883; x_wconf 84' lang='lat' dir='ltr'>est</span> <span class='ocrx_word' id='word_1_475' title='bbox 918 2831 1060 2884; x_wconf 84' lang='lat' dir='ltr'>Dominus.</span> <span class='ocrx_word' id='word_1_476' title='bbox 1078 2829 1133 2882; x_wconf 92' lang='lat' dir='ltr'>lsta</span> <span class='ocrx_word' id='word_1_477' title='bbox 1161 2824 1237 2905; x_wconf 84' lang='lat' dir='ltr'>circa</span> <span class='ocrx_word' id='word_1_478' title='bbox 1263 2824 1343 2877; x_wconf 84' lang='lat' dir='ltr'>exte·</span> 
     </span>
     <span class='ocr_line' id='line_1_91' title="bbox 755 2897 1342 2975; baseline -0.014 -20"><span class='ocrx_word' id='word_1_479' title='bbox 755 2899 833 2956; x_wconf 91' lang='lat' dir='ltr'>riora</span> <span class='ocrx_word' id='word_1_480' title='bbox 851 2904 1025 2969; x_wconf 83' lang='lat' dir='ltr'>occupatur3</span> <span class='ocrx_word' id='word_1_481' title='bbox 1046 2899 1095 2954; x_wconf 91' lang='lat' dir='ltr'>illa</span> <span class='ocrx_word' id='word_1_482' title='bbox 1118 2897 1342 2975; x_wconf 26' lang='lat' dir='ltr'>interioraucou·</span> 
     </span>
     <span class='ocr_line' id='line_1_92' title="bbox 755 2967 1342 3042; baseline -0.014 -16"><span class='ocrx_word' id='word_1_483' title='bbox 755 2970 918 3042; x_wconf 89' lang='lat' dir='ltr'>templatur.</span> <span class='ocrx_word' id='word_1_484' title='bbox 934 2971 1012 3027; x_wconf 89' lang='lat' dir='ltr'>Sicut</span> <span class='ocrx_word' id='word_1_485' title='bbox 1031 2978 1126 3026; x_wconf 85' lang='lat' dir='ltr'>autem</span> <span class='ocrx_word' id='word_1_486' title='bbox 1144 2967 1234 3023; x_wconf 86' lang='lat' dir='ltr'>llaria</span> <span class='ocrx_word' id='word_1_487' title='bbox 1249 2979 1342 3035; x_wconf 83' lang='lat' dir='ltr'>singu·</span> 
     </span>
     <span class='ocr_line' id='line_1_93' title="bbox 755 3037 1342 3108; baseline -0.014 -11"><span class='ocrx_word' id='word_1_488' title='bbox 755 3040 823 3098; x_wconf 88' lang='lat' dir='ltr'>laris</span> <span class='ocrx_word' id='word_1_489' title='bbox 835 3045 878 3097; x_wconf 89' lang='lat' dir='ltr'>ost</span> <span class='ocrx_word' id='word_1_490' title='bbox 893 3043 982 3097; x_wconf 88' lang='lat' dir='ltr'>llater</span> <span class='ocrx_word' id='word_1_491' title='bbox 995 3041 1119 3108; x_wconf 88' lang='lat' dir='ltr'>Domini,</span> <span class='ocrx_word' id='word_1_492' title='bbox 1136 3040 1175 3096; x_wconf 91' lang='lat' dir='ltr'>ita</span> <span class='ocrx_word' id='word_1_493' title='bbox 1186 3044 1213 3094; x_wconf 88' lang='lat' dir='ltr'>ot</span> <span class='ocrx_word' id='word_1_494' title='bbox 1224 3037 1342 3093; x_wconf 86' lang='lat' dir='ltr'>ellectus</span> 
     </span>
     <span class='ocr_line' id='line_1_94' title="bbox 755 3106 1342 3189; baseline -0.009 -21"><span class='ocrx_word' id='word_1_495' title='bbox 755 3112 874 3169; x_wconf 89' lang='lat' dir='ltr'>istarum</span> <span class='ocrx_word' id='word_1_496' title='bbox 893 3115 1026 3182; x_wconf 81' lang='lat' dir='ltr'>vitarum,</span> <span class='ocrx_word' id='word_1_497' title='bbox 1042 3128 1163 3184; x_wconf 88' lang='lat' dir='ltr'>quarum</span> <span class='ocrx_word' id='word_1_498' title='bbox 1186 3110 1249 3166; x_wconf 84' lang='lat' dir='ltr'>istie</span> <span class='ocrx_word' id='word_1_499' title='bbox 1279 3106 1342 3189; x_wconf 68' lang='lat' dir='ltr'>dupe</span> 
     </span>
     <span class='ocr_line' id='line_1_95' title="bbox 755 3180 1342 3258; baseline -0.014 -17"><span class='ocrx_word' id='word_1_500' title='bbox 755 3200 868 3242; x_wconf 87' lang='lat' dir='ltr'>sorores</span> <span class='ocrx_word' id='word_1_501' title='bbox 887 3190 983 3258; x_wconf 89' lang='lat' dir='ltr'>typum</span> <span class='ocrx_word' id='word_1_502' title='bbox 1003 3190 1110 3252; x_wconf 89' lang='lat' dir='ltr'>tenent,</span> <span class='ocrx_word' id='word_1_503' title='bbox 1132 3186 1159 3239; x_wconf 92' lang='lat' dir='ltr'>iu</span> <span class='ocrx_word' id='word_1_504' title='bbox 1182 3198 1216 3238; x_wconf 90' lang='lat' dir='ltr'>ea</span> <span class='ocrx_word' id='word_1_505' title='bbox 1236 3180 1342 3237; x_wconf 79' lang='lat' dir='ltr'>exstitit</span> 
     </span>
     <span class='ocr_line' id='line_1_96' title="bbox 755 3253 1342 3331; baseline -0.01 -18"><span class='ocrx_word' id='word_1_506' title='bbox 755 3255 918 3328; x_wconf 86' lang='lat' dir='ltr'>singularis.</span> <span class='ocrx_word' id='word_1_507' title='bbox 939 3258 1098 3329; x_wconf 82' lang='lat' dir='ltr'>Numquam</span> <span class='ocrx_word' id='word_1_508' title='bbox 1114 3256 1141 3311; x_wconf 91' lang='lat' dir='ltr'>in</span> <span class='ocrx_word' id='word_1_509' title='bbox 1157 3253 1254 3325; x_wconf 88' lang='lat' dir='ltr'>aliqua</span> <span class='ocrx_word' id='word_1_510' title='bbox 1274 3265 1342 3331; x_wconf 82' lang='lat' dir='ltr'>per·</span> 
     </span>
     <span class='ocr_line' id='line_1_97' title="bbox 755 3326 1342 3399; baseline -0.014 -14"><span class='ocrx_word' id='word_1_511' title='bbox 755 3344 837 3399; x_wconf 89' lang='lat' dir='ltr'>sona,</span> <span class='ocrx_word' id='word_1_512' title='bbox 863 3328 920 3385; x_wconf 92' lang='lat' dir='ltr'>imo</span> <span class='ocrx_word' id='word_1_513' title='bbox 946 3327 975 3384; x_wconf 93' lang='lat' dir='ltr'>iu</span> <span class='ocrx_word' id='word_1_514' title='bbox 998 3328 1142 3396; x_wconf 88' lang='lat' dir='ltr'>omnibus,</span> <span class='ocrx_word' id='word_1_515' title='bbox 1166 3326 1279 3382; x_wconf 87' lang='lat' dir='ltr'>hiartha</span> <span class='ocrx_word' id='word_1_516' title='bbox 1302 3335 1342 3377; x_wconf 87' lang='lat' dir='ltr'>sic</span> 
     </span>
     <span class='ocr_line' id='line_1_98' title="bbox 755 3395 1341 3474; baseline -0.014 -17"><span class='ocrx_word' id='word_1_517' title='bbox 755 3405 799 3457; x_wconf 89' lang='lat' dir='ltr'>est</span> <span class='ocrx_word' id='word_1_518' title='bbox 812 3405 946 3474; x_wconf 88' lang='lat' dir='ltr'>oporata;</span> <span class='ocrx_word' id='word_1_519' title='bbox 962 3416 1116 3471; x_wconf 88' lang='lat' dir='ltr'>numquam</span> <span class='ocrx_word' id='word_1_520' title='bbox 1138 3397 1178 3455; x_wconf 89' lang='lat' dir='ltr'>sic</span> <span class='ocrx_word' id='word_1_521' title='bbox 1197 3396 1269 3453; x_wconf 87' lang='lat' dir='ltr'>alias</span> <span class='ocrx_word' id='word_1_522' title='bbox 1284 3395 1341 3450; x_wconf 89' lang='lat' dir='ltr'>lla·</span> 
     </span>
     <span class='ocr_line' id='line_1_99' title="bbox 755 3469 1341 3545; baseline -0.014 -17"><span class='ocrx_word' id='word_1_523' title='bbox 755 3472 1041 3545; x_wconf 86' lang='lat' dir='ltr'>ciacontemplationi</span> <span class='ocrx_word' id='word_1_524' title='bbox 1054 3469 1172 3536; x_wconf 85' lang='lat' dir='ltr'>vacavit;</span> <span class='ocrx_word' id='word_1_525' title='bbox 1186 3478 1341 3538; x_wconf 86' lang='lat' dir='ltr'>numquam</span> 
     </span>
     <span class='ocr_line' id='line_1_100' title="bbox 755 3538 1342 3614; baseline -0.017 -14"><span class='ocrx_word' id='word_1_526' title='bbox 755 3544 796 3602; x_wconf 89' lang='lat' dir='ltr'>sic</span> <span class='ocrx_word' id='word_1_527' title='bbox 810 3544 883 3601; x_wconf 88' lang='lat' dir='ltr'>alias</span> <span class='ocrx_word' id='word_1_528' title='bbox 897 3545 958 3601; x_wconf 81' lang='lat' dir='ltr'>haec</span> <span class='ocrx_word' id='word_1_529' title='bbox 973 3544 1016 3600; x_wconf 86' lang='lat' dir='ltr'>rcl</span> <span class='ocrx_word' id='word_1_530' title='bbox 1037 3543 1086 3600; x_wconf 92' lang='lat' dir='ltr'>illa</span> <span class='ocrx_word' id='word_1_531' title='bbox 1104 3542 1180 3614; x_wconf 93' lang='lat' dir='ltr'>quod</span> <span class='ocrx_word' id='word_1_532' title='bbox 1199 3553 1282 3596; x_wconf 86' lang='lat' dir='ltr'>suum</span> <span class='ocrx_word' id='word_1_533' title='bbox 1299 3538 1342 3592; x_wconf 89' lang='lat' dir='ltr'>est</span> 
     </span>
     <span class='ocr_line' id='line_1_101' title="bbox 754 3609 1341 3690; baseline -0.017 -18"><span class='ocrx_word' id='word_1_534' title='bbox 754 3615 890 3673; x_wconf 83' lang='lat' dir='ltr'>exhihuit.</span> <span class='ocrx_word' id='word_1_535' title='bbox 918 3616 1043 3672; x_wconf 86' lang='lat' dir='ltr'>hlteram</span> <span class='ocrx_word' id='word_1_536' title='bbox 1066 3615 1205 3671; x_wconf 89' lang='lat' dir='ltr'>hlartliam</span> <span class='ocrx_word' id='word_1_537' title='bbox 1232 3615 1260 3666; x_wconf 90' lang='lat' dir='ltr'>et</span> <span class='ocrx_word' id='word_1_538' title='bbox 1283 3609 1341 3690; x_wconf 78' lang='lat' dir='ltr'>lila-</span> 
     </span>
     <span class='ocr_line' id='line_1_102' title="bbox 754 3683 1343 3756; baseline -0.014 -14"><span class='ocrx_word' id='word_1_539' title='bbox 754 3686 826 3742; x_wconf 89' lang='lat' dir='ltr'>riam</span> <span class='ocrx_word' id='word_1_540' title='bbox 846 3687 920 3756; x_wconf 90' lang='lat' dir='ltr'>dico,</span> <span class='ocrx_word' id='word_1_541' title='bbox 939 3693 984 3743; x_wconf 88' lang='lat' dir='ltr'>ast</span> <span class='ocrx_word' id='word_1_542' title='bbox 1003 3703 1102 3744; x_wconf 91' lang='lat' dir='ltr'>eorum</span> <span class='ocrx_word' id='word_1_543' title='bbox 1122 3683 1343 3756; x_wconf 83' lang='lat' dir='ltr'>significantiam</span> 
     </span>
     <span class='ocr_line' id='line_1_103' title="bbox 754 3756 892 3828; baseline 0 -15"><span class='ocrx_word' id='word_1_544' title='bbox 754 3756 892 3828; x_wconf 86' lang='lat' dir='ltr'>intelligo.</span> 
     </span>
    </p>

    <p class='ocr_par' dir='ltr' id='par_1_5' title="bbox 751 3830 1344 4412">
     <span class='ocr_line' id='line_1_104' title="bbox 792 3830 1344 3906; baseline -0.009 -23"><span class='ocrx_word' id='word_1_545' title='bbox 792 3849 823 3884; x_wconf 91' lang='lat' dir='ltr'>io</span> <span class='ocrx_word' id='word_1_546' title='bbox 851 3830 933 3885; x_wconf 87' lang='lat' dir='ltr'>ilcrio</span> <span class='ocrx_word' id='word_1_547' title='bbox 961 3847 988 3886; x_wconf 86' lang='lat' dir='ltr'>m</span> <span class='ocrx_word' id='word_1_548' title='bbox 1022 3847 1107 3887; x_wconf 79' lang='lat' dir='ltr'>ssimi</span> <span class='ocrx_word' id='word_1_549' title='bbox 1133 3831 1258 3890; x_wconf 83' lang='lat' dir='ltr'>Vinoiriii,</span> <span class='ocrx_word' id='word_1_550' title='bbox 1285 3838 1344 3906; x_wconf 28' lang='lat' dir='ltr'>&#39;oui</span> 
     </span>
     <span class='ocr_line' id='line_1_105' title="bbox 753 3896 1341 3967; baseline -0.012 -12"><span class='ocrx_word' id='word_1_551' title='bbox 753 3917 854 3956; x_wconf 78' lang='lat' dir='ltr'>eiures</span> <span class='ocrx_word' id='word_1_552' title='bbox 869 3902 991 3958; x_wconf 78' lang='lat' dir='ltr'>lllaiiruiia</span> <span class='ocrx_word' id='word_1_553' title='bbox 1006 3920 1142 3959; x_wconf 77' lang='lat' dir='ltr'>ernincia.</span> <span class='ocrx_word' id='word_1_554' title='bbox 1160 3933 1195 3942; x_wconf 95' lang='lat'>—</span> <span class='ocrx_word' id='word_1_555' title='bbox 1211 3896 1266 3955; x_wconf 88' lang='lat' dir='ltr'>Sed</span> <span class='ocrx_word' id='word_1_556' title='bbox 1280 3908 1341 3967; x_wconf 81' lang='lat' dir='ltr'>Janr</span> 
     </span>
     <span class='ocr_line' id='line_1_106' title="bbox 753 3967 1341 4043; baseline -0.009 -17"><span class='ocrx_word' id='word_1_557' title='bbox 753 3971 902 4030; x_wconf 85' lang='lat' dir='ltr'>rideamus</span> <span class='ocrx_word' id='word_1_558' title='bbox 931 3973 1074 4031; x_wconf 83' lang='lat' dir='ltr'>actionem</span> <span class='ocrx_word' id='word_1_559' title='bbox 1100 3974 1187 4043; x_wconf 88' lang='lat' dir='ltr'>hujus</span> <span class='ocrx_word' id='word_1_560' title='bbox 1211 3967 1341 4032; x_wconf 86' lang='lat' dir='ltr'>Marthae,</span> 
     </span>
     <span class='ocr_line' id='line_1_107' title="bbox 753 4039 1342 4120; baseline -0.007 -22"><span class='ocrx_word' id='word_1_561' title='bbox 753 4041 857 4100; x_wconf 89' lang='lat' dir='ltr'>deinde</span> <span class='ocrx_word' id='word_1_562' title='bbox 870 4043 1057 4116; x_wconf 77' lang='lat' dir='ltr'>conjiciamus</span> <span class='ocrx_word' id='word_1_563' title='bbox 1069 4039 1342 4120; x_wconf 79' lang='lat' dir='ltr'>contemplationem</span> 
     </span>
     <span class='ocr_line' id='line_1_108' title="bbox 752 4111 1341 4188; baseline -0.008 -18"><span class='ocrx_word' id='word_1_564' title='bbox 752 4114 838 4187; x_wconf 89' lang='lat' dir='ltr'>hujus</span> <span class='ocrx_word' id='word_1_565' title='bbox 852 4114 968 4182; x_wconf 78' lang='lat' dir='ltr'>hlariae3</span> <span class='ocrx_word' id='word_1_566' title='bbox 983 4120 1012 4173; x_wconf 87' lang='lat' dir='ltr'>ot</span> <span class='ocrx_word' id='word_1_567' title='bbox 1028 4122 1060 4172; x_wconf 91' lang='lat' dir='ltr'>ut</span> <span class='ocrx_word' id='word_1_568' title='bbox 1075 4117 1186 4188; x_wconf 87' lang='lat' dir='ltr'>plenius</span> <span class='ocrx_word' id='word_1_569' title='bbox 1204 4113 1233 4170; x_wconf 95' lang='lat' dir='ltr'>id</span> <span class='ocrx_word' id='word_1_570' title='bbox 1253 4111 1341 4168; x_wconf 88' lang='lat' dir='ltr'>lacia-</span> 
     </span>
     <span class='ocr_line' id='line_1_109' title="bbox 752 4186 1344 4260; baseline -0.008 -18"><span class='ocrx_word' id='word_1_571' title='bbox 752 4201 825 4256; x_wconf 88' lang='lat' dir='ltr'>mus,</span> <span class='ocrx_word' id='word_1_572' title='bbox 839 4187 906 4259; x_wconf 92' lang='lat' dir='ltr'>quid</span> <span class='ocrx_word' id='word_1_573' title='bbox 929 4186 977 4244; x_wconf 88' lang='lat' dir='ltr'>alii</span> <span class='ocrx_word' id='word_1_574' title='bbox 994 4204 1045 4260; x_wconf 90' lang='lat' dir='ltr'>pei</span> <span class='ocrx_word' id='word_1_575' title='bbox 1063 4188 1202 4245; x_wconf 81' lang='lat' dir='ltr'>hiartham</span> <span class='ocrx_word' id='word_1_576' title='bbox 1224 4197 1344 4257; x_wconf 89' lang='lat' dir='ltr'>operan-</span> 
     </span>
     <span class='ocr_line' id='line_1_110' title="bbox 752 4253 1343 4332; baseline -0.005 -19"><span class='ocrx_word' id='word_1_577' title='bbox 752 4261 808 4328; x_wconf 85' lang='lat' dir='ltr'>tur,</span> <span class='ocrx_word' id='word_1_578' title='bbox 825 4258 934 4331; x_wconf 90' lang='lat' dir='ltr'>etquid</span> <span class='ocrx_word' id='word_1_579' title='bbox 960 4261 1014 4317; x_wconf 89' lang='lat' dir='ltr'>ista</span> <span class='ocrx_word' id='word_1_580' title='bbox 1038 4266 1155 4332; x_wconf 92' lang='lat' dir='ltr'>operata</span> <span class='ocrx_word' id='word_1_581' title='bbox 1170 4263 1224 4327; x_wconf 89' lang='lat' dir='ltr'>est,</span> <span class='ocrx_word' id='word_1_582' title='bbox 1245 4253 1343 4313; x_wconf 85' lang='lat' dir='ltr'>conle-</span> 
     </span>
     <span class='ocr_line' id='line_1_111' title="bbox 751 4325 1343 4412; baseline -0.01 -25"><span class='ocrx_word' id='word_1_583' title='bbox 751 4344 859 4412; x_wconf 79' lang='lat' dir='ltr'>ramus.</span> <span class='ocrx_word' id='word_1_584' title='bbox 884 4330 939 4389; x_wconf 82' lang='lat' dir='ltr'>Atii</span> <span class='ocrx_word' id='word_1_585' title='bbox 965 4331 1107 4406; x_wconf 86' lang='lat' dir='ltr'>hospitem</span> <span class='ocrx_word' id='word_1_586' title='bbox 1132 4328 1290 4405; x_wconf 88' lang='lat' dir='ltr'>quemlibet</span> <span class='ocrx_word' id='word_1_587' title='bbox 1313 4325 1343 4382; x_wconf 89' lang='lat' dir='ltr'>in</span> 
     </span>
    </p>
   </div>
   <div class='ocr_carea' id='block_1_5' title="bbox 0 0 1448 4942">
    <p class='ocr_par' dir='ltr' id='par_1_6' title="bbox 0 0 1448 4942">
     <span class='ocr_line' id='line_1_112' title="bbox 0 0 1448 4942; baseline 0 0"><span class='ocrx_word' id='word_1_588' title='bbox 0 0 1448 4942; x_wconf 95' lang='lat' dir='ltr'> </span> 
     </span>
    </p>
   </div>
  </div>
 </body>
</html>
