2880 4942
253 305 294 359 Illi
322 305 516 360 lttttlttnn'n
543 305 584 358 ΕΤ
611 304 807 366 QUIBUSDAM
834 305 927 359 tells
954 306 1173 362 nesscimus.
1292 310 1334 367 179

103 429 277 470 enuntiares.
296 444 329 453 -
350 413 485 480 erartum
506 410 612 468 malum
638 415 692 481 est,

104 483 172 555 quia
193 497 273 541 'trtius
304 484 445 541 beneficio
475 499 532 540 uno
562 499 619 538 non
647 488 692 539 cst

103 560 265 625 contentus,
295 555 325 611 iu
358 556 480 612 aliorum
521 555 689 610 clericorum

101 627 298 699 praejudicium
309 633 336 683 ct
350 629 499 695 damnum;
511 627 593 700 plura
606 642 688 682 occu·

102 702 161 770 pat,
188 705 225 768 et,
257 699 320 755 aliis
348 699 550 765 esurientibus,
575 697 690 769 ipsese

102 770 213 841 pompis
233 776 259 826 et
275 770 447 828 vanitatibus
466 768 600 827 inebriat.
619 770 690 825 Pau-

103 855 203 911 perum
221 842 297 898 enlm
314 841 533 899 necessitatibus
548 838 690 897 subtrahi-

101 916 158 982 tur,
191 913 329 984 quirlquid
370 914 489 970 divitum
515 911 690 969 vanitatibus

102 983 223 1049 accedit,
236 989 263 1040 et
279 984 428 1042 multitude
443 1001 591 1042 servorum
617 983 689 1039 mul-

103 1054 258 1111 titudinem
284 1072 441 1127 pauperum
455 1055 532 1112 iacit.
554 1055 634 1111 Unde
648 1059 692 1111 cst

103 1125 180 1197 quod
198 1127 387 1184 communiter
401 1127 505 1183 dieitur
521 1145 528 1182 ε

140 1233 286 1303 Quidquid
299 1234 421 1290 delirent
434 1249 521 1304 repes,
535 1234 696 1378 Ρὶἷὲειιέραζ

605 1321 619 1359 c
641 1320 691 1362 aas.

105 1411 149 1480 Et,
166 1411 241 1483 quod
268 1413 349 1484 pejus
373 1415 426 1481 est,
451 1413 592 1470 interdum
609 1430 693 1483 nnus,

104 1483 141 1538 ad
169 1499 257 1538 unuur
287 1483 373 1540 etiam
398 1484 571 1540 beneficium
602 1484 695 1542 minus

103 1553 235 1622 idonens,
263 1555 345 1626 plura
366 1560 497 1627 occupat3
524 1562 552 1611 et
568 1555 615 1626 qui
632 1559 693 1612 uni-

100 1641 175 1695 cum,
196 1626 327 1696 quamvis
339 1625 491 1691 modicum,
507 1625 552 1682 vix
565 1626 692 1684 elfieinm

102 1697 223 1769 implere
249 1697 402 1767 sufficeret,
428 1697 617 1771 plurimorum
641 1699 691 1757 sti-

101 1768 210 1897 pendia
237 1768 289 1825 sibi
321 1768 455 1827 vindicat.
477 1770 562 1828 Plura
577 1769 692 1842 quidem

123 1840 245 1897 eueficia
258 1840 556 1915 habentibusparatur
570 1842 693 1913 vagandi

103 1917 132 1969 ct
153 1911 336 1984 delinquendi
360 1913 498 1983 materia;
512 1913 625 1970 divinus
637 1915 694 1970 cul·

106 1987 154 2040 tus
168 1990 196 2039 et
210 1984 392 2056 hospitalitas
411 1984 441 2041 in
461 1984 530 2058 ipsis
547 1984 694 2042 beneficiis

105 2054 259 2124 minuitur3
287 2057 471 2113 eeclesiarum
490 2056 647 2113 commodis
667 2061 696 2113 et

102 2126 208 2183 honori
237 2127 406 2196 detrahitur,
427 2144 489 2200 quar
504 2144 559 2254 per
581 2128 635 2183 hoc
663 2126 693 2184 in

107 2197 306 2326 spiritualibus
323 2208 350 2256 et
372 2199 577 2272 temporalbus
596 2198 692 2256 multi·

106 2269 220 2343 pisitur
243 2272 431 2328 collabuntur.
457 2271 512 2328 Sed
533 2274 594 2327 esto
617 2271 693 2342 quod

107 2342 179 2399 tales
192 2343 317 2399 habeant
337 2343 380 2399 dis
401 2341 590 2410 cusationem,
607 2358 692 2414 super

125 2412 271 2471 luralitate
297 2414 516 2483 benereiorum3
552 2414 692 2486 numquid

123 2484 347 2559 'sponsatiencm
362 2487 468 2544 habere
487 2491 621 2559 poterunt
644 2502 692 2542 sn-

104 2573 156 2630 per
170 2557 381 2631 perpetratione
393 2556 692 2629 predictorummalo-

103 2629 195 2687 rum?
210 2631 278 2697 Quae
292 2629 407 2701 quidem
430 2629 507 2685 mala
522 2634 601 2685 tanta
616 2633 692 2698 sunt,

101 2700 179 2774 quod
188 2703 249 2758 sola
260 2703 295 2758 ad
309 2700 523 2758 damnationem
534 2698 693 2769 sulfiriunt,

99 2778 128 2831 et
140 2789 220 2830 rcum
246 2775 275 2828 in
299 2772 443 2829 internum
460 2773 611 2829 detrudere
627 2789 694 2844 pos-

98 2850 177 2915 sunt,
189 2844 238 2902 ubi
255 2861 327 2900 vinus
342 2849 373 2901 ut
389 2846 484 2917 plures
494 2843 522 2900 in
535 2844 692 2915 benefieiis,

99 2917 155 2975 erit
169 2933 243 2974 unus
253 2922 285 2973 ut
299 2916 395 2990 plnres
408 2917 437 2973 in
450 2916 608 2973 tormentis.
622 2918 693 2973 ham

101 2989 186 3058 istoc,
213 2989 371 3045 secundum
397 2990 577 3056 bernardum,
608 3004 694 3061 supra

104 3066 235 3118 montem
264 3062 408 3118 excelsum
442 3061 525 3119 valde
563 3060 694 3118 diabolus

104 3131 206 3215 ducit}
237 3133 339 3204 quibus
366 3133 451 3190 etiam
478 3130 574 3190 omnia
605 3149 694 3203 regna

104 3204 204 3262 mundi
215 3209 243 3262 et
258 3221 356 3261 corum
373 3204 495 3276 gloriam
512 3203 650 3271 ostendlt;
667 3208 696 3260 et

24 3332 26 3337 .
103 3281 229 3346 ostensa,
244 3276 267 3333 si
282 3277 464 3359 procidentes
483 3292 548 3332 cnm
564 3276 695 3343 adorent,

104 3347 175 3407 dare
196 3349 357 3430 promittit,
374 3354 403 3405 et
421 3363 523 3404 revera
545 3350 696 3418 postquam

103 3418 233 3478 avaritiae
251 3438 309 3476 suae
329 3418 515 3485 consulendo,
532 3417 621 3473 multa
646 3417 696 3473 be·

104 3491 208 3549 nefieia
239 3490 334 3563 adepti
365 3497 442 3558 sunt,
469 3504 534 3545 enm
565 3488 696 3569 aderaut²

107 3579 173 3622 eum
189 3563 285 3620 colum
300 3571 329 3620 ct
339 3567 525 3629 venerantur,
537 3575 602 3615 eum
617 3575 698 3630 qrrast

108 3635 200 3693 Deum
220 3640 394 3706 sequuntur,
405 3637 432 3688 et
447 3636 511 3705 post
530 3646 594 3688 eum
610 3631 640 3686 in
655 3637 697 3687 te·

110 3707 208 3764 nebris
225 3708 442 3778 demerguntur.
463 3702 514 3761 Ubi
532 3709 600 3760 rrota
625 3719 700 3773 unte·

110 3779 176 3836 dam
192 3780 322 3849 exempla
331 3782 366 3835 de
379 3778 432 3834 hac
444 3775 575 3833 materia.
586 3775 699 3832 Guillcl·

107 3867 171 3908 mus
186 3849 358 3907 Parisiensis
372 3851 533 3932 episcopm,
548 3849 577 3904 in
592 3849 701 3904 theolo-

111 3922 159 3996 gia
188 3938 304 3993 regens,
330 3927 564 3979 convocationem
594 3921 701 3976 lecerat

112 3991 701 4069 magistrorumEt,propositaqnaestione

110 4068 147 4126 dc
170 4066 334 4138 pluralitate
363 4065 576 4131 beneficiorum,
604 4063 702 4119 solerti

114 4144 143 4198 et
163 4138 248 4210 longa
276 4137 468 4210 disputatione
487 4136 639 4210 probatum
660 4137 704 4216 est

117 4211 173 4269 due
188 4208 501 4277 beneficia,dumm0do
516 4223 606 4264 unum
622 4221 704 4277 qum-

118 4279 212 4342 decim
228 4281 315 4339 libras
331 4282 506 4341 parisienses
529 4277 647 4349 valeret,
667 4276 704 4333 ab

749 426 805 466 uuo
831 412 922 467 teneri
947 429 1012 469 rum
1038 414 1129 472 salute
1155 433 1211 473 non
1240 436 1332 492 posse.

749 481 1332 565 llocdeterminavitpraedlctusEpiscopus,

747 553 800 609 hoc
825 570 924 610 omues
950 554 997 610 alii
1027 558 1156 628 magistri
1181 562 1332 636 theologia

747 624 1006 682 determinaverunt
1027 645 1034 695 ;
1055 629 1179 700 exceptis
1212 632 1333 718 duobus,

747 695 852 752 seilicet
871 696 1007 768 magistro
1032 699 1162 772 Philippo
1183 704 1334 773 parisiensi

747 767 1333 849 cancellarioetmagistroltrnoldo,post·

747 841 862 896 modum
886 841 1069 898 ambianensi
1095 843 1238 916 episcope.
1261 848 1335 916 Ouid

747 916 841 993 autem
865 911 999 983 predicte
1028 913 1156 987 Philippo
1181 916 1334 990 contigerit

748 983 905 1039 audiamus.
920 984 1121 1055 agonizantem
1135 985 1163 1042 iu
1180 998 1271 1046 morte
1286 990 1335 1048 do·

748 1053 1366 1133 minusGulllelmusepiscopus,tamquam³

749 1127 839 1182 bonus
855 1126 1096 1199 postor,visltavit,
1108 1145 1211 1200 rogans
1224 1149 1288 1189 eum
1304 1139 1334 1191 ut

751 1195 889 1323 singulari
904 1196 1030 1269 opinioni
1048 1199 1083 1256 dc
1106 1200 1267 1271 pluralitate
1282 1204 1334 1261 be·

751 1284 787 1324 nc
811 1267 919 1324 ciorum
933 1268 1055 1338 eederet,
1072 1276 1100 1327 ct
1114 1274 1211 1328 omnia
1225 1275 1333 1332 bonell-

752 1338 794 1395 cia
810 1356 871 1407 sua,
888 1356 943 1396 nno
952 1347 1078 1412 excepto,
1090 1341 1226 1400 iumauus
1240 1346 1334 1403 Eccle-

751 1410 801 1467 siae
815 1409 984 1482 resignaret.
1004 1413 1058 1469 Sed
1071 1413 1176 1483 renuit,
1190 1414 1288 1473 dicens
1303 1433 1335 1475 se

752 1482 821 1537 velle
837 1482 956 1553 experiri
971 1486 1067 1541 utrum
1082 1491 1158 1542 essct
1170 1486 1335 1546 damnabile

750 1552 832 1625 plura
851 1551 991 1610 benellcia
1009 1554 1046 1611 ab
1068 1571 1124 1611 uno
1143 1557 1244 1614 teneri.
1260 1562 1335 1617 llor-

749 1630 814 1706 tuus
829 1630 872 1680 est
887 1640 954 1706 ergo
964 1622 1005 1707 sie
1011 1643 1020 1696 3
1036 1632 1136 1698 etpost
1145 1645 1251 1701 paucos
1262 1630 1334 1700 dics,

748 1696 823 1753 dicto
842 1695 995 1752 Parisiensr
1011 1696 1143 1770 episcopo
1159 1700 1187 1757 in
1212 1706 1287 1759 tetra
1306 1709 1336 1760 ct

748 1767 904 1825 miserabili
934 1768 1026 1825 lorma
1056 1772 1201 1843 apparuit,
1236 1773 1335 1830 dicens

748 1839 823 1896 inter
839 1845 943 1905 cetera,
960 1847 1077 1911 propter
1087 1842 1279 1913 pluralitatem
1287 1846 1336 1904 be·

750 1911 917 1967 nefieiorum
933 1926 963 1966 sc
978 1927 1041 1967 csse
1056 1912 1231 1971 damnatum.
1249 1915 1334 1973 Simi-

750 1981 907 2038 literatius
934 1980 1051 2052 quidam
1076 1984 1195 2040 clericus
1225 2002 1335 2059 magma

750 2052 927 2120 litteraturae,
958 2069 1101 2125 apparens
1129 2057 1242 2113 cuidam
1270 2065 1336 2130 post

749 2128 871 2180 mortem
885 2139 976 2193 suam,
993 2124 1062 2181 dixit
1072 2142 1102 2182 se
1118 2127 1284 2186 damnatum
1299 2130 1336 2189 ob

749 2196 822 2252 hanc
837 2196 927 2252 solam
947 2211 1074 2267 causam,
1087 2197 1154 2269 quia
1163 2199 1233 2256 duas
1244 2198 1337 2258 tenuit

749 2267 925 2340 prebendas.
949 2268 1039 2338 Super
1058 2270 1112 2326 bae
1132 2272 1232 2328 eadem
1258 2290 1336 2345 quse·

748 2341 852 2406 stione,
874 2339 1017 2405 liebertus,
1038 2342 1175 2400 Romanae
1202 2343 1335 2403 Ecclesiae

748 2410 915 2494 Sardinalis,
936 2416 963 2468 et
979 2411 1115 2484 magister
1132 2413 1163 2472 iu
1180 2415 1336 2489 theologia,

749 2488 1040 2554 interrogatusmorti
1068 2484 1188 2555 virinus,
1216 2504 1335 2559 respon·

749 2555 814 2610 dit:
833 2577 848 2607 a
868 2554 1016 2624 ch0,jam
1031 2554 1205 2628 migraturus
1229 2575 1246 2614 a
1267 2558 1335 2627 vita,

751 2625 826 2697 quod
841 2625 962 2689 movtde
973 2625 1172 2684 etdamuabile
1184 2633 1239 2697 cst,
1252 2628 1337 2700 plura

750 2703 850 2753 tenere
867 2695 1017 2753 beneficia.
1032 2720 1047 2748 a
1064 2698 1123 2753 llec
1138 2697 1214 2754 idem
1232 2704 1338 2756 sauctae

751 2768 897 2825 memoriae
912 2770 1013 2826 Petrus
1031 2769 1137 2826 Cantor
1155 2769 1338 2842 Parisiensis,

751 2846 779 2898 ct
798 2839 877 2909 dixit,
896 2844 924 2898 et
946 2840 1068 2914 scripsit.
1088 2844 1147 2900 lloc
1174 2841 1250 2900 idem
1276 2859 1337 2902 ma·

749 2913 839 2986 gister
854 2914 1028 2983 Gaitlcrdcs,
1045 2915 1258 2972 Cameracensis
1276 2914 1336 2998 cpi·

750 2986 1337 3075 scopus,verboth'usmodlconfirmavrt:

751 3081 765 3112 a
781 3058 901 3127 bellem,
917 3064 1018 3129 inquit,
1039 3075 1090 3130 pro
1106 3064 1165 3116 toto
1183 3077 1253 3116 auro
1267 3063 1340 3117 Ara·

750 3128 806 3187 biae
830 3146 887 3186 una
911 3133 993 3185 nocte
1017 3131 1073 3187 duo
1102 3131 1242 3187 benellcia
1270 3126 1340 3187 dcti-

750 3218 831 3270 nere,
851 3208 879 3257 et
899 3201 954 3257 hoc
972 3206 1088 3273 propter
1108 3201 1266 3258 discrimen
1292 3200 1338 3257 in·

751 3277 835 3329 certae
846 3271 921 3327 vitae.
943 3291 957 3322 a
976 3272 1065 3342 Super
1078 3272 1132 3327 hoc
1156 3271 1253 3338 etiam,
1272 3287 1339 3327 uar-

751 3348 834 3400 rantc
856 3341 1012 3410 bernardo,
1046 3341 1190 3412 quondam
1227 3339 1340 3398 Domini

752 3411 1339 3484 nostriPapaepoenltentiar·io,cumbeatae

753 3483 899 3542 memoriae
920 3482 1067 3551 Greporius
1088 3485 1165 3553 Papa
1184 3498 1277 3538 nonus
1295 3480 1340 3540 in·

754 3559 958 3626 terrogavctuv,
973 3553 996 3609 si
1011 3559 1107 3626 posset
1119 3555 1154 3610 dc
1166 3553 1342 3626 plenitudine

753 3624 902 3701 potcstatis
922 3641 980 3681 suae
1002 3641 1064 3681 cnm
1084 3625 1206 3699 plurium
1231 3624 1342 3683 benefi-

755 3697 864 3756 ciorum
887 3696 1081 3755 detentoribus
1099 3697 1276 3772 dispensare,
1300 3712 1343 3754 re·

756 3768 871 3844 spondit
890 3788 897 3828 :
917 3790 930 3821 u
946 3771 1007 3826 Non
1025 3786 1153 3843 possum,
1169 3768 1271 3842 inquit,
1286 3765 1344 3826 nisi

756 3847 867 3899 tantum
882 3858 967 3914 super
985 3843 1133 3900 vexatione
1154 3841 1345 3899 detinentium

756 3914 932 3988 dispensare.
950 3914 1060 3982 »Quod
1079 3917 1153 3970 terte
1178 3914 1242 3969 ideo
1263 3911 1343 3980 dixit,

758 3987 835 4059 quia,
858 3992 888 4042 ut
912 3984 1000 4042 visum
1022 3991 1076 4055 est,
1097 3986 1181 4057 plura
1210 3983 1286 4038 mala
1312 3996 1345 4039 aa

758 4063 875 4132 peccata
898 4055 996 4130 gravia
1024 4064 1052 4112 et
1080 4053 1256 4111 inevitabilia
1279 4052 1346 4135 inde

759 4131 982 4200 subsequuntur,
994 4143 1079 4198 super
1092 4126 1194 4196 quibus
1210 4124 1347 4181 iaciendis

759 4199 932 4274 dispensatio
950 4198 1051 4255 cadere
1067 4213 1124 4253 non
1140 4196 1262 4265 videtur,
1278 4192 1345 4266 quia

758 4278 906 4347 peceatum
927 4269 958 4325 in
981 4268 1060 4325 nullo
1084 4267 1344 4347 casuconceditur.
