2880 4942
111 317 156 371 tta

113 443 184 486 neos
207 423 380 481 instituant:
409 416 486 487 qnia,
509 417 587 498 lien!
618 416 700 487 quasi

114 501 193 558 nulla
209 496 402 553 ministrorum
412 490 515 544 Christi
529 495 573 543 est
588 489 700 558 electio,

113 588 177 630 cnm
193 580 287 625 tamen
315 560 435 621 ministri
462 560 608 615 bominum
625 576 701 631 sape

113 660 177 701 cum
197 655 300 709 mapno
316 635 459 703 eligantur
478 631 606 687 consilio.
627 632 700 687 l¹rol1

114 715 216 773 dolor!
239 725 314 780 sape
328 704 419 776 magis
432 702 639 758 insufficientes
655 719 701 759 as-

114 780 317 843 sumunlurocl
329 784 433 833 statum
449 775 618 830 clericorum
627 783 654 829 et
665 775 701 831 ad

114 853 306 915 ecclesiastica
325 847 464 905 beneficia
484 847 568 902 etiam
591 854 701 914 curata,

113 942 198 1000 quam
215 925 250 981 ad
266 928 371 979 statum
400 919 643 985 mechanicorum,
658 919 702 973 rel

114 1000 150 1057 ad
176 998 270 1067 aliqua
295 992 489 1075 hujuscemodi
518 991 621 1072 olllcia.
650 989 702 1057 Qui

113 1070 188 1128 enim
213 1069 395 1124 mechanicus
415 1080 478 1119 esso
504 1063 637 1131 soluerrt,
652 1079 702 1118 ne-

112 1159 191 1200 cesse
210 1147 253 1198 est
277 1146 307 1196 ut
325 1138 361 1195 ad
385 1152 467 1193 suum
489 1134 613 1191 osticium
639 1150 702 1205 spe-

113 1213 221 1273 ctantia
234 1212 315 1279 sciat,
336 1210 380 1265 rel
399 1208 527 1265 addiscat
543 1225 549 1272 ;
571 1206 621 1263 secl
642 1207 702 1278 ple·

114 1303 238 1359 rumque
252 1285 282 1341 in
297 1281 408 1340 clericis
423 1282 475 1336 hoc
490 1279 570 1335 lallit.
581 1280 705 1345 Quomo-

116 1358 153 1416 do
168 1374 237 1429 ergo
252 1356 325 1413 tales
339 1370 390 1425 per
410 1351 601 1431 ignorantiam
621 1356 702 1431 pote·

114 1435 179 1487 runt
187 1430 324 1493 excusari,
334 1423 456 1480 maxime
467 1422 488 1476 si
500 1424 534 1477 ad
549 1423 703 1490 dignitates

114 1505 144 1557 et
156 1499 402 1556 benetlciacurata
416 1494 520 1549 luerint
532 1492 704 1562 pronunoti?

113 1571 192 1628 Unde
212 1569 396 1625 bernardus:
419 1587 429 1614 ι
451 1566 518 1631 Qum
540 1563 703 1634 ignorantia

114 1657 249 1698 excusare
258 1638 349 1720 possit
367 1635 523 1702 bominem,
535 1635 581 1705 qui
597 1651 702 1716 selma-

112 1712 235 1785 gistrum
257 1708 422 1771 infantium,
453 1707 599 1762 doctorem
631 1723 703 1761 rner-

133 1783 251 1840 ieutinm
277 1781 449 1855 profitetur;
475 1777 573 1834 talium
599 1779 703 1850 quippe

111 1800 180 1914 dum
202 1855 265 1927 quis
287 1856 479 1926 promouetur,
500 1855 575 1907 recto
598 1867 614 1906 a
640 1851 703 1905 dia·

111 1929 178 1986 bolo
199 1944 283 1999 snpra
297 1924 392 1997 templi
411 1923 593 1993 pinnaculum
609 1922 703 1981 eleua-

111 2008 216 2068 ratur3
240 1999 283 2055 cui
308 1997 449 2063 diabolus,
473 1994 553 2067 quasi
580 1996 702 2051 subsan-

114 2073 301 2139 nanctatunc
316 2069 465 2141 loquitur:
489 2071 522 2125 si
550 2070 626 2137 filius
656 2069 704 2121 bei

117 2160 155 2211 es,
171 2148 290 2198 mittete
307 2144 442 2196 deorsaon.
456 2142 520 2194 lam
539 2139 613 2194 inter
629 2138 703 2219 illios

116 2214 168 2271 Dei
194 2217 373 2283 computatus
400 2227 440 2271 es.
457 2212 516 2279 jam
533 2212 568 2266 ab
590 2208 635 2263 his
655 2226 702 2279 qm

114 2289 142 2341 te
158 2301 214 2338 nou
234 2289 419 2353 (cognoscunt,
431 2280 536 2335 rideris
551 2280 702 2350 essequod

110 2372 167 2411 non
187 2370 230 2420 es,
254 2355 298 2407 lac
319 2351 406 2421 igitur
424 2350 531 2420 aliquid
550 2352 623 2406 unde
642 2351 702 2406 lau-

110 2425 198 2492 deris,
221 2425 265 2480 sac
292 2423 366 2479 unde
390 2422 531 2492 gloriosus
556 2421 700 2492 habearis,

110 2498 154 2555 iae
170 2503 197 2553 et
213 2497 288 2552 undo
301 2511 423 2565 magnus
435 2495 471 2549 ab
486 2493 649 2550 bominibus
664 2493 703 2549 vi-

110 2569 205 2627 dearis
228 2587 235 2624 :
259 2571 339 2625 nitu
361 2573 386 2622 te
407 2567 542 2622 deorsum.
565 2566 636 2634 Quid
656 2572 701 2622 et·

111 2643 187 2700 enim
222 2649 279 2698 tam
307 2638 454 2712 proprium
481 2639 594 2695 diabolo
616 2655 701 2709 quam

111 2715 243 2780 suadere,
274 2717 304 2767 ut
344 2710 538 2780 uuusqulscpre
567 2711 702 2782 indiguus

111 2783 245 2841 Ecclesiae
258 2798 289 2836 se
307 2782 476 2835 submittat?
494 2785 527 2835 lit
550 2799 650 2837 revera
671 2783 700 2836 bi

112 2855 184 2911 tales
216 2866 329 2922 sempor
357 2851 490 2905 deorsum
520 2869 550 2907 se
574 2852 699 2907 mittunt.

112 2924 177 2996 quia
194 2923 269 2977 solas
285 2921 408 2986 divitias,
424 2920 577 2987 dignitates
597 2930 624 2977 et
639 2924 699 2992 glo-

109 2996 180 3051 riam
200 2996 372 3063 qnmrentcs
394 2992 520 3062 quotidie
543 2994 700 3051 deteriores

110 3066 191 3122 liunt.
221 3066 403 3119 Promotores
429 3062 513 3118 etiam
541 3065 638 3120 talium
670 3066 697 3121 in

112 3151 291 3209 quarumque
324 3135 471 3203 diatritam,
506 3137 586 3206 prasi
614 3154 700 3211 supra

110 3209 208 3282 templi
234 3198 418 3280 pinnaeulum
445 3208 601 3277 constituti,
618 3226 647 3265 se
663 3211 698 3266 ad

108 3281 323 3354 persuasionem
354 3286 383 3336 et
415 3280 563 3336 consilium
590 3281 696 3339 diaboli

109 3355 243 3411 deorsum
261 3353 386 3420 mittunt,
403 3352 516 3423 otiando
531 3370 582 3424 per
600 3370 697 3410 carua-

108 3425 163 3482 lcm
181 3425 373 3492 allectionem,
397 3424 438 3480 rel
468 3424 553 3480 aliam
582 3441 696 3482 causam

108 3499 213 3554 malam
228 3514 276 3552 eos
290 3503 489 3563 excaecantem,
505 3497 608 3553 talibus
628 3514 696 3554 con-

108 3566 318 3633 descendendo,
354 3584 402 3622 eos
442 3573 621 3638 promovent,
652 3569 695 3625 rel

107 3651 207 3693 eorum
246 3636 472 3706 promotionibus
502 3640 694 3708 acnpricscunt.

113 3705 202 3763 Simia
215 3707 318 3776 quippo
333 3707 449 3775 ponitur
470 3708 498 3762 in
513 3715 596 3776 tecto,
614 3716 641 3765 et
654 3711 695 3765 la·

106 3781 150 3832 tro
171 3777 199 3831 in
218 3776 302 3830 scalis
328 3792 424 3830 coram
441 3779 557 3849 populo,
573 3796 630 3834 uon
659 3781 695 3835 ad

105 3848 147 3905 sui
165 3849 314 3914 bonorem,
332 3847 381 3901 scd
397 3848 432 3901 ad
450 3848 637 3916 clerisioncm;
654 3849 694 3905 sic

104 3919 191 3977 etiam
207 3924 249 3975 est
262 3919 297 3974 de
310 3917 427 3987 indigno
440 3916 468 3972 iu
482 3919 605 3974 Ecclesia
617 3921 693 3976 exal·

102 3996 171 4049 lale.
194 4014 208 4041 n
231 3991 309 4046 Unde
328 3988 367 4045 all
387 3994 414 4043 ct
434 3992 561 4044 scama:
584 4010 597 4041 u
619 3993 693 4049 Loco

101 4060 267 4134 ignorninim
281 4065 321 4117 cst
338 4062 412 4132 apud
433 4059 580 4128 indiguum
600 4061 692 4132 digni-

100 4137 154 4190 tas.
173 4156 185 4185 a
208 4136 287 4191 Unde
304 4133 390 4190 eliam
406 4131 473 4187 dicit
489 4134 637 4200 Grcporins
654 4155 689 4189 :a

99 4203 220 4262 Necesse
242 4211 293 4273 est,
316 4211 346 4262 ut
371 4203 463 4274 isqui
488 4212 601 4276 praest,
627 4222 691 4276 qum

96 4277 355 4348 exemplasubditis
367 4278 495 4350 praebeat
506 4279 628 4335 solerter
646 4284 690 4336 at·

462 305 572 357 Plllllli
599 306 719 360 murts
746 308 852 361 Glll'l
877 307 990 360 lxvttt

760 400 866 485 tendat,
877 421 906 472 et
920 414 1006 471 tantis
1018 431 1049 471 se
1062 415 1136 472 sciat
1153 415 1253 475 virere
1267 433 1350 489 quan-

759 488 796 544 tis
808 505 940 559 pracesse.
958 489 1015 543 »Et
1027 487 1102 555 ideo,
1120 492 1152 544 nt
1171 487 1251 546 idem
1266 489 1346 547 dicit:

761 580 775 613 o
796 563 856 616 b'on
870 562 954 616 debet
967 558 1116 615 hominum
1132 561 1277 618 ducatum
1291 579 1348 620 sus·

760 633 865 704 cipere,
880 631 926 702 qui
945 630 1034 687 nescit
1055 631 1191 688 homiues
1217 635 1295 690 bene
1313 634 1348 691 η’-

760 704 853 760 vendo
867 704 984 776 praeire3
994 719 1086 774 neque
1101 704 1138 759 ad
1153 706 1347 777 hoceligatur‚

761 781 793 831 nt
806 776 925 832 aliorum
942 775 1038 857 culpas
1054 775 1191 846 corrigat,
1202 778 1266 848 qui,
1280 778 1348 849 quod

761 863 891 904 resecare
911 848 1020 911 debuit,
1048 846 1109 917 ipse
1143 849 1310 906 committit.
1334 870 1347 900 a

762 923 794 976 Et
814 919 917 975 iterum
939 936 946 974 τ
965 940 979 969 «
1000 920 1106 974 burum
1125 919 1235 991 quippe
1255 926 1307 991 est,
1322 926 1348 978 nt

736 990 739 1033 t
761 990 809 1062 qui
832 991 922 1047 nescit
943 995 1040 1046 tenere
1067 991 1271 1049 moderamina
1289 992 1349 1049 rita

761 1080 830 1125 snm,
846 1064 933 1134 Judex
948 1063 998 1117 fiat
1019 1061 1083 1118 vitm
1107 1062 1212 1118 alienae
1236 1081 1243 1119 :
1263 1086 1276 1118 o
1292 1065 1347 1121 nac

762 1137 917 1203 Greportus.
938 1133 983 1190 Sic
1002 1137 1030 1189 et
1050 1133 1134 1190 bodie
1151 1136 1228 1205 apud
1249 1137 1347 1193 multos

762 1207 846 1263 etiam
875 1205 1023 1277 religiosos
1049 1206 1077 1261 in
1105 1205 1297 1265 electionibus
1323 1212 1346 1265 el

760 1276 981 1351 provisionibus,
993 1277 1094 1334 timore
1111 1277 1161 1333 Del
1176 1280 1345 1351 postposito,

760 1354 854 1416 lesus,
871 1349 898 1404 id
917 1355 960 1405 est
975 1349 1018 1404 rir
1033 1351 1124 1406 bouus
1138 1358 1166 1405 et
1184 1350 1300 1425 dignus,
1315 1367 1344 1408 ae

761 1422 810 1478 Dei
831 1424 950 1489 amicus,
970 1421 1016 1492 qui
1036 1438 1066 1477 se
1097 1428 1125 1477 et
1145 1421 1218 1477 alios
1241 1424 1346 1480 salvare

761 1494 864 1560 studet,
889 1495 1070 1563 reprobatur,
1089 1498 1117 1549 et
1138 1495 1292 1567 Barrabas,
1307 1495 1345 1552 la·

760 1571 804 1621 tro
817 1564 944 1633 insignis,
962 1564 989 1619 id
1005 1565 1148 1621 estmalus
1161 1571 1187 1621 et
1205 1566 1343 1638 indignus,

760 1654 792 1693 ac
808 1636 910 1693 Cbristi
927 1635 1027 1704 hostis,
1044 1637 1143 1707 quise
1163 1643 1191 1692 et
1218 1638 1290 1694 alios
1316 1638 1344 1695 in

760 1712 855 1764 anima
869 1707 992 1778 perimit,
1010 1708 1131 1777 eligitur.
1150 1709 1241 1777 Unde,
1257 1709 1344 1782 quiin

760 1781 864 1836 talibus
887 1776 1122 1850 promotionibus,
1152 1780 1285 1837 faciendo
1304 1781 1344 1837 rel

761 1851 962 1908 consentiendo
992 1851 1146 1923 culpabiles
1172 1859 1252 1919 sunt,
1286 1852 1343 1925 ipso

760 1925 908 1990 subracto,
925 1923 969 1979 rol
982 1939 1131 1991 consensu,
1152 1939 1219 1979 cum
1243 1924 1345 1981 Judaeis

760 1996 857 2052 dicunt
873 2013 879 2050 ι
897 1999 955 2053 Nou
971 1997 1051 2064 bacae,
1067 1996 1117 2050 sed
1133 1997 1296 2052 Borrubom.
1312 1999 1342 2052 Et

760 2067 824 2123 ideo
840 2067 956 2122 timeant
972 2069 1053 2135 tales,
1067 2083 1103 2123 ne
1116 2067 1233 2123 alienati
1250 2070 1344 2126 alesu

761 2139 917 2205 Salvatore,
953 2142 1062 2211 partem
1092 2139 1254 2196 sortiantur
1283 2155 1344 2197 cnm

760 2213 886 2266 barraba
897 2211 1016 2267 latrone.
1029 2210 1110 2267 Tales
1121 2211 1226 2283 quippe
1240 2211 1280 2268 sic
1289 2212 1343 2269 ele·

760 2288 796 2337 eb
815 2288 880 2336 sunt
897 2282 1028 2351 subditis,
1044 2282 1134 2354 magis
1145 2282 1173 2337 in
1190 2283 1303 2340 ruinam
1318 2286 1344 2339 et

760 2353 933 2423 scandalum,
951 2370 1036 2425 quam
1056 2354 1084 2410 in
1104 2356 1345 2412 resurrectionem

760 2430 788 2480 et
804 2424 868 2479 boni
884 2427 1041 2497 exemplum
1053 2443 1059 2493 ;
1070 2431 1098 2481 et
1111 2427 1341 2484 borscrmentum

759 2497 941 2568 praelatorum
955 2497 1109 2569 corrumpit
1123 2503 1211 2553 totam
1224 2512 1343 2555 massam

760 2568 940 2624 subditorum
963 2587 969 2624 :
990 2569 1066 2640 quia,
1087 2571 1159 2625 hen!
1176 2571 1245 2626 dum
1265 2573 1344 2642 capul

759 2641 1344 2714 a·grotat,rcteramembradolentffigro·

760 2717 821 2768 tant
841 2712 965 2782 quidem,
982 2713 1032 2768 scd
1047 2729 1104 2768 non
1118 2720 1267 2783 sanantur,
1280 2713 1343 2786 qula

759 2784 891 2840 morbum
908 2784 965 2840 noli
983 2800 1028 2840 me
1047 2790 1165 2857 tangere
1180 2786 1288 2842 babere
1303 2784 1342 2840 ri·

758 2856 878 2921 doutur;
905 2862 932 2911 et
958 2855 1054 2912 intacti
1083 2862 1275 2927 remanentes,
1296 2870 1344 2928 per

759 2943 807 2982 cos
821 2944 940 2998 quorum
958 2929 1074 2984 interest
1082 2927 1176 2984 debite
1188 2945 1246 2985 non
1257 2927 1343 2984 corri-

758 3005 871 3068 guntur.
886 3002 917 3054 Et
927 3000 1001 3069 ideo,
1013 3001 1082 3070 prob
1094 2999 1188 3055 dolorl
1196 3002 1258 3071 jam
1270 2998 1343 3073 apud

757 3071 853 3140 plnres
868 3070 902 3125 de
918 3071 1009 3140 capite
1030 3072 1104 3128 lacta
1127 3078 1171 3127 est
1185 3073 1291 3142 cauda;
1308 3070 1342 3127 de

758 3141 851 3211 priore
867 3142 1027 3212 posterior;
1048 3149 1077 3199 et
1095 3145 1130 3199 de
1147 3144 1284 3215 magistro
1301 3142 1342 3199 di·

757 3212 893 3283 scipulos,
911 3220 937 3269 et
955 3213 1062 3270 utinam
1080 3215 1194 3283 Christi,
1211 3232 1272 3272 non
1287 3214 1343 3271 dia·

756 3285 831 3341 bolil
854 3286 907 3341 Sed
925 3285 1024 3341 timere
1045 3287 1149 3342 liabent
1165 3287 1297 3343 homines
1313 3285 1342 3342 in

756 3356 800 3411 bis
814 3357 977 3428 culpabiles,
993 3374 1027 3413 ne
1039 3358 1150 3429 justitia
1164 3374 1215 3430 per
1230 3376 1281 3415 eos
1293 3373 1342 3414 ne·

756 3428 857 3496 plecta,
874 3430 909 3483 ad
926 3445 1080 3501 supernum
1095 3430 1221 3486 tudiccm
1242 3446 1342 3503 quere·

755 3501 811 3555 lam
829 3517 907 3555 suam
923 3501 1046 3571 dirigat3
1064 3508 1090 3557 et
1106 3501 1164 3572 ille,
1182 3519 1266 3558 voces
1277 3517 1342 3574 que·

756 3571 885 3626 rimonim
914 3574 974 3641 ejus
994 3572 1160 3645 suscipiens,
1174 3574 1253 3643 justo
1265 3571 1341 3646 judi·

755 3642 797 3696 cio
813 3659 874 3705 suo,
891 3643 1044 3700 vindictam
1066 3662 1146 3700 snam
1167 3661 1256 3716 super
1270 3661 1341 3718 prm·

755 3713 928 3770 rar-icatures
957 3716 1136 3772 rectitudinis
1157 3716 1283 3773 inducat.
1308 3718 1340 3772 Et

753 3782 828 3838 istud
846 3784 874 3838 ln
891 3787 988 3842 multis
1013 3788 1116 3844 talibus
1143 3790 1248 3845 lactum
1266 3786 1341 3844 novi-

753 3869 834 3921 mus,
870 3863 897 3911 et
934 3861 1027 3915 adbuc
1068 3860 1232 3930 frequenter
1279 3856 1341 3917 deri

752 3925 956 3996 videmussed
976 3930 1093 4001 quidam
1113 3931 1261 3987 miserisie
1276 3936 1341 3987 sunt

753 3999 895 4066 excaeati,
925 4003 1000 4072 quod
1027 4019 1081 4058 nec
1102 4018 1277 4073 cognoscere
1291 4002 1340 4058 de-

751 4069 922 4126 lectussuos
948 4074 1056 4142 volunt,
1082 4075 1158 4130 undo
1186 4075 1255 4130 talia
1288 4076 1339 4130 ua-

751 4140 825 4219 gella
850 4143 1021 4220 procedunt3
1052 4149 1080 4200 et
1100 4145 1164 4201 ideo
1186 4162 1264 4218 sape
1277 4159 1341 4219 gra·

750 4226 829 4267 mora
844 4226 885 4265 ers
906 4215 1121 4286 superveniunt,

785 4288 801 4338 o
827 4283 958 4352 annrun
983 4302 1075 4346 mun
1105 4305 1113 4346 ε
1142 4305 1340 4349 assumerent!
