2880 4942
217 320 258 376 ult
285 321 326 376 ΕΟ
352 318 439 382 QUOD
465 319 615 374 bonitius
642 322 746 376 solut
773 320 866 376 illut
892 322 1101 379 Adbucilli.
1249 326 1295 381 189

58 434 88 491 in
110 428 274 488 naviculam
295 435 423 488 nostram
447 429 603 503 suscipere,
619 431 649 489 id

58 503 146 563 estin
163 502 296 560 cordibus
311 502 418 558 uostris
433 503 572 572 babitare,
591 510 648 560 sta-

60 576 109 633 tim
125 575 306 633 inveniemur
317 572 348 629 in
362 579 450 646 terra,
463 574 499 632 ad
511 574 648 645 quamire

59 647 201 710 volumus,
218 645 247 702 id
262 652 306 702 est
323 645 437 702 coelum.

95 723 113 776 8
141 721 221 775 Fines
250 719 475 787 Gnuazanonuii,
502 736 536 775 au
577 737 648 783 euos

62 805 173 847 ruausir
188 793 322 847 Doiiiivus.
344 820 378 831 -
394 793 460 848 Cum
473 797 575 860 autem,
592 793 647 848 Do·

64 861 155 918 miuus
168 864 251 919 lesus
272 867 300 918 et
314 860 447 934 discipuli
469 863 541 934 eJus,
558 868 649 919 troas·

60 935 218 1002 lactassent,
242 939 374 989 coaetant
398 937 428 988 a'a
449 939 550 990 terram
566 935 650 992 Gcae·

705 430 775 488 culis
799 431 872 503 ejus,
888 433 928 490 ita
949 439 982 490 ut
1000 434 1115 506 etipse,
1134 443 1163 494 et
1176 439 1294 509 quidam

703 503 751 561 alii
766 503 941 561 mirarentur
957 506 986 562 in
1000 523 1035 562 oo
1047 509 1189 566 loannem
1203 528 1295 568 resur·

703 573 808 632 rexisse
825 591 842 632 a
860 575 988 633 mortuis.
1011 579 1045 634 Et
1063 594 1130 636 vere
1155 582 1189 637 de
1214 598 1295 639 mor·

703 646 760 703 tuis
776 646 907 718 surrexit,
918 650 967 719 qui
981 649 1017 706 de
1034 655 1126 706 morte
1141 652 1226 724 hujus
1240 653 1294 711 mi·

703 717 786 774 seriae
802 718 968 800 corporalis,
980 721 1293 795 secundumspiritum,

704 789 734 847 in
747 793 835 847 vilain
847 793 1038 849 immortalem
1052 795 1190 850 transivit.
1203 799 1239 852 Et
1251 799 1295 854 ait

701 864 798 934 pueris
814 865 873 918 suis
894 865 979 935 :lpse
995 868 1119 921 suffecit
1134 883 1152 921 a
1167 870 1294 938 mortuis,

705 938 731 989 et
747 933 807 989 ideo
820 936 937 990 uirtutes
951 942 1101 1007 operentur
1114 939 1144 993 in
1157 954 1187 993 eo
1204 957 1213 994 ε
1230 937 1294 1010 opi·

61 1007 164 1070 ceretii,
179 1004 221 1062 sic
233 1004 338 1060 dictam
352 1020 369 1060 a
382 1004 436 1061 loci
451 1004 605 1062 vicinitate.
617 1008 652 1062 Et
674 1010 677 1033 ³
705 1005 754 1061 nio
767 1004 843 1061 enim
864 1007 992 1075 omnium
1007 1007 1182 1079 loquentium
1197 1009 1232 1065 de
1247 1026 1294 1067 re·

56 1082 164 1205 gentes
197 1091 324 1147 regionis
351 1076 428 1133 illius
458 1082 677 1147 cognoverunt.

705 1075 881 1133 surrectione
908 1083 936 1134 et
957 1078 1170 1136 immortalitate
1189 1080 1294 1140 animae

76 1163 169 1215 esum,
186 1147 234 1202 alii
251 1162 365 1203 rumore
388 1148 519 1217 etfama,
535 1147 583 1204 alii
608 1149 651 1205 fa·
675 1143 678 1229 Ι
705 1146 769 1215 fuit,
797 1148 874 1231 quod
901 1155 963 1231 post
989 1149 1230 1209 resurrectionem
1258 1154 1295 1210 sit

59 1218 104 1274 oie
117 1223 145 1274 et
160 1217 323 1300 praesentia.
341 1219 376 1275 Et
390 1218 589 1302 perquirentes
603 1219 649 1276 iii·
675 1238 678 1309 q
705 1218 792 1300 hoino
808 1234 924 1301 majoris
934 1227 962 1277 et
975 1221 1183 1278 excellentioris
1197 1231 1295 1294 poten·

58 1289 162 1345 firmos
187 1306 327 1346 universae
349 1307 476 1361 regionis
494 1292 580 1361 illius,
597 1292 648 1349 ad·
675 1320 677 1327 ·
705 1295 753 1346 tiae
763 1295 792 1346 et
805 1296 918 1348 virtutis
933 1308 1019 1364 quain
1031 1300 1108 1362 aute,
1123 1293 1191 1350 dum
1202 1295 1296 1353 adbuc

57 1360 200 1418 duxeruut
214 1376 264 1417 eos
283 1361 320 1417 ad
336 1364 446 1431 lesum,
464 1368 505 1428 ut,
526 1364 570 1421 vel
589 1363 652 1420 fim-
674 1334 678 1433 Ι

706 1368 874 1429 gravaretur
887 1361 1054 1420 infirmitate
1064 1364 1176 1433 caruis;
1191 1374 1219 1422 et
1231 1366 1295 1424 ideo

58 1432 152 1490 briam
180 1432 343 1489 vestimenti
370 1434 442 1505 ejus,
473 1441 651 1492 mererentur
674 1470 677 1529 Ι
705 1431 773 1488 licet
793 1436 919 1491 loannes
945 1437 1073 1506 Baptista
1097 1452 1155 1492 non
1182 1437 1296 1497 fecisset

58 1510 186 1574 tangere,
200 1503 321 1560 scientes
337 1505 413 1576 quod
424 1504 464 1561 sie
474 1511 586 1578 poterat
599 1521 649 1562 eos

59 1590 159 1632 curare
172 1592 179 1643 ;
196 1580 226 1631 et
245 1576 493 1647 consequebantur
507 1577 649 1634 beneficia

59 1646 249 1714 curationum,
263 1650 321 1702 tarn
335 1650 430 1704 merite
446 1663 530 1720 quani
548 1664 598 1704 cor
618 1664 648 1706 o·

60 1734 102 1786 re,
123 1717 191 1791 quia
210 1715 274 1774 illos
288 1734 359 1788 quos
377 1718 506 1776 Christus
525 1664 648 1776 sauassat

58 1806 189 1863 corpore,
215 1790 333 1847 sanabat
359 1794 388 1846 et
406 1796 512 1848 mente.
533 1790 585 1849 Ubi
608 1792 649 1848 ait

60 1863 268 1932 chrysostomus
285 1885 291 1919 :
311 1884 326 1914 «
341 1863 397 1918 Nos
412 1867 506 1919 autem
523 1879 583 1919 nou
600 1879 648 1920 so-

58 1932 118 1989 lum
134 1932 279 1990 fimbriam
294 1937 344 1990 aut
356 1933 556 1991 vestimentum
572 1934 650 1991 Chri·

57 2004 93 2061 sti
109 2005 258 2072 habemus,
272 2010 303 2061 ut
317 2010 483 2076 tangamus3
497 2006 547 2062 sed
562 2005 648 2062 etiam

57 2076 166 2148 Corpus
181 2077 254 2148 ejus,
271 2082 303 2133 ut
321 2077 514 2133 comedamus.
532 2076 561 2134 Si
580 2094 648 2149 ergo

58 2146 107 2219 qui
124 2147 266 2204 fimbriam
277 2152 326 2203 aut
339 2149 499 2205 vestimenti
513 2149 573 2220 ejus
587 2150 650 2205 teti·

56 2225 172 2292 gerunt,
190 2225 299 2276 tantam
316 2227 487 2292 acceperunt
504 2219 646 2289 virtutem,

58 2291 152 2347 multo
182 2292 272 2363 magis
302 2290 350 2364 qui
380 2299 469 2348 totum
494 2293 586 2361 ipsum
601 2308 649 2349 su·

56 2367 137 2420 ment
161 2382 170 2419 ε
198 2386 211 2410 n
240 2362 302 2419 liaec
330 2364 547 2434 chrysostomus.
574 2364 646 2421 ltlira

57 2433 131 2490 fides
158 2434 380 2506 Genezarorum,
405 2443 436 2491 ut
457 2451 515 2491 nou
536 2441 648 2492 tautum

55 2508 240 2577 praesentium
258 2506 348 2563 salute
364 2507 491 2563 contenti
511 2507 579 2576 sint,
596 2508 646 2562 sed

55 2576 172 2635 mittant
197 2577 233 2634 ad
261 2579 332 2633 alios
361 2593 412 2648 per
436 2578 599 2645 circuitum,
616 2583 646 2633 ut

54 2654 174 2711 currant
198 2665 297 2705 omnes
316 2650 351 2706 ad
371 2649 534 2705 medicum!
556 2649 646 2706 Curre

54 2727 85 2778 ct
97 2727 130 2778 tu
146 2736 198 2794 pro
213 2736 392 2794 quacumque
417 2720 587 2777 infirmitate
611 2720 649 2778 ad

53 2794 163 2863 lesum,
186 2800 332 2849 auctorem
357 2791 463 2862 salutis,
483 2799 514 2850 ut
543 2793 649 2849 benefl-

54 2865 132 2924 rium
162 2865 316 2921 curationis
347 2863 481 2946 consequi
501 2865 646 2922 merearis.

54 2937 116 2994 lloc
128 2944 225 2994 autem
240 2937 316 2994 facto
332 2938 446 2993 Domini
468 2938 536 2993 lesu
557 2937 647 3008 signi·

55 3008 170 3076 fleatur,
202 3009 277 3080 quod
307 3009 481 3080 praedicator
501 3007 646 3079 Evangelii

55 3081 141 3138 debet
163 3096 263 3137 curare
285 3080 436 3154 languidos
450 3079 646 3152 spiritualiter,

54 3152 201 3209 medicina
229 3150 440 3225 praedicationis
474 3157 502 3208 et
540 3159 647 3208 sanctae

55 3223 239 3296 operationis.
255 3255 290 3265 -
308 3225 432 3297 Mystico,
452 3223 647 3280 transfretatio

55 3294 118 3352 liaec
143 3293 285 3366 siguificat
314 3297 464 3352 transitum
487 3295 592 3351 Christi
611 3294 647 3350 ad

54 3363 183 3424 Gentiles
202 3383 252 3437 per
266 3369 423 3440 Apostolos.
446 3368 540 3422 lunuit
554 3381 622 3433 ergo
636 3381 644 3419 :

54 3437 149 3509 primo
160 3437 516 3511 transitumilpostolorum
528 3437 565 3492 ad
577 3436 649 3493 Gen-

55 3508 151 3566 tilium
175 3512 402 3577 conversionem,
414 3509 540 3566 Geiiezar
558 3506 647 3576 enini,

55 3595 108 3639 scu
127 3581 302 3640 Genesareth
323 3584 527 3651 interpretatur
548 3582 648 3634 uilium

54 3655 227 3719 natiuitatis,
241 3659 271 3711 et
283 3653 426 3726 significat
438 3651 646 3721 Gentilitatem;

54 3724 205 3789 secundo,
229 3731 394 3797 sequentem
420 3723 487 3779 fidei
511 3723 649 3794 cognitio·

55 3799 135 3866 bem,
159 3798 227 3865 quia
254 3801 449 3870 cognoverunt
477 3810 565 3863 eum;
588 3799 647 3851 ter·

55 3866 108 3936 tio,
134 3867 264 3925 fidelium
288 3866 565 3941 multiplicationem,
580 3865 648 3938 quia

56 3939 94 4020 ad
117 3941 350 4023 congregandum
363 3940 495 3997 infirmos
508 3938 649 3996 miserunt

56 4025 87 4066 in
102 4027 269 4068 universam
284 4029 443 4084 regionem.

94 4105 111 4156 9
126 4083 278 4140 Anniuario
302 4087 422 4141 liniiouis
436 4101 470 4139 ue
483 4085 560 4154 deso,
575 4099 648 4145 eunii

55 4154 186 4210 Joaiiunii
201 4173 400 4214 aasusciraruii
428 4173 535 4212 caenir.
553 4184 588 4196 —
614 4155 649 4210 Et

56 4227 172 4282 audiuit
196 4229 326 4292 Herodes,
353 4229 522 4293 Tetrarclio,
541 4228 648 4308 samem

54 4296 94 4354 de
107 4300 183 4364 lesu,
195 4297 225 4357 id
248 4307 293 4358 est
315 4300 351 4358 de
365 4298 496 4358 doctrina
515 4303 544 4357 et
563 4313 649 4355 mira·

705 1505 844 1561 miracula
863 1504 893 1562 in
904 1506 963 1563 vita
977 1522 1038 1575 sua,
1057 1507 1184 1565 Herodes
1198 1517 1296 1566 tamen

705 1575 824 1632 credens
847 1593 913 1633 eum
941 1578 1095 1635 surrexisse
1121 1595 1140 1636 a
1164 1580 1295 1651 mortuis,

704 1647 851 1704 asserebat
863 1664 928 1705 euin
943 1649 1036 1706 facere
1050 1650 1196 1710 miracula.
1214 1652 1295 1710 Unde

706 1720 871 1790 Tlieoplo'lus
895 1741 902 1777 :
924 1720 1050 1778 «Sciens
1070 1723 1195 1779 llerodes
1218 1725 1295 1795 quod

702 1791 843 1847 loannem
855 1792 1141 1863 iustumeitistentem
1155 1793 1216 1851 sine
1229 1812 1293 1852 cau·

704 1877 736 1918 sa
749 1860 902 1933 occiderat,
919 1864 1054 1920 credebat
1068 1881 1159 1920 euma
1177 1865 1296 1923 mortuis

705 1935 871 2015 surrexisse,
889 1940 919 1990 et
937 1935 1014 2017 quod
1038 1951 1072 1991 ex
1089 1936 1297 1995 resurrectione

705 2010 878 2076 suscepisset
913 2007 1117 2063 miraculorum
1152 2008 1297 2075 operatio·

706 2091 771 2131 uem
797 2093 805 2132 :
831 2096 845 2129 u
872 2078 934 2134 haec
962 2079 1139 2150 Theophilus,
1166 2080 1221 2135 Per
1240 2080 1297 2136 hoc

705 2155 801 2204 autem
839 2149 985 2205 moraliter
1014 2148 1189 2220 designatur,
1220 2151 1297 2234 quod

704 2224 887 2292 resurgentes
902 2220 936 2276 de
960 2225 1051 2277 morte
1066 2221 1167 2292 culpae,
1183 2237 1294 2294 maJora

704 2289 842 2346 virtutum
859 2306 947 2373 opera
968 2291 1073 2349 debent
1091 2292 1186 2349 facere
1205 2308 1294 2364 quam

704 2368 788 2431 aute;
810 2369 840 2419 ut
861 2379 901 2418 sic
919 2365 1072 2421 ostendant
1092 2379 1123 2420 se
1143 2372 1239 2437 gratos
1259 2366 1295 2423 de

704 2448 756 2489 sira
771 2434 990 2492 resurrectione.
1001 2434 1154 2504 ⁸lforaliter
1169 2452 1294 2509 quoque,

704 2503 845 2562 loannem
856 2507 987 2576 decollat,
1002 2507 1051 2577 qui
1067 2508 1173 2566 bonum
1189 2524 1293 2580 propo·

705 2575 791 2633 situm
809 2577 844 2633 ab
862 2576 958 2649 aliquo
976 2578 1079 2646 aufert,
1093 2580 1137 2635 vel
1153 2577 1183 2634 in
1199 2595 1229 2634 se
1242 2595 1296 2635 ne·

705 2653 760 2703 teat.
777 2647 902 2705 llerodes
922 2664 1001 2720 iero,
1022 2650 1097 2706 iuter
1120 2650 1238 2706 dubium
1258 2650 1294 2704 ti·

704 2719 873 2791 midumque
890 2721 1035 2790 vacillans,
1055 2721 1174 2792 optabat
1191 2721 1295 2792 saepius

704 2797 733 2848 et
761 2792 909 2875 quaerebat
935 2790 1032 2849 videre
1057 2795 1165 2863 lesum,
1194 2794 1296 2850 ductus

704 2878 795 2935 magis
816 2864 981 2921 curiositate
1005 2863 1120 2921 videndi
1143 2863 1293 2936 miracula,

702 2949 789 3064 quam
818 2936 984 3007 devotione;
1004 2942 1033 2993 ct
1054 2944 1085 2994 ut
1106 2937 1131 2993 si
1157 2936 1230 2993 forte
1252 2936 1294 2995 sic

720 3023 843 3064 oannem
865 3010 955 3081 possit
976 3024 1143 3081 agnoscere,
1161 3010 1218 3065 imo
1245 3025 1294 3066 vo·

703 3078 780 3136 lebat
794 3095 861 3136 eum
874 3082 1016 3138 occidere.
1035 3083 1090 3137 Per
1109 3081 1186 3137 bunc
1203 3081 1293 3151 signi·

703 3150 826 3207 ficantur
848 3151 964 3220 curiosi,
986 3152 1034 3222 qui
1060 3153 1135 3208 facta
1155 3152 1294 3208 miracula

703 3221 800 3277 videre
822 3229 954 3292 quaerunt
976 3230 1004 3278 et
1030 3224 1141 3291 audire,
1158 3224 1209 3277 scil
1235 3238 1293 3279 non

702 3291 820 3348 imitari.
838 3294 989 3350 fremebat
1008 3293 1124 3363 quidem
1149 3300 1177 3348 et
1194 3291 1292 3348 formi-

703 3362 791 3419 dabat
815 3365 941 3419 Herodes
963 3365 1104 3420 loannem
1128 3363 1221 3420 adhuc
1247 3362 1293 3417 vi·

703 3448 780 3500 vum,
799 3449 1096 3505 pauperem-prorsus
1119 3441 1148 3491 et
1166 3435 1291 3501 nudum;

702 3505 822 3561 timebat
852 3504 939 3562 etiam
968 3512 996 3561 et
1023 3504 1197 3561 formidabat
1224 3518 1293 3560 euin

701 3576 760 3648 jam
774 3576 900 3633 occisum
912 3582 941 3633 et
951 3583 1105 3634 mortuum.
1117 3576 1195 3633 Unde
1209 3576 1293 3646 Glirp·

702 3654 836 3704 sostomas
854 3671 860 3705 :
876 3668 891 3703 <i
911 3648 966 3706 Sed
990 3665 1044 3705 uec
1058 3649 1214 3705 abscissum
1230 3648 1293 3720 ejus

703 3724 789 3790 caput
801 3737 902 3778 secure
917 3725 1029 3793 poterat
1039 3737 1073 3777 ac
1087 3721 1208 3777 libenter
1220 3718 1292 3790 aspi-

702 3808 778 3862 cere,
796 3791 862 3866 quia
887 3797 949 3865 post
969 3797 1091 3850 mortem
1108 3808 1222 3865 quoque
1238 3794 1292 3851 Jo-

702 3866 785 3923 annis
798 3865 827 3922 in
845 3865 892 3922 illo
906 3872 999 3923 terror
1011 3863 1135 3938 vigebat.
1145 3867 1236 3921 Tanta
1249 3869 1293 3920 est

701 3937 743 3992 vis
765 3939 870 4009 quippe
889 3937 1011 4006 virtutis,
1030 3944 1061 3994 ut
1085 3942 1148 4009 post
1171 3941 1292 3991 mortem

701 4023 817 4080 quoque
840 4008 877 4066 sit
893 4010 1052 4067 viventibus
1073 4009 1191 4074 fortior,
1219 4005 1292 4061 adeo

702 4086 744 4135 est
755 4080 907 4138 imbecillis
918 4077 1174 4153 nequitia,etiamsi
1185 4081 1293 4132 lioiiore

702 4150 777 4222 regis
797 4153 924 4223 iuvetur,
938 4153 1049 4210 etiamsi
1069 4147 1201 4220 praesidio
1225 4144 1294 4227 niu15

703 4221 844 4294 titudinis,
853 4231 940 4296 atque
952 4225 1086 4280 universa
1097 4220 1180 4290 liuius
1192 4216 1293 4273 muudi

701 4296 832 4367 potentia
843 4296 989 4368 fulciatur,
1004 4308 1102 4351 omnes
1112 4295 1209 4347 amen
1219 4304 1293 4361 quo·
