2880 4942
748 322 765 367 ὰ

130 442 176 498 tit
506 443 618 500 PRIHAE
645 440 763 498 nentia
790 439 894 497 tanin
920 437 992 495 xtii

130 555 260 613 nostram
274 550 374 610 einatu
387 550 432 610 aui
447 548 569 625 Spiritus
581 549 717 620 illustret,
769 553 837 608 suut
857 547 988 607 membra
1012 543 1154 618 corporis,
1170 545 1301 602 exterius
1318 556 1363 626 po·

129 631 160 686 ai
200 641 216 684 e
240 625 276 682 ad
300 623 493 697 coguitionem
518 637 571 680 nos
593 621 717 696 propriu
770 618 835 679 site.
860 624 1007 694 Dxtpnena
1024 630 1093 691 ergo
1121 616 1151 674 in
1167 618 1272 677 oculos
1292 630 1364 684 cuer,

128 698 158 757 in
183 696 437 755 rmitatisstudium
459 695 718 753 uehonaeactionia
772 693 909 753 Dominus
930 691 1051 764 imponit
1066 703 1172 751 manns
1192 705 1262 749 sutae
1282 693 1313 746 ut
1328 689 1364 745 ri·

128 768 268 829 accendit.
285 711 482 852 Apprehengit
499 782 616 826 menum
637 767 716 839 raeci,
769 769 845 837 dent,
864 765 913 839 qui
926 765 1082 850 cessitatem
1098 765 1219 892 generis
1238 764 1373 846 humanu

128 848 161 901 nt
183 856 249 899 euru
268 841 305 898 ad
324 846 535 898 exsecutionem
550 840 633 898 bouus
648 853 716 913 ope·
768 846 797 898 et
832 855 883 913 per
915 837 1070 895 inutrbrire
1121 837 1211 895 itinae
1250 839 1364 908 pietatus

127 909 410 974 rationisconiortet.
431 912 717 971 Educitiilumeatre
768 914 855 982 dona,
881 913 910 969 et
935 924 985 982 per
1013 907 1139 967 exhibite
1170 907 1245 992 ioris
1271 921 1363 964 sacra-

127 985 230 1055 vicnm,
254 991 316 1045 uta
331 985 389 1044 vita
410 984 520 1070 uulgari
536 993 715 1060 segregatus,
768 993 865 1043 ruente
880 987 1035 1054 assumptus
1050 981 1244 1040 numanitatis
1259 980 1365 1061 auster

125 1056 300 1118 uoluntatem
320 1057 363 1116 toi
383 1057 630 1130 conditorisque
650 1057 716 1115 iiiu·
768 1057 814 1115 ait.
832 1056 913 1126 Quod
930 1060 1025 1113 autem
1045 1067 1110 1112 enm
1130 1055 1162 1111 in
1179 1054 1302 1112 domum
1327 1065 1364 1107 ure

127 1129 230 1188 minari
241 1132 378 1201 meretur,
387 1131 506 1189 liberine
519 1130 618 1189 seduio
629 1130 716 1188 eorde
766 1132 914 1204 precepit,
943 1124 1061 1201 mystice
1090 1127 1233 1184 admouet
1267 1136 1365 1180 omnes

125 1206 277 1283 scrutetur.
287 1203 423 1276 Quisquis
433 1203 510 1260 euim
524 1204 621 1261 iumen
635 1207 717 1260 nter·
767 1202 814 1276 qni
836 1199 1003 1273 cognitione
1022 1197 1153 1256 teritetis
1171 1198 1364 1263 iiinstrantur‚

125 1272 225 1332 nitatis
238 1276 334 1335 videre
348 1276 501 1346 desiderat,
513 1289 570 1334 uon
586 1274 717 1347 exempla
767 1279 798 1358 ut
809 1274 846 1332 ad
859 1284 909 1330 eor
924 1286 1008 1355 suurn
1021 1271 1161 1340 redeant;
1178 1278 1209 1328 et
1226 1274 1364 1343 qnantum

125 1346 716 1494 tiriumettiietamef
766 1342 1364 1502 titutionemtitinnius.

126 1486 194 1547 ideo
208 1497 304 1550 eutem
319 1504 427 1549 oenum
440 1491 516 1550 huno
530 1490 717 1566 punietimet
766 1490 887 1558 nennius,
916 1487 1005 1561 digne
1034 1499 1153 1562 operum
1181 1489 1363 1569 exsecutione

127 1567 311 1645 nonrepenie
321 1569 503 1635 curaturum
514 1578 580 1621 mor
591 1575 718 1621 nuoren-
765 1576 813 1621 res
834 1562 968 1645 ondeant.
983 1559 1055 1630 Quia
1072 1572 1142 1642 vero
1156 1571 1237 1628 eum,
1249 1561 1325 1641 sicui
1340 1558 1364 1612 ei

123 1632 714 1707 ito,suteiiet,euniestinrpoteretourare,
765 1578 953 1692 mufiosairos
963 1645 1035 1705 quos
1045 1632 1168 1701 sanauit,
1180 1635 1362 1688 sanationem

125 1707 157 1762 nt
176 1702 404 1778 magnitudinem
424 1707 558 1764 humanus
579 1704 716 1764 cecitatis
765 1721 846 1765 snam
860 1705 974 1764 silentio
986 1704 1186 1778 tergeminum,
1198 1701 1361 1774 exemptum

124 1777 305 1849 ostenderet3
318 1791 383 1853 qun
433 1777 474 1836 esi
487 1776 673 1853 pedetentim,
686 1783 715 1836 et
766 1777 825 1864 suis
853 1777 965 1862 tribuit,
986 1791 1023 1835 ne
1046 1774 1233 1859 denisque
1260 1773 1366 1873 feriunt

125 1850 714 1997 nutritii-*eumen„iiiiii
767 1848 1364 2003 steininentiernium

125 1990 197 2052 nire.
215 1996 334 2068 sputum
349 1997 453 2071 quippe
469 1995 597 2055 abintus
615 1995 651 2054 de
665 2008 711 2053 ea·
767 2007 877 2052 meroes
916 2008 1016 2052 eorum
1044 1994 1227 2065 resistunt
1252 1990 1363 2065 placere

126 2065 185 2140 pite
213 2065 326 2127 Domini
353 2069 496 2143 propedit3
514 2080 616 2128 monus
644 2080 713 2125 vero
763 2064 908 2125 conteuti:
930 2082 944 2120 t
963 2064 1121 2124 hesiodo.

681 2266 812 2326 onemo

164 2436 284 2500 Domine
301 2442 369 2500 iesu
394 2432 517 2513 Christe,
531 2440 576 2501 iao
596 2453 709 2500 mecum
728 2453 843 2512 signum
861 2433 1037 2499 infirmitatis
1051 2440 1080 2496 et
1097 2435 1248 2497 Passionis
1264 2441 1321 2498 tuae
1334 2436 1364 2498 iu

127 2510 246 2582 honum,
261 2519 291 2572 ni
306 2513 372 2572 inde
385 2528 438 2588 par
452 2517 479 2572 ie
494 2530 539 2573 me
554 2514 682 2602 adjutum
695 2514 836 2599 gaudeam
850 2517 879 2570 et
893 2512 1083 2570 consolatum.
1101 2510 1123 2570 0
1138 2510 1222 2583 panis
1236 2511 1314 2583 ritu,
1330 2514 1364 2572 da

128 2583 200 2641 mihi
215 2600 328 2660 semper
339 2593 390 2644 tuo
404 2602 501 2656 amore
514 2586 604 2656 redon,
620 2590 650 2644 ut
665 2600 758 2645 munus
775 2583 913 2644 solliciter
926 2584 961 2642 de
976 2582 1108 2658 penerel
1122 2596 1306 2657 quocumque
1322 2601 1365 2644 so

127 2653 197 2713 latio
217 2657 377 2731 temporali.
395 2660 436 2717 Da
452 2657 532 2729 mini,
547 2663 578 2718 nt
592 2676 610 2718 a
625 2659 765 2718 fermento
784 2673 926 2731 perversae
949 2652 1097 2728 doctrinm,
1112 2669 1146 2714 ac
1161 2655 1306 2715 simuietae
1319 2661 1362 2730 jn-

128 2727 224 2800 stitiae‚
241 2745 269 2787 et
284 2729 406 2788 aetionis
418 2746 514 2805 pravae
529 2746 665 2800 caveam
681 2736 709 2789 et
725 2733 755 2790 in
770 2731 815 2789 his
835 2731 993 2789 nocentiae
1015 2743 1068 2787 nee
1087 2726 1200 2802 passive
1219 2733 1251 2787 ie
1270 2731 1361 2788 oiien·

128 2798 246 2858 demo
268 2802 403 2875 splendor
426 2808 554 2876 peternae
579 2800 689 2877 giuriae,
704 2802 836 2862 illumina
861 2820 911 2861 cor
937 2814 1034 2861 meum
1057 2800 1166 2859 iumine
1185 2805 1244 2859 tuae
1265 2802 1363 2877 gretie

126 2868 242 2955 diuina,
259 2886 361 2945 meque
375 2873 411 2932 de
426 2873 558 2933 omnibus
572 2875 718 2934 erroribus
732 2881 762 2932 et
775 2874 885 2950 laqueis
900 2890 979 2948 erue,
992 2888 1026 2933 ac
1042 2869 1135 2950 dirige
1148 2871 1181 2932 in
1194 2875 1274 2934 uiam
1288 2875 1374 2934 ueri·

127 2944 195 3001 tetra
207 2941 376 3017 minutium,
386 2960 419 3005 ae
433 2944 533 3005 salutis
547 2952 674 3008 aeternae.
689 2948 791 3007 Amen.

463 3652 537 3694 nitti'r
557 3653 638 3693 Pnttte
661 3653 728 3694 PARS
744 3653 813 3694 Vim
830 3654 892 3694 anst*
909 3654 1023 3695 nituisti.
