2880 4942
98 311 145 363 tta

101 412 203 471 odiunt
222 410 359 468 acritatem
382 416 410 466 et
436 425 547 482 pacem.
563 405 610 478 qui
636 419 688 477 pro

99 483 249 549 temporali
261 483 351 555 pretio
365 483 527 552 relinquunt
536 476 688 551 justitiam,

101 556 170 613 nibil
182 556 258 612 aliud
274 557 365 610 lacere
379 554 512 609 videntur
525 566 611 622 quam
621 548 691 631 lapi·

101 628 181 693 dare,
200 626 377 692 crucifigere,
393 630 421 680 et
451 622 580 680 occidere
609 621 685 677 Chri·

101 706 187 762 stum.
197 698 263 770 quia
275 699 282 754 i
304 697 363 753 sius
378 697 453 752 doua
465 695 649 765 exstinguunt
661 690 689 747 iu

103 770 204 841 seipsis
221 787 228 824 :
247 791 259 820 o
286 715 346 824 lime
365 769 538 824 Ambrosius.
567 767 600 820 Et
618 763 690 819 tales

103 848 169 898 suut
185 841 212 896 in
224 839 328 912 triplici
343 855 448 912 genere
462 861 468 896 :
484 836 600 908 quidam
612 833 687 892 euim

103 911 232 980 lapidant
244 913 341 968 lesum
353 911 439 967 corde
460 909 579 980 quidam
591 923 650 973 ore,
661 911 690 962 et

105 982 222 1056 quidam
236 1000 340 1039 manu:
357 982 441 1054 primi
457 988 524 1038 sunt
537 979 624 1036 eorda
638 992 690 1033 sua

103 1053 200 1128 pravis
216 1054 436 1126 cogitationibus
454 1059 482 1109 et
496 1051 578 1108 malis
593 1050 690 1105 volun·

103 1127 211 1184 tatibus
223 1124 528 1195 indurantes3secuudi
547 1126 611 1179 sunt
627 1137 689 1176 ver·

106 1198 143 1256 ba
162 1197 348 1270 blasphemie
365 1197 394 1253 iu
416 1199 504 1253 [teum
524 1202 552 1252 et
571 1196 690 1250 sanctos

106 1271 294 1340 proferentes,
315 1269 358 1326 rel
381 1269 530 1340 praeceptis
550 1265 688 1336 majorum

106 1347 135 1398 et
150 1341 275 1414 praelatis
289 1341 346 1398 suis
363 1339 596 1418 recalcitrantes)
614 1334 687 1391 tertii

104 1420 174 1469 sunt
184 1429 235 1486 per
247 1411 460 1484 oppressionem
471 1410 611 1465 violentie
627 1423 689 1479 pro-

96 1486 199 1544 ..timos
212 1485 356 1539 laedentes.

143 1578 160 1626 9
179 1556 252 1611 Sunr
266 1571 430 1609 terreamus
443 1570 523 1607 rasus
542 1568 627 1606 contre
640 1566 690 1605 reu

107 1642 194 1681 uanas
220 1642 423 1680 comramoxas.
448 1654 481 1663 -
506 1621 592 1677 Primi
621 1636 689 1683 ereo

107 1696 235 1766 lapidant
255 1694 404 1752 [lominum
423 1696 536 1759 Jesum;
558 1691 692 1763 qualibet

107 1769 183 1824 enim
199 1768 275 1824 mala
289 1766 422 1839 cogitatio
435 1771 463 1823 et
476 1765 550 1822 mala
563 1764 692 1822 voluutas

107 1847 149 1894 est
162 1856 233 1896 unus
246 1839 318 1912 lapis
330 1839 379 1910 qui
388 1837 492 1911 Jacitur
503 1842 601 1893 contra
614 1850 689 1917 eum.

109 1913 188 1968 Unde
200 1913 275 1968 Beda
291 1930 299 1967 :
316 1934 330 1962 κ
347 1911 491 1979 Quotquot
510 1909 600 1965 malas
615 1923 692 1977 cogr-

107 1983 230 2040 talioues
250 1981 313 2054 quis
332 1982 462 2048 assumit,
480 1980 561 2053 quasi
593 1984 635 2036 tot
651 1977 691 2034 la·

108 2054 190 2127 pides
203 2055 233 2111 in
252 2054 394 2112 Christum
411 2053 497 2110 mittit
512 2071 519 2108 :
538 2073 551 2105 »
566 2054 626 2108 baec
641 2053 694 2106 Be·

108 2127 146 2181 do
164 2128 197 2182 Et
216 2126 279 2182 ideo
299 2128 461 2182 Ambrosias
482 2141 533 2180 nos
549 2124 692 2187 admouet,

110 2196 150 2252 sic
169 2197 266 2254 diceus
281 2215 288 2252 :
306 2197 441 2263 «Videte,
460 2197 572 2258 iratres,
588 2210 624 2250 ne
643 2209 694 2264 per

110 2269 259 2336 operare!
271 2268 458 2338 cogitationes
469 2268 568 2334 malua,
585 2264 693 2336 lapide·

109 2339 145 2395 tis
160 2342 267 2395 lesum.
280 2361 294 2388 u
311 2340 365 2396 Sed
380 2338 467 2406 dices,
479 2338 621 2408 quomodo
636 2342 694 2390 tam

51 2425 55 2433 ’
109 2405 695 2482 gravejudicaturpeccatumcogitationis,

110 2483 174 2538 siml
183 2499 255 2557 opus
267 2499 323 2538 nou
334 2481 478 2554 procedit‘l
488 2482 529 2538 Ad
539 2483 591 2536 boc
603 2479 697 2535 diceu-

111 2555 178 2610 dum
187 2554 262 2626 quod
273 2558 332 2610 tota
343 2553 414 2610 ratio
426 2553 532 2625 peccati
543 2557 586 2609 est
597 2549 626 2606 iu
637 2567 697 2606 cor·

110 2625 160 2692 de;
170 2631 351 2682 actusautem
362 2626 484 2682 exterior
495 2642 550 2681 non
562 2626 698 2695 aggravat

110 2704 256 2767 peccatum
279 2697 333 2752 nisi
348 2697 501 2752 extensive.
513 2699 555 2757 Et,
568 2694 634 2765 quia
646 2697 699 2750 llo-

110 2768 299 2823 minushabet
309 2767 483 2823 domicilium
499 2782 580 2822 suum
594 2766 621 2821 in
634 2783 696 2821 eor·

110 2836 156 2900 de,
167 2839 206 2892 sic
216 2843 368 2894 attestante
380 2837 466 2892 Paulo
476 2838 610 2904 apostolo
623 2855 628 2890 z
644 2840 697 2892 Vos

110 2911 176 2963 estis
189 2910 319 2977 templum
333 2911 382 2962 Dei
394 2911 466 2968 otei:
483 2907 549 2963 hinc
563 2911 607 2961 est
621 2908 696 2975 quod

109 2977 183 3035 sicut
201 2977 330 3035 Christus
349 2976 486 3032 invitatur
501 2978 537 3033 ad
558 2977 695 3047 templum

109 3065 190 3105 suum
208 3065 260 3121 per
281 3047 467 3115 cogitationes
489 3057 519 3106 et
538 3047 696 3104 voluntates

111 3122 212 3183 bonas.
228 3119 269 3176 ita
291 3120 441 3192 expellitur
457 3137 509 3193 per
528 3120 626 3177 molas.
652 3123 693 3185 Et,

109 3196 267 3250 secundum
282 3194 346 3260 hoc,
360 3192 494 3261 quelibet
506 3195 580 3250 mata
596 3193 695 3249 volun·

108 3270 153 3323 tas
167 3273 211 3322 est
223 3264 304 3338 quasi
324 3265 406 3334 lapis,
425 3281 481 3336 quo
499 3265 634 3322 Dominus
648 3266 695 3321 Je-

108 3353 157 3394 sus
171 3337 314 3409 lapidatur
328 3343 355 3393 et
371 3337 520 3409 expellitur
532 3338 569 3393 de
591 3336 694 3408 templo

108 3409 203 3465 auo.0
235 3424 298 3465 uam
313 3409 479 3466 detestabile
492 3414 534 3466 est
544 3411 693 3465 Dominum

109 3426 360 3550 noxiosissimum
369 3487 397 3538 et
407 3483 510 3553 ejicere
523 3480 559 3537 de
572 3482 623 3538 bos
645 3481 694 3536 itio

108 3566 160 3607 auo
178 3552 185 3607 i
201 3553 281 3620 Nam,
302 3553 374 3608 sicut
398 3554 495 3609 subdit
519 3497 692 3624 apostolos:

107 3623 175 3690 Qrtis
188 3639 332 3678 consensus
345 3626 441 3694 templi
454 3627 504 3680 Dei
515 3642 575 3680 cum
589 3625 694 3679 idolis?

107 3691 179 3762 Quid
200 3702 294 3749 autem
314 3693 390 3748 aliud
413 3702 481 3751 suut
507 3698 693 3761 cogitationes

106 3780 180 3891 am
188 3765 252 3835 quis
261 3763 364 3819 lormat
374 3766 401 3819 in
412 3766 496 3821 corde
507 3769 585 3838 quasi
597 3782 693 3838 quam·

127 3851 172 3891 am
191 3833 423 3903 imaginationem
441 3842 540 3893 contra
555 3839 691 3893 honorem

107 3909 168 3971 Dei,
180 3906 233 3964 nisi
245 3903 376 3978 quadam
387 3905 487 3963 idola?
503 3909 535 3963 Et
549 3923 612 3963 cum
628 3908 692 3963 tati-

107 3979 162 4035 bus
176 3978 271 4047 idolis‚
285 3979 414 4035 Christus
429 3977 456 4034 in
471 3979 571 4034 eodem
588 3979 691 4047 templo

106 4051 235 4108 habitare
245 4050 425 4124 dedignatur.
440 4050 518 4108 Unde
529 4050 565 4105 ad
581 4067 691 4106 conser-

105 4123 228 4179 vandam
246 4126 313 4180 lesu
334 4121 438 4179 Christi
458 4124 640 4195 presentiam
662 4122 690 4178 iu

104 4193 209 4263 templo
234 4210 298 4262 suo,
316 4196 447 4250 hortatur
469 4211 521 4250 nos
543 4194 691 4265 Apostolus

104 4263 202 4321 Petrus
220 4283 227 4323 ;
245 4269 399 4333 Dominum,
412 4265 515 4340 inquit,
525 4269 617 4322 lemn
628 4282 689 4322 soa·

362 304 364 308 ’
428 300 544 357 'Piillldi
572 299 691 356 rantis
719 297 757 350 ul
782 295 822 349 li‘l
849 286 1010 346 Lxxxvtt

746 413 862 481 clipeata
871 409 902 462 in
916 402 1058 462 cordibae
1071 401 1198 458 uestris.
1211 397 1264 456 llle
1274 394 1353 481 boni·

746 498 815 540 num
830 482 926 538 lesum
947 476 980 533 in
998 474 1098 531 eorde
1115 488 1176 533 suo
1191 469 1353 535 sanctificat,

746 553 792 628 qui
814 553 883 609 nihil
901 548 956 606 nisi
978 547 1062 613 quod
1085 549 1247 610 sanctum,
1262 549 1292 599 et
1308 543 1353 598 ileo

747 626 878 700 placitum
895 627 946 688 est,
964 619 996 676 iu
1014 617 1115 675 corde
1130 619 1248 674 versat.

786 721 816 754 ιο
827 698 899 753 snm
908 710 962 750 auu
973 707 1162 747 narrentanas
1173 706 1234 745 one
1242 705 1292 744 rea
1301 702 1353 741 eai-

747 785 889 828 sraaumu.
908 762 1098 821 -Secundi
1117 761 1261 830 lapidant
1274 756 1353 816 Domi

747 858 816 900 num
834 842 932 897 lesum
951 833 1185 907 multipliciter,
1206 830 1352 889 secundum

746 912 822 987 quod
849 909 1031 978 blasphemia
1069 907 1102 962 in
1141 908 1244 963 Deum
1271 902 1353 960 multis

748 983 841 1043 modis
852 977 1053 1039 committitur.
1066 977 1180 1036 Primo
1190 976 1273 1035 enim
1282 974 1352 1031 modo

748 1051 945 1120 committitur,
962 1051 1089 1123 quando
1112 1053 1180 1108 Deo
1203 1049 1353 1119 denegatur

747 1128 822 1201 quod
839 1124 893 1183 sibi
912 1122 1062 1187 convenit,
1079 1120 1164 1180 sicut
1179 1120 1233 1194 qui
1248 1122 1353 1202 negaret

748 1202 776 1257 iu
786 1202 843 1256 Deo
854 1193 1101 1265 omnipotentiam
1126 1198 1159 1252 et
1172 1208 1296 1251 omnem
1309 1208 1353 1247 scr·

747 1271 865 1337 entiam,
881 1267 925 1326 vel
941 1265 1181 1339 providentiam,
1204 1274 1265 1322 etc.
1282 1268 1313 1321 Et
1324 1263 1353 1319 ad

747 1345 823 1400 haur.
842 1341 964 1413 speciem
983 1337 1193 1410 buspnemiae
1215 1337 1353 1410 pertinent

747 1415 799 1484 illi,
809 1415 857 1486 qui
869 1412 899 1470 iu
912 1410 1039 1468 adversis
1052 1410 1255 1467 successibus
1265 1410 1351 1466 dicunt

747 1486 777 1543 in
794 1485 889 1542 animo
903 1499 953 1539 suo
969 1500 977 1539 ι
994 1482 1073 1538 Vere
1096 1483 1183 1540 Deus
1204 1498 1265 1538 nou
1282 1485 1350 1537 circat

748 1575 795 1615 res
811 1560 961 1619 humanas,
976 1553 1020 1610 vel
1039 1553 1155 1610 similia
1171 1574 1180 1620 ;
1198 1555 1238 1611 de
1258 1552 1350 1626 quibus

748 1630 847 1687 dicunt
866 1628 1041 1697 tenestinae
1063 1632 1187 1698 etpost
1209 1641 1278 1683 eum
1294 1627 1349 1681 aa

748 1702 855 1758 nardus
870 1719 878 1756 ε
896 1718 910 1753 a
928 1698 980 1767 Qui
996 1695 1107 1753 vellent
1124 1699 1226 1754 Deum
1244 1702 1348 1768 peccata

748 1790 800 1830 sua
830 1777 878 1829 aut
906 1767 1053 1826 vindicare
1082 1784 1145 1826 nou
1184 1785 1283 1838 posse,
1306 1772 1348 1824 aut

749 1843 835 1903 nolle.
853 1848 950 1899 autea
966 1838 1090 1897 nescire.
1108 1840 1182 1897 Vult
1199 1857 1273 1909 erno
1290 1854 1347 1895 eun

751 1933 807 1974 non
820 1931 882 1972 esse
897 1916 998 1980 Deum,
1009 1910 1071 1984 qui,
1084 1919 1237 1982 quantum
1250 1912 1280 1968 in
1293 1910 1347 1983 ipso

749 1995 802 2055 est,
820 1987 881 2043 vult
905 2001 971 2043 eum
996 1988 1045 2039 aut
1074 1982 1289 2052 impotentem,
1304 1988 1347 2039 aut

750 2059 897 2127 injustum,
911 2063 960 2114 aut
976 2054 1165 2126 insipientem
1188 2072 1264 2112 esse.
1281 2056 1347 2113 cm-

752 2131 821 2187 delis
834 2129 928 2199 plane.
939 2135 968 2184 et
979 2126 1099 2184 omnino
1114 2134 1261 2184 extranea
1272 2125 1344 2183 mali·

750 2202 800 2267 tia,
816 2218 879 2269 quae
905 2199 955 2258 Dei
972 2199 1143 2265 potentiam,
1155 2198 1306 2269 justitiam
1320 2201 1345 2254 et

751 2272 919 2344 sapientiam
935 2270 1029 2341 perire
1047 2269 1215 2326 desiderati
1233 2269 1286 2338 Qui
1299 2285 1344 2327 au·

751 2352 809 2402 tem
834 2344 893 2399 ruit
919 2346 1008 2399 Deum
1027 2357 1087 2398 esse
1116 2340 1275 2412 iniustum,
1290 2339 1346 2397 ruit

753 2419 841 2474 Deum
857 2431 914 2471 non
930 2430 992 2471 esse
1010 2415 1117 2480 Deum3
1136 2418 1168 2469 et
1186 2411 1238 2484 qui
1259 2414 1344 2470 Deum

753 2488 897 2545 desiderat
915 2503 969 2543 non
994 2500 1065 2549 esse,
1080 2500 1183 2541 nonne
1207 2490 1344 2556 quantum

754 2560 783 2615 in
803 2575 833 2615 se
848 2563 891 2614 est
906 2560 994 2614 Deum
1011 2555 1119 2628 lapidat
1133 2562 1162 2612 et
1183 2556 1291 2613 oceidit
1303 2558 1317 2612 l
1328 2576 1342 2605 ι

753 2632 814 2687 hac
840 2630 1007 2686 Bernartius.
1032 2659 1065 2670 -
1083 2629 1221 2685 Secundo
1248 2626 1342 2695 modo,

753 2700 932 2770 blasphemia
957 2700 987 2756 iu
1015 2700 1105 2755 Deum
1135 2699 1342 2763 committitur,

754 2774 866 2846 quando
879 2776 936 2830 lieo
946 2771 1112 2829 attribuitur
1122 2772 1202 2843 quod
1217 2772 1272 2829 sibi
1288 2786 1342 2828 nou

754 2843 903 2911 convenit3
920 2843 991 2899 sicut
1006 2842 1046 2898 illi
1068 2840 1115 2911 qui
1137 2841 1241 2899 dicunt
1256 2844 1343 2900 Deum

753 2933 815 2973 esse
828 2923 973 2972 auctorem
989 2911 1107 2981 peccati.
1123 2913 1164 2969 td
1181 2931 1272 2983 quam
1285 2930 1343 2986 spe-

754 2986 826 3044 ciem
853 2987 1034 3059 blasphemiae
1048 2983 1197 3057 portinent
1221 2985 1274 3055 illi,
1296 2984 1340 3114 pri

754 3065 869 3128 peccata
884 3076 934 3115 sua
950 3060 977 3114 in
993 3060 1082 3114 Deum
1098 3061 1283 3130 retorquent,
1320 3055 1341 3113 i·

753 3136 849 3187 ceutes
865 3148 871 3186 τ
889 3132 962 3185 ilaus
985 3128 1026 3185 sic
1041 3127 1131 3184 voluit
1145 3135 1177 3184 ut
1192 3129 1339 3187 adultera·

751 3219 808 3273 rer,
820 3202 864 3259 vel
879 3201 1000 3261 iurarcr.
1015 3200 1058 3256 rel
1077 3199 1252 3265 occiderem.
1268 3206 1298 3258 et
1311 3203 1341 3258 ut

750 3273 791 3330 sic
816 3273 1005 3330 confunderer
1029 3277 1058 3329 et
1080 3272 1229 3337 turbarer:
1246 3277 1276 3330 et
1302 3271 1340 3328 ita

751 3343 846 3402 omnia
857 3345 914 3402 lato
927 3343 1102 3401 adscribunt.
1112 3342 1154 3399 Ad
1164 3343 1241 3401 haue
1254 3345 1339 3400 etiam

750 3415 896 3487 pertinent
922 3416 1040 3480 lusores,
1057 3413 1116 3487 qui.
1132 3429 1198 3471 cum
1227 3432 1286 3472 non
1305 3415 1340 3472 ad

749 3485 1339 3559 votumprosperantur,Deomaledicunt,

750 3564 778 3616 et
791 3558 915 3616 convitia
930 3561 958 3615 in
978 3560 1096 3616 Sanctos
1110 3558 1279 3629 proterunt3
1303 3561 1340 3615 si-

750 3631 855 3687 militer
872 3638 901 3688 et
926 3630 965 3687 illi
990 3629 1038 3696 qui
1059 3631 1158 3702 jurant
1182 3644 1236 3693 ner
1252 3632 1338 3689 Deum

748 3700 842 3759 verbis
861 3702 1082 3760 exsecrabilibus
1102 3707 1130 3758 et
1153 3699 1338 3775 vituperato,

749 3773 857 3830 scilieet
872 3792 879 3831 :
894 3791 945 3846 per
957 3790 1040 3830 nares
1051 3772 1111 3836 Dei,
1121 3787 1172 3843 per
1180 3773 1266 3842 jecur
1277 3773 1338 3840 Dei,

748 3846 792 3902 rel
815 3861 864 3915 per
883 3843 1000 3903 brachia
1015 3845 1076 3912 Dei,
1092 3850 1121 3901 et
1140 3843 1338 3916 similiaque

749 3923 815 3974 suut
841 3916 1026 3974 exsecrabilia
1050 3914 1170 3972 auditui.
1195 3948 1218 3956 —
1243 3916 1339 3974 Tertio

749 3988 845 4057 modo,
861 3987 1037 4060 blasphemia
1050 3986 1080 4044 iu
1099 3989 1189 4044 Deum
1204 3991 1339 4047 commit·

748 4064 832 4121 titur.
860 4061 975 4132 quaudo
1003 4060 1073 4116 illud
1100 4058 1177 4131 quod
1205 4059 1258 4117 Dei
1285 4066 1337 4131 est,

748 4130 851 4202 aliquis
870 4131 922 4189 sibi
938 4130 981 4188 rel
1001 4130 1083 4188 alteri
1098 4135 1239 4188 creaturae
1255 4133 1339 4190 attri-

749 4203 829 4270 buit;
864 4202 936 4260 sicut
967 4201 1019 4268 itti,
1040 4201 1089 4275 qui
1119 4200 1173 4258 sibi
1207 4201 1339 4263 divinum

748 4274 887 4337 honorem
913 4290 1051 4347 usurpare
1079 4283 1338 4349 praesumpserunt,
