2880 4942
110 378 152 431 iat

109 499 141 540 er
161 481 318 553 oseipsum
337 480 410 535 bene
434 475 559 547 disponit
581 491 692 546 regere,

109 498 208 612 sedeat
221 555 249 608 in
263 551 333 608 solio
347 547 445 621 judicii
459 547 616 604 discutiens
631 562 693 602 oin-

110 627 159 682 nia
173 640 260 696 opera
273 619 402 689 sua,utsi
414 618 481 691 quid
491 618 694 687 intermisceat,

110 694 291 754 discretionis
320 690 424 748 intuitu
454 689 523 747 illud
555 689 694 761 dissipet,

110 767 247 841 quonlam
263 763 309 837 qui
325 778 445 836 regnum
460 777 543 818 suum
555 762 627 818 bene
644 761 696 817 ad·

110 839 265 907 ministrat,
282 837 383 892 merito
413 850 462 891 rex
484 832 598 890 dicitur.
616 832 696 890 Unde

110 912 210 970 Seneca
228 929 234 967 :
254 930 267 960 i
287 909 336 964 Vis
362 906 470 963 habere
490 920 625 977 magnum
647 906 698 960 ho·

109 999 224 1051 noreui;
241 980 315 1037 dabo
328 978 379 1035 libi
407 976 570 1050 imperium,
586 976 698 1103 imgera

111 1052 173 1110 tibi.
190 1074 203 1105 ll
219 1054 270 1121 Qui
288 1067 356 1107 vero
372 1049 447 1106 male
466 1064 587 1120 regnum
605 1065 622 1104 a
644 1064 697 1104 mi·

111 1124 226 1193 nistral,
239 1139 296 1180 nou
308 1138 367 1191 rex,
383 1121 433 1178 sed
447 1122 568 1190 Repetas
582 1119 636 1177 dici
651 1120 699 1176 de·

112 1197 169 1256 bet.
187 1195 308 1264 Quilibet
325 1193 365 1250 ila
384 1197 519 1276 peccator
533 1196 628 1264 potest
642 1190 699 1248 dici

112 1268 237 1341 Regulus
263 1264 441 1335 diminutive,
458 1263 524 1336 quia
547 1264 644 1319 delicit
668 1263 699 1318 in

112 1339 258 1412 suiipsius
273 1335 432 1408 reginiine;
453 1341 481 1391 et
499 1341 567 1391 tunc
582 1336 643 1406 ejus
661 1335 698 1390 tl·

113 1411 168 1469 lius
186 1412 358 1476 infirmatur,
377 1406 491 1479 quando
517 1405 621 1462 rationi
637 1422 701 1462 sen·

113 1481 204 1538 sibilis
220 1479 362 1552 appetitus
375 1476 576 1543 contrariatur,
592 1477 640 1548 qui
656 1477 701 1533 de·

113 1553 162 1610 het
185 1553 301 1608 obedire
324 1547 439 1618 rationi,
460 1549 531 1603 sicut
556 1548 631 1604 lilius
649 1564 699 1604 suo

134 1622 204 1689 atri;
233 1622 283 1678 secl
309 1636 374 1676 euin
392 1620 478 1675 homo
495 1634 547 1691 per
559 1619 700 1687 rationem

114 1639 258 1753 daciscum
283 1691 409 1748 fideliter
433 1691 615 1762 deprecatur,
635 1696 701 1747 tune

114 1765 167 1823 iste
182 1764 329 1837 tilius,per
343 1764 476 1818 virtutem
493 1761 606 1829 Christi,
621 1778 702 1818 sana·

113 1842 172 1907 tur,
194 1853 245 1908 per
273 1851 359 1907 quein
387 1832 532 1891 sensibilis
559 1834 702 1906 appetitus

115 1910 168 1968 suh
183 1907 283 1965 ordine
309 1905 433 1963 rationis
456 1906 622 1963 collocatur.
639 1909 702 1978 lpsa

115 1996 184 2055 ergo
211 1981 284 2037 ratio
312 1995 362 2036 rex
391 1976 485 2035 estin
513 1995 613 2050 regno,
639 1994 703 2050 quie

113 2053 188 2111 bene
208 2069 257 2109 rex
272 2050 376 2108 dicitur
391 2067 398 2106 ι
412 2049 479 2122 quia
492 2054 584 2108 totuin
601 2066 703 2121 corpus

114 2123 240 2182 hominis
260 2139 311 2195 per
325 2138 389 2179 eam
403 2121 513 2192 regitur
535 2129 564 2178 et
584 2122 704 2177 allectus

116 2195 242 2253 hominis
257 2195 293 2250 ab
320 2209 355 2250 ca
374 2192 506 2263 dirigitur
521 2197 550 2249 et
566 2192 703 2249 interma-

115 2272 181 2333 tur;
206 2279 317 2320 necnon
343 2266 371 2318 et
390 2262 468 2330 lilio,
494 2263 600 2319 scilicet
629 2263 703 2320 viros

117 2336 232 2405 animae,
256 2348 320 2390 cam
341 2338 508 2404 sequuntur.
535 2334 591 2391 Sed
618 2350 704 2406 quan-

116 2408 210 2480 doque
235 2404 338 2461 dicitur
362 2405 493 2475 Regulus,
519 2404 633 2476 quaudo
653 2405 704 2461 sci-

725 484 728 511 l

464 371 580 425 ritule
607 369 728 423 riills
757 369 862 421 ciros
891 367 979 421 lxiii

754 490 833 543 vcra,
850 473 968 546 simplex
987 477 1016 529 et
1038 472 1169 544 integra3
1185 477 1212 529 ct
1231 477 1291 530 tres
1314 470 1344 528 iii

755 545 963 614 satislartione,
978 543 1084 601 scilicet
1096 563 1103 600 :
1112 544 1264 617 jejunium,
1280 561 1345 601 ora·

755 617 794 674 tio
811 622 838 674 et
853 617 1043 689 eleemosyna.
1057 618 1121 673 istae
1137 622 1246 688 septem
1262 617 1344 672 horae

755 689 954 762 significantur
968 689 998 744 in
1011 688 1084 746 libro
1104 691 1221 761 Regum,
1237 687 1284 744 ubi
1300 687 1344 744 di·

756 761 829 818 citur
843 762 920 832 quod
936 776 1007 831 puer
1019 761 1054 816 ab
1069 759 1170 817 Elizaeo
1184 758 1344 816 resuscita·

756 839 801 889 tus
830 832 963 889 oscitavit
992 831 1107 904 septies,
1138 837 1166 888 et
1192 830 1279 887 rediit
1310 830 1347 887 ad

755 903 843 961 vitam
860 922 867 960 :
885 904 953 976 quia
975 903 1038 959 istis
1060 910 1168 985 septem
1184 902 1352 973 resurgitur

755 975 878 1049 aportis
898 975 998 1033 mortis
1016 975 1167 1032 advitam.
1184 974 1237 1030 Ubi
1261 976 1348 1030 Tlreo·

753 1050 874 1121 philus:
893 1047 1050 1119 «Regulus
1070 1051 1113 1103 est
1136 1046 1344 1114 omnishomo,

756 1136 814 1177 non
843 1120 934 1178 solum
959 1118 1025 1191 quia
1054 1116 1125 1190 Regi
1147 1117 1346 1174 universorum

756 1190 944 1264 propinquus,
960 1190 1116 1247 secuudum
1140 1190 1277 1258 animam,
1287 1188 1346 1245 eiii·

756 1264 825 1332 stit3
850 1264 901 1320 sed
923 1263 990 1336 quia
1012 1267 1040 1318 et
1063 1262 1125 1344 ipse
1143 1276 1229 1332 super
1249 1259 1347 1317 omnia

756 1335 946 1410 principatum
969 1338 1101 1406 sumpsit:
1120 1334 1202 1404 cujus
1222 1331 1349 1400 lilius,id

758 1412 801 1464 est
814 1424 905 1476 mens,
922 1405 1064 1463 iehricital
1073 1403 1267 1486 voluptatibus
1279 1419 1347 1476 pra·

756 1478 801 1535 vis
822 1484 851 1535 et
872 1477 1032 1535 desideriis.
1050 1477 1164 1533 Accedit
1186 1480 1282 1532 autem
1311 1475 1347 1531 ail

757 1553 855 1608 lesum
876 1555 905 1606 et
925 1550 1095 1620 deprecatur
1122 1552 1153 1604 ut
1176 1546 1344 1607 descendat.

758 1621 851 1678 idest
872 1626 904 1677 ut
920 1622 1113 1677 condescensu
1140 1617 1347 1676 misericordiae

759 1697 865 1762 utatur,
882 1697 910 1748 et
923 1692 1047 1764 peccatis
1064 1696 1163 1764 parcat
1177 1690 1346 1772 priusquam

759 1782 777 1822 a
796 1764 973 1835 voluptatum
1001 1762 1168 1819 infirmitate
1189 1762 1346 1818 mortillce·

759 1840 815 1893 tur.
830 1835 885 1892 Sed
899 1835 1037 1892 Dominus
1051 1834 1138 1891 dicit:
1154 1834 1244 1902 Vade,
1259 1833 1288 1889 id
1303 1837 1348 1889 est

759 1908 917 1980 proiectum
943 1906 1107 1963 continuum
1136 1905 1212 1961 circa
1238 1906 1347 1962 bonum

760 1979 906 2049 ostendas,
918 1984 946 2035 el
961 1984 1028 2034 tunc
1043 1977 1119 2033 tilius
1134 1982 1200 2033 tuus
1215 1975 1301 2033 viret.
1318 1973 1347 2032 Si

761 2056 857 2108 autem
873 2050 1020 2107 ambulare
1035 2049 1202 2116 cessaveris,
1230 2045 1350 2104 mortiti-

760 2122 872 2179 cabitur
884 2121 935 2179 tibi
951 2121 1110 2178 intellectus
1122 2120 1196 2176 circa
1206 2118 1275 2177 boni
1286 2134 1352 2192 ope-

760 2193 954 2250 rationemm:
979 2213 993 2246 l)
1021 2194 1083 2249 hacc
1109 2193 1287 2263 Theophilus.
1313 2218 1350 2232 -

761 2264 892 2333 Quotidie
906 2265 990 2321 etlam
1002 2265 1126 2337 Regulus
1137 2280 1188 2335 pro
1200 2263 1259 2319 silio
1273 2262 1352 2318 inllr·

760 2352 807 2417 mo
822 2337 947 2392 sanando
960 2336 1123 2405 intercedit,
1135 2337 1202 2392 dum
1214 2334 1349 2418 praelatus

760 2422 880 2537 qutsffiutl
894 2423 1006 2480 prosuo
1024 2408 1137 2465 subdito
1152 2406 1239 2464 variis
1255 2409 1352 2462 tenta·

115 2478 182 2537 licet
219 2475 387 2535 diminuitur
416 2474 445 2533 in
470 2476 643 2548 cognitione,
675 2483 703 2535 et
759 2478 831 2536 tioni
855 2478 1353 2552 usdepravato,utaltominosane·

116 2552 237 2635 obscure
269 2548 397 2622 sequitur
427 2547 607 2632 inordinatas
636 2564 702 2632 pas·
759 2556 817 2621 tur,
843 2567 943 2624 preces
973 2551 1111 2609 effundit.
1131 2550 1263 2606 lullrmus
1281 2564 1351 2606 rero

116 2639 223 2692 siones,
240 2627 268 2680 et
295 2638 353 2678 non
378 2626 486 2677 resistit
508 2638 567 2689 eis3
593 2626 621 2677 et
638 2622 703 2679 ideo
760 2629 878 2680 sanatur
891 2624 1024 2696 dum‚per
1041 2623 1152 2705 culpam
1167 2622 1350 2696 depravatus,

117 2694 193 2752 lilius
208 2696 280 2766 ejus,
296 2692 326 2749 id
339 2693 692 2761 estallectus,iul1rmalur

116 2765 147 2822 id
162 2771 204 2821 est
219 2765 350 2820 deviato
374 2765 451 2820 bono
475 2768 503 2819 et
527 2763 648 2820 declinat
667 2736 704 2820 ad

116 2837 236 2892 malum.
252 2835 280 2891 Si
296 2834 372 2890 enim
392 2835 465 2890 ratio
481 2834 583 2890 luisset
597 2851 657 2903 rex,
674 2835 704 2891 id

117 2912 161 2964 est
173 2905 264 2975 fortis,
279 2903 355 2960 lilius
379 2905 440 2976 ejus
462 2920 520 2960 non
538 2904 702 2962 infirmare-

760 2711 812 2822 ὕει’
826 2695 948 2767 gratiam
966 2696 1003 2752 nd
1024 2696 1165 2767 justitiam
1188 2698 1348 2751 revocatur.

786 2767 903 2823 ebemus
913 2783 982 2838 ergo
997 2783 1100 2838 rogare
1114 2769 1241 2822 Deumut
1256 2780 1274 2822 a
1288 2778 1352 2836 pec·

760 2837 831 2894 catis
841 2855 974 2895 sanemur
984 2856 990 2895 ε
1001 2838 1068 2910 quia
1080 2837 1172 2893 nullus
1185 2853 1236 2908 per
1247 2852 1277 2893 se
1288 2840 1352 2907 pot·

761 2913 804 2965 est
823 2909 858 2965 ad
878 2913 982 2966 statum
1002 2910 1096 2967 redire
1112 2908 1242 2981 justitiae,
1260 2905 1350 2964 nisia

115 2983 182 3046 tur;
197 2977 248 3033 sed
261 2974 328 3047 quia
344 2973 464 3046 Regulus
479 2978 532 3042 est,
549 2975 614 3033 ideo
628 2976 704 3034 lilius
732 2972 735 2997 ¹
760 2982 819 3037 Deo
834 2986 959 3038 sanetur.

117 3050 180 3122 ejus
195 3048 367 3105 intlrmatur.
388 3046 468 3103 Serri
491 3047 612 3104 rationis
637 3053 704 3105 sunt

797 3056 813 3107 6
828 3053 925 3110 Cicsn
939 3072 1080 3112 runcinus
1091 3071 1256 3112 sriuiruiuis
1269 3070 1355 3110 iurii-

117 3135 205 3203 opera
228 3115 365 3189 hominis,
381 3117 447 3190 quia
477 3118 563 3176 homo
587 3124 631 3176 est
652 3120 703 3177 do·
760 3141 877 3180 riuiris.
893 3156 922 3166 -
942 3127 973 3181 ln
997 3128 1051 3183 lioc
1064 3131 1160 3184 autem
1178 3125 1256 3198 quod
1270 3128 1353 3196 infir·

117 3207 213 3250 minus
241 3196 355 3249 actuum
381 3206 515 3260 suorum;
534 3197 563 3248 et
585 3192 704 3249 allectus
760 3197 890 3253 molatur
913 3198 1118 3269 Goplornoem,
1139 3203 1275 3254 notantur
1297 3195 1355 3253 tria

117 3264 220 3348 partis·
235 3263 390 3346 sensitirae,
408 3261 641 3348 quiaobediunt
655 3281 703 3321 ra·
761 3283 825 3352 quaa
845 3272 911 3325 sunt
925 3285 1010 3327 causa
1026 3269 1183 3342 spiritualis
1200 3268 1353 3325 intlrmita-

118 3343 188 3394 tioni
213 3341 365 3421 imperanti
381 3340 410 3418 et
429 3335 572 3407 dirigenti.
591 3339 641 3418 lsti
655 3353 706 3394 au·
761 3345 808 3397 tis.
825 3341 1026 3413 Capharnaum
1045 3341 1122 3399 enim
1149 3341 1356 3413 interpretatur

119 3412 176 3491 tem
189 3426 262 3492 servi
277 3412 451 3490 annuntiant
464 3407 544 3491 quod·
558 3408 634 3465 illius
650 3411 704 3465 Re·
762 3429 828 3482 aper
848 3415 1039 3486 pinguedinis,
1066 3414 1108 3470 rel
1131 3415 1203 3469 cillo
1229 3414 1354 3469 consolo-

118 3481 187 3553 guli,
203 3482 310 3564 scilieet
336 3485 465 3550 rationis,
490 3483 568 3562 viril,
589 3481 705 3552 quando
762 3487 856 3549 tionis,
868 3490 930 3543 erat
940 3486 1027 3543 etiam
1040 3484 1139 3542 civitas
1153 3483 1249 3554 magni
1264 3484 1354 3541 hono-

119 3551 226 3608 relucet
245 3569 275 3633 in
298 3568 384 3623 opere
403 3549 704 3633 quodriresinierio-
762 3555 812 3622 ris.
841 3558 880 3612 Ex
904 3558 1007 3629 quilius
1036 3558 1159 3614 habetur
1187 3556 1354 3629 quodsaepe

119 3636 167 3677 res
188 3624 326 3703 obediunt
350 3623 467 3704 rationi.
483 3653 517 3663 -
535 3625 589 3679 Per
604 3624 705 3679 liorem
762 3627 1353 3700 causaspiritualisinlirmitatisestabun·

120 3697 425 3773 aule·m·srptimam,in
441 3708 499 3764 qua
510 3710 580 3765 puer
594 3710 611 3749 a
626 3694 705 3750 febre
763 3696 861 3754 dantia
883 3714 978 3756 rerum
994 3699 1206 3772 temporalium,
1221 3704 1249 3755 et
1263 3698 1354 3756 nimia

121 3762 285 3843 dimittitur,
316 3767 464 3845 signantur
492 3770 601 3835 septem
631 3765 707 3820 dona
762 3768 920 3825 consolatio
937 3772 1095 3842 mundana,
1114 3777 1142 3828 et
1158 3770 1248 3827 nimia
1275 3771 1353 3827 exal·

121 3834 244 3914 Spiritus
259 3833 373 3914 'Sancta
389 3850 419 3889 m
434 3848 490 3917 quo
505 3850 590 3917 omne
605 3850 706 3916 pecca-
762 3838 833 3896 tatio
850 3845 980 3913 terreua;
996 3843 1063 3915 quia
1075 3859 1213 3915 prospera
1228 3842 1292 3914 plus
1307 3858 1356 3898 no-

121 3910 181 3988 tum
197 3905 359 3974 dimittitur,
375 3909 404 3961 et
425 3909 483 3961 vita
504 3907 659 3977 spiritualis
677 3906 706 3963 in
762 3915 828 3968 cent
855 3911 974 3982 homini,
1002 3930 1086 3986 quam
1112 3915 1242 3971 adversa.
1275 3913 1355 3970 Unde

121 3993 219 4035 amma
244 3980 367 4058 creatur,
388 3991 420 4033 ae
446 3981 506 4033 tota
529 3982 557 4034 et
580 3979 707 4050 perlecta
761 3985 871 4040 Boetius
896 4003 936 4040 :ii
958 3985 1024 4042 Plus
1042 3986 1208 4043 hominibus
1224 4002 1291 4043 reor
1305 3986 1357 4042 ad-

123 4052 201 4107 salus
229 4053 333 4131 mentis
360 4053 389 4105 et
414 4050 542 4120 corporis
565 4049 704 4108 consistit.
761 4069 884 4124 versam,
910 4071 995 4127 quam
1023 4074 1191 4131 prosperam
1219 4057 1358 4131 prodesse

123 4123 205 4178 llorm
221 4126 306 4177 etiam
322 4125 431 4193 septem
446 4119 548 4192 quibus
561 4120 657 4178 anima
670 4122 706 4180 de
762 4125 915 4183 fortunam.
932 4148 947 4178 »
965 4129 1044 4185 Unde
1059 4135 1087 4186 et
1105 4133 1230 4188 Seneca:
1248 4132 1356 4186 «Tunc

121 4199 238 4265 peccato
268 4209 330 4277 per·
343 4192 541 4266 paenitentiam
554 4195 704 4277 resurgit,
762 4196 883 4255 consilia
897 4198 1033 4257 salutaria
1048 4201 1232 4269 advocarem
1246 4199 1297 4258 libi
1313 4199 1357 4256 al·

122 4271 241 4346 possunt
253 4265 308 4323 dici
323 4271 385 4349 istee
403 4283 410 4323 :
426 4281 482 4323 una
496 4269 540 4323 est
553 4282 583 4322 in
597 4266 704 4323 contri·
763 4268 835 4326 ludit
854 4269 918 4326 vitae
935 4273 1120 4344 prosperitas.
1142 4276 1222 4330 Tunc
1236 4278 1265 4330 te
1280 4272 1357 4328 velut

124 4338 221 4405 tione3
238 4339 297 4395 tres
322 4354 351 4395 in
373 4338 562 4408 confessione,
578 4351 642 4410 quae
661 4344 706 4397 est
762 4338 792 4396 in
806 4340 914 4400 lubrico
925 4343 1089 4419 sustinebis,
1104 4360 1138 4403 ac
1153 4345 1255 4403 sistere
1271 4358 1358 4403 eona-

84 4502 264 4656 Ἰ
