2880 4942
324 117 365 170 DE
393 109 571 169 PATIENTIA
598 109 632 163 iii
658 107 826 164 torsssrs
854 111 1022 170 ulosnb'l.
1257 117 1290 173 45

54 230 164 291 sedisti
176 232 270 285 tantos
284 229 347 295 post
360 221 486 279 auditam
493 216 645 274 veritatem

55 301 244 377 repellebant,
260 303 289 353 et
304 310 359 352 non
378 299 420 349 est
434 285 646 370 dubiumquod

55 375 171 450 navins
184 376 329 443 peecatum
351 371 393 421 est
417 378 520 435 negare
541 366 645 415 netum

55 444 262 504 seminantibus
285 436 451 509 spiritualia,
475 432 577 514 quibus
602 437 645 512 te·

55 523 162 575 nentur
177 515 306 571 homines
320 511 354 565 de
366 510 432 580 jure
449 505 585 573 naturali,
601 502 645 558 dr-

54 590 122 646 rino
141 595 168 644 et
186 588 320 651 humano,
337 595 422 652 quam
449 591 566 634 manum
589 589 646 630 non

55 659 203 733 porrigere
229 671 319 728 egeno
341 648 473 723 simplici,
488 645 647 720 spiritualia

56 747 115 790 non
129 729 303 786 seminanti:
326 726 375 781 Coi
397 723 502 778 etenim
531 722 647 776 multum

56 804 156 860 Mtem
183 806 234 867 est,
261 798 380 852 multum
404 797 541 864 queretur
554 793 590 847 nb
606 805 646 845 eo.

55 874 137 932 Unde
154 874 194 928 ait
213 870 288 927 Beda
304 887 312 922 :
328 886 342 919 n
358 865 522 931 Sodomitae,
536 864 588 918 etsi
604 864 647 918 in·

55 945 216 1015 hospitales
230 941 346 1006 luerint,
361 936 436 992 inter
448 941 542 992 cetera
555 932 650 990 carnis

56 1017 224 1084 animaeque
237 1010 355 1082 flagitia,
371 1008 441 1063 nulli
455 1014 551 1063 tamen
574 1005 649 1077 apud

55 1103 110 1146 eos
130 1086 200 1143 tales
219 1085 342 1153 hospites
358 1079 454 1151 quales
467 1078 593 1150 Apostoli
608 1094 651 1135 re·

57 1159 133 1232 perti
154 1164 229 1211 sunt.
247 1157 281 1210 Et
303 1152 375 1210 Loth
392 1152 517 1222 quidem,
533 1157 649 1221 aspectu

58 1236 88 1289 et
102 1229 202 1287 auditu
213 1230 306 1299 iustus
320 1231 381 1280 erat
394 1241 403 1292 ;
421 1239 478 1279 non
494 1229 589 1278 tamen
610 1221 649 1278 ihi

58 1301 167 1373 aliquid
197 1298 323 1355 docuisse
351 1301 400 1352 ant
435 1295 516 1366 signa
549 1295 648 1350 iecisse

95 1372 236 1428 rhihetur.
268 1390 281 1421 n
302 1369 380 1425 Unde
402 1372 430 1423 et
445 1368 585 1434 sementes
606 1384 646 1420 :i

80 1443 227 1517 pecialiter
240 1446 335 1496 tamen
352 1440 538 1497 Sodomorum
554 1446 581 1494 et
596 1437 647 1493 Go

59 1516 268 1574 morrhaeorum
284 1513 456 1568 mentionem
468 1511 545 1581 lacit,
560 1515 649 1581 utper

59 1586 116 1644 hoc
146 1589 331 1655 demonstret,
365 1585 433 1665 quia
457 1585 505 1639 illa
532 1588 649 1654 peecata

60 1664 128 1717 sunt
146 1660 203 1713 er
228 1657 316 1727 magis
340 1655 467 1724 odibilia,
487 1670 551 1725 que
577 1653 650 1711 liunt

62 1736 163 1787 eontra
190 1734 333 1796 naturam,
356 1743 406 1796 pro
424 1727 527 1798 quibus
542 1728 652 1783 deletus

61 1808 107 1858 est
120 1801 241 1857 mundus
261 1799 343 1870 aquis
365 1799 461 1854 diluvii
477 1807 505 1855 et
529 1804 651 1871 quatuor

63 1873 192 1930 civitates
215 1872 381 1939 submersa,
396 1877 424 1924 et
449 1872 569 1927 mundus
583 1888 654 1942 quo·

62 1945 133 2001 tidie
153 1943 270 1999 diversis
285 1941 548 2014 malisallligitur.n
565 1944 655 2014 Unde,

62 2014 219 2073 seeundum
232 2017 436 2083 Hieronymum,
453 2015 550 2071 videns
562 2016 657 2070 Domi·

63 2102 119 2144 nus
142 2087 198 2142 hoe
222 2093 370 2156 peecatum
400 2087 430 2141 in
459 2102 555 2157 earne,
582 2103 654 2157 pene

64 2158 149 2215 desiit
164 2158 319 2224 incarnari,
337 2159 406 2227 quia
418 2164 549 2215 naturam
566 2175 652 2231 quem

64 2235 261 2299 assumpturus
276 2236 347 2297 erat,
362 2237 558 2300 corruperant.
575 2235 656 2288 Sum-

64 2315 112 2357 ma
141 2301 218 2355 enim
247 2300 386 2356 munditia
402 2302 488 2357 talem
515 2319 654 2360 summam

64 2370 276 2428 immunditiam
291 2371 412 2427 maxime
429 2374 609 2430 abominatur
628 2383 657 2434 et

63 2443 206 2500 sustinere
225 2457 284 2499 non
299 2447 399 2513 potest.
420 2444 499 2500 Unde
514 2447 601 2503 etiam
616 2448 657 2506 di-

702 217 740 273 cit
754 215 930 286 ,locustinos
945 238 954 275 ε
979 239 993 272 n
1008 219 1061 287 Qui
1074 227 1171 281 autem
1182 222 1287 282 lacien-

701 288 738 344 do
753 289 829 359 quod
844 292 948 346 malum
964 297 1017 354 est,
1032 294 1119 349 etiam
1138 294 1214 352 mela
1225 311 1290 352 con·

702 360 852 417 suetudine
871 377 902 417 se
927 361 1082 435 implicant,
1101 371 1131 421 ut
1146 367 1206 436 ipsa
1219 383 1291 424 eon-

702 432 821 514 suetudo
850 433 915 488 mali
945 450 1001 490 non
1027 451 1076 490 eos
1098 437 1174 492 sinat
1196 437 1292 496 ridere

702 519 769 574 quia
793 504 899 560 malurn
928 514 981 575 est,
1018 505 1089 562 hunt
1127 508 1291 566 defensores

703 577 844 633 malornm
859 575 997 633 laetorum
1009 594 1125 635 suorum
1138 596 1145 646 ;
1160 580 1287 638 irascun-

702 657 750 705 tur
773 664 837 704 eum
859 650 1114 720 reprehenduntur,
1135 650 1290 711 intantum

703 728 734 778 ut
749 721 902 777 Sodomitae
918 723 1059 791 quondam
1076 724 1203 780 dicerent
1218 726 1289 781 Loth

703 792 924 864 reprehendenti
943 792 1145 863 nequissimam
1158 797 1289 853 volunta-

704 871 763 920 tem
792 881 799 920 :
830 865 962 921 Habitare
990 866 1100 933 venisti,
1132 882 1189 923 non
1217 868 1294 940 leges

705 938 783 993 dare.
800 937 890 994 Tanta
905 939 980 992 enirn
995 938 1033 991 ibi
1051 936 1179 996 nelendae
1196 941 1289 1010 turpi·

706 1009 812 1065 tudinis
839 1009 1012 1065 consuetudo
1035 1017 1106 1078 eret,
1122 1012 1223 1081 utiam
1239 1027 1291 1068 ne·

705 1080 796 1152 quitia
826 1088 899 1137 esset
924 1078 1044 1153 justitia,
1073 1088 1102 1137 et
1131 1084 1292 1154 prohibitor

706 1152 1291 1224 potiusreprehenderetur,quamlaetorni

705 1225 766 1280 haee
783 1226 976 1293 Anonstimns.
994 1225 1082 1291 Quam
1098 1226 1223 1297 graviter
1235 1241 1288 1283 nu·

704 1301 762 1352 tem
789 1299 843 1353 hoe
878 1303 1024 1367 peecatum
1054 1298 1125 1354 Deus
1156 1298 1290 1370 punierit,

705 1371 824 1425 testatur
839 1383 918 1424 mare
933 1375 1083 1428 mortuum,
1098 1371 1156 1426 sive
1167 1368 1291 1426 diaboli:

704 1444 734 1495 et
751 1455 818 1498 rere
834 1448 986 1509 mortuum,
1003 1442 1071 1510 quia
1086 1440 1122 1497 nil
1139 1443 1232 1498 rivum
1248 1458 1292 1498 re-

705 1513 788 1583 eipit3
808 1519 837 1568 et
859 1513 975 1576 diaboli,
993 1515 1059 1584 quia
1073 1513 1208 1570 instinctu
1231 1516 1293 1584 eius

704 1594 828 1659 quatuor
867 1585 993 1641 civitates
1033 1585 1098 1656 igne
1141 1586 1295 1656 sulphureo

706 1663 895 1714 concrematae
911 1657 938 1713 in
955 1656 1023 1711 illud
1043 1657 1195 1712 submersae
1215 1662 1290 1711 sunt.

708 1731 787 1787 Unde
803 1745 880 1784 mare
901 1728 1081 1783 maledictum
1096 1726 1181 1782 etiam
1197 1726 1297 1797 appel·

708 1802 793 1867 latur,
809 1815 920 1869 semper
934 1799 1055 1865 fumans,
1071 1806 1099 1854 et
1117 1797 1297 1853 tenebrosum

709 1872 745 1928 de
761 1871 921 1939 vaporibus,
945 1870 1024 1939 quasi
1045 1871 1082 1924 sit
1100 1866 1201 1924 inlerni
1216 1867 1301 1925 eami-

710 1959 771 1999 nus.
791 1945 839 1999 Est
855 1944 927 1998 ultra
940 1943 1052 1997 iericho
1076 1956 1130 1996 non
1144 1940 1227 2011 longe
1247 1955 1298 2011 po·

708 2017 805 2084 situm,
816 2015 971 2085 dividitque
987 2012 1298 2082 Judaeamethrabiam,

710 2095 738 2147 et
751 2088 837 2144 habet
854 2086 884 2143 in
899 2087 1048 2143 latitudine
1062 2092 1171 2156 septem
1189 2084 1294 2143 leneas.

710 2165 743 2219 Et
765 2162 832 2216 iicet
865 2161 990 2231 quinque
1033 2157 1160 2212 civitates
1187 2156 1294 2213 luerint

710 2235 860 2291 destructae
879 2239 994 2302 propter
1008 2230 1062 2284 hoe
1078 2234 1235 2297 peceatum,
1252 2235 1294 2283 te-

711 2320 777 2361 men
805 2305 869 2359 duae
888 2302 1070 2357 nominantur
1084 2305 1206 2366 tantum,
1230 2298 1296 2368 quia

712 2378 869 2447 majoreset
881 2373 1046 2429 famosiores
1062 2369 1183 2423 erantin
1201 2367 1297 2423 multi·

711 2450 810 2506 tudine
825 2444 921 2519 populi
934 2450 963 2499 et
979 2440 1154 2514 turpitudine
1166 2437 1285 2509 peccati.

617 2609 747 2669 ORATIO

87 2726 224 2811 'Domine
238 2728 303 2783 iesu
321 2727 441 2800 Christe,
455 2731 505 2802 qui
524 2731 676 2805 discipulos
692 2741 755 2791 tuos
774 2732 809 2791 ed
828 2728 1041 2804 praedicandum
1061 2728 1186 2798 mittens,
1198 2725 1301 2784 dedisti

69 2816 111 2857 ers
129 2805 298 2881 potestatem
319 2800 448 2882 curandi,
469 2819 503 2859 ae
523 2813 665 2877 praecepta
684 2807 797 2862 vivendi
823 2811 851 2861 et
871 2802 1076 2868 conversandi,
1099 2800 1191 2872 dirige
1218 2799 1302 2870 pedes

70 2887 150 2953 meos
165 2887 195 2926 rn
213 2885 288 2952 riam
304 2886 390 2952 pacis,
406 2879 434 2928 et
448 2873 485 2930 da
502 2877 571 2933 mihi
585 2879 705 2934 salutem
720 2877 822 2933 mentis
837 2881 865 2931 et
882 2874 1024 2944 eorporis,
1045 2879 1074 2925 et
1090 2877 1120 2927 ut
1134 2872 1255 2928 habeam
1272 2870 1302 2926 iu

69 2942 205 3014 operibus
222 2949 372 3014 justiliam,
384 2943 414 2999 in
436 2944 562 3003 moribus
583 2948 773 3020 disciplinam,
788 2955 817 3004 et
832 2949 860 3002 iu
879 2947 1011 3003 omnibus
1027 2951 1108 2998 tuum
1125 2944 1257 2998 timorem
1274 2946 1302 2997 et

70 3028 211 3081 amorem,
225 3013 365 3072 mortifica
380 3016 409 3072 in
428 3031 473 3072 me
492 3019 589 3075 omnia
608 3021 686 3089 vitia,
704 3034 804 3090 meque
822 3016 876 3073 tuis
898 3017 980 3071 donis
1000 3013 1117 3069 interius
1135 3018 1164 3068 et
1182 3010 1304 3068 exterius

71 3090 213 3168 restaura,
224 3092 255 3167 ut
268 3102 302 3142 ea
316 3102 380 3158 quae
391 3085 535 3159 discipulis
546 3092 602 3145 tuis
612 3092 782 3163 praecepisti,
794 3105 843 3160 pro
855 3087 970 3143 modulo
985 3100 1048 3140 meo
1063 3098 1173 3139 merear
1185 3079 1304 3149 imitari,
1327 3114 1337 3136 .

71 3160 181 3215 etcum
195 3172 262 3231 ipsis
277 3167 385 3216 aeterna
400 3158 504 3233 gloria,
517 3160 552 3218 de
566 3167 615 3218 tua
630 3161 836 3227 misericordia,
850 3156 1004 3214 munerari.
1020 3156 1123 3211 Amen.

583 3425 720 3502 CAPUT
745 3428 801 3501 LII

396 3619 435 3665 oe
454 3619 617 3667 rhamnus
627 3622 659 3668 ni
675 3620 818 3670 dovensls
832 3622 985 3670 neesson.

576 3781 702 3839 Matthaei
713 3796 776 3855 esp.
788 3783 823 3840 x.

120 3979 132 4016 1
146 3958 298 4016 Psameris
310 3972 490 4014 rasormronr
497 3973 670 4030 necessum,

84 4047 132 4095 oni
150 4046 239 4087 resur
257 4046 319 4086 ovis
337 4045 418 4087 mrsn
433 4045 518 4087 nores
534 4048 671 4090 urrrrrun.

722 3989 758 4004 -
772 3961 807 4016 Et
820 3961 887 4032 quia
899 3973 1014 4018 omnem
1028 3956 1246 4017 sollicitudinem
1262 3953 1306 4012 di·

724 4032 898 4103 scipulorum
916 4032 1032 4105 abjecit,
1052 4038 1080 4088 et
1098 4046 1146 4087 eos
1164 4028 1311 4099 signorum
