2880 4942
107 348 155 400 280
449 343 559 397 cuiun
586 342 703 397 rturls
730 341 833 396 cucur
861 337 1005 393 LXXXIII

109 444 232 516 diligens
257 443 402 517 Inquisitio
421 441 506 499 debet
531 440 694 513 praecedere

110 517 295 584 senteutiam;
308 516 358 573 sed
367 514 408 572 illi
420 514 552 570 volebant
562 529 694 585 perverse

109 593 176 646 ante
191 604 254 644 csse
268 587 449 644 damnatores
468 600 552 656 qivam
568 583 694 656 cognito-

108 676 165 717 res.
187 659 327 716 Credebat
345 666 442 714 autem
464 655 643 716 Nicodemus.
671 655 694 712 si

109 729 305 789 tantummodo
317 726 468 795 Dominum
480 729 576 784 lesum
590 728 696 784 vellent

108 801 250 876 pallentcr
264 798 373 869 audire,
413 798 468 856 uod
484 800 601 855 verbum
612 798 695 856 Chri·

110 873 147 929 sti
168 877 242 930 esset
265 877 381 928 tantae
415 869 512 938 caviae,
529 870 604 942 quod
623 868 696 928 forle

111 943 330 1002 similesllerent
343 942 408 1005 illis.
425 941 472 1015 qui
488 941 524 998 ad
541 942 695 999 tenendum

111 1030 176 1073 eum
200 1013 278 1071 missi
296 1014 417 1082 lucrant,
435 1019 463 1071 et
479 1014 515 1071 ad
533 1014 618 1071 verba
636 1014 697 1085 ejus

111 1086 241 1143 conversi
265 1092 340 1155 sunt,
359 1088 388 1142 in
410 1102 444 1142 co
469 1087 544 1144 lacto
564 1085 600 1142 ad
620 1085 696 1156 quud

112 1157 190 1216 missi
214 1163 311 1227 eraut3
337 1164 366 1215 et
389 1156 547 1226 crederent,
563 1157 635 1213 sicut
655 1154 697 1212 illi

111 1230 304 1288 crediderunt.
321 1232 355 1286 Et
372 1230 436 1286 ideo
451 1229 562 1286 volebat
577 1245 627 1301 per
644 1230 697 1285 boc

111 1302 302 1360 eosinducere
312 1302 348 1359 ad
357 1301 530 1358 audIendum
543 1301 696 1365 Christum,

111 1380 142 1431 ut
154 1379 385 1431 converterentur
400 1389 451 1445 per
465 1373 552 1429 verba
562 1373 634 1444 ejus,
647 1373 698 1427 sic-

111 1450 144 1502 ut
158 1445 244 1502 etiam
268 1445 328 1516 ipse
343 1444 396 1502 luit
413 1458 577 1501 conuersus.
603 1442 697 1499 Phari·

111 1516 159 1573 saei
177 1532 243 1572 vero
260 1515 368 1573 invidia
389 1521 418 1571 et
438 1514 585 1571 iracundie
599 1514 696 1586 agilati

111 1603 170 1644 non
185 1585 356 1658 reprientcs
370 1587 406 1642 de
423 1584 542 1641 veritate
558 1585 697 1656 persuasi-

112 1672 207 1724 onem,
221 1657 271 1714 sed
286 1657 376 1729 magis
389 1658 541 1713 Nicodemo
556 1655 697 1712 contradi·

112 1738 209 1786 centes
234 1729 433 1800 responderunt
458 1733 484 1783 et
500 1727 632 1783 dicerunt
647 1730 673 1783 ei
688 1748 696 1783 :

111 1800 255 1871 Numquid
269 1805 295 1857 et
319 1806 348 1856 tu
375 1799 506 1857 Galilaus
518 1803 571 1855 es?
586 1803 621 1856 Et
637 1804 698 1856 tan·

112 1872 178 1929 dem
199 1874 302 1929 retusi
311 1876 375 1929 suut
389 1870 498 1929 confusi
510 1874 698 1943 unusquisque

754 443 784 496 iu
798 439 908 494 domum
920 451 1009 501 suom,
1025 439 1055 490 et
1072 433 1102 490 in
1127 429 1265 504 propria,
1281 429 1355 488 nullo

752 511 877 585 perlecto
892 507 1017 579 negotio.
1036 503 1120 561 vacui
1137 503 1212 573 fide,
1230 500 1355 584 et'lrau-

753 582 812 640 dati
826 598 843 639 a
859 580 933 637 malo
948 575 1091 635 desiderio
1102 591 1177 632 suo:
1189 575 1253 642 val,
1267 591 1299 630 vn
1312 576 1356 629 do

753 670 832 712 mum
842 668 935 718 suam,
948 649 977 707 id
992 655 1034 706 est
1048 647 1078 704 in
1088 648 1248 728 propriam
1263 645 1355 702 cordis

754 724 904 793 malitiam,
920 721 1027 780 scilicet
1045 719 1076 776 iu
1094 719 1310 775 infidelitatem
1328 724 1354 774 et

754 796 930 869 impietatem
962 808 1058 858 suam,
1087 790 1175 847 valde
1209 791 1352 858 dolentes,

755 868 830 942 quod
845 869 939 924 lacere
951 881 1008 922 non
1021 866 1177 937 potueruut
1195 861 1352 918 voluntatis

754 957 813 998 suae
832 940 1021 1014 propositum,
1045 933 1112 1006 quia
1128 932 1291 991 consilinm
1306 949 1350 989 co-

753 1028 819 1070 rum
833 1027 884 1084 per
903 1008 1072 1065 divisionem
1091 1005 1147 1062 luit
1166 1004 1349 1076 dissipatum.

793 1089 824 1140 15
844 1084 1022 1140 Cousoeruno
1053 1080 1165 1137 Cumsrr
1183 1094 1219 1134 m
1248 1079 1349 1133 Berus-

754 1173 820 1213 umu
837 1170 1014 1211 namurcum.
1030 1180 1065 1193 -
1085 1153 1166 1207 iesus
1181 1154 1290 1216 autem,
1306 1147 1348 1219 qui

755 1221 959 1284 misericordiae
984 1221 1143 1279 vIsceribus
1172 1221 1347 1288 abundabat,

776 1301 878 1354 erreaeil
896 1301 927 1352 tn
949 1302 1065 1352 montem
1083 1294 1211 1360 oliveti,
1224 1291 1256 1348 in
1272 1292 1347 1362 cujus

754 1317 844 1427 Iatere
859 1367 998 1426 BethanIa
1014 1373 1087 1434 erat,
1106 1369 1138 1422 et
1153 1364 1260 1420 domus
1278 1365 1346 1419 llar-

757 1444 824 1510 tbae,
841 1442 871 1497 in
892 1457 950 1512 qua
964 1435 1102 1510 hospitari
1125 1436 1243 1493 solt-bat
1261 1453 1268 1491 z
1287 1450 1346 1490 nam

757 1511 891 1571 Dominus
917 1515 999 1569 banc*
1015 1509 1069 1566 sibi
1106 1506 1344 1565 consuetudIncm

757 1584 874 1652 lecerat,
890 1588 920 1640 ut
934 1599 985 1656 per
999 1581 1085 1648 diem,
1102 1579 1221 1649 quando
1237 1581 1345 1636 lerose

757 1655 838 1728 lymis
854 1661 926 1724 erat,
943 1657 971 1711 in
986 1652 1085 1709 dicbus
1098 1651 1181 1708 lestis
1195 1653 1227 1706 in
1242 1650 1345 1720 templo

756 1725 937 1801 praedicaret,
950 1723 1031 1798 signa
1046 1728 1076 1780 et
1097 1724 1240 1779 miracula
1254 1734 1346 1778 osten-

757 1802 855 1867 derel;
872 1802 900 1855 el
915 1797 945 1854 iu
961 1813 1024 1853 sero
1040 1796 1241 1851 revertebatur
1253 1792 1283 1849 iu
1298 1794 1346 1850 Be·

755 1870 894 1941 lbaniam,
905 1875 936 1927 ut
946 1867 985 1927 ibi
995 1864 1166 1940 hospitando
1174 1865 1346 1938 quiesceret.

656 2060 797 2118 ORATIO.

150 2221 270 2280 Domine
283 2223 350 2278 lesu
363 2218 484 2290 Christe,
500 2220 537 2277 da
550 2220 619 2277 mibi
635 2221 720 2279 corde
734 2226 764 2279 et
776 2222 918 2280 desiderio
933 2221 1088 2279 ascendere
1100 2219 1136 2277 ad
1150 2219 1229 2279 diem
1244 2221 1349 2278 testum

115 2293 307 2352 solemnitatIs
322 2299 449 2360 aeterna,
464 2297 549 2347 elme
564 2307 676 2364 semper
691 2294 727 2351 ad
742 2293 819 2351 illam
835 2311 892 2363 prae
913 2309 1007 2363 arare,
1024 2298 1054 2348 ut
1073 2308 1138 2349 curn
1152 2299 1268 2366 tempus
1282 2291 1349 2349 visi-

114 2366 234 2424 tationis
251 2370 307 2420 tuae
323 2363 483 2429 advenerit,
507 2362 544 2419 ad
567 2367 818 2437 contemplandum
839 2369 867 2420 te
891 2310 962 2422 {Paete
979 2365 1017 2421 ad
1031 2365 1132 2421 lactem
1149 2379 1267 2422 merear
1282 2364 1349 2421 illuc

113 2435 236 2497 feliciter
250 2433 413 2508 pervenire.
440 2433 538 2492 Olons
552 2451 635 2507 aquae
650 2436 731 2504 vivae,
748 2437 814 2494 sitio
837 2442 864 2494 el
881 2435 1013 2493 desidero
1028 2451 1092 2508 ego,
1109 2435 1208 2504 miser,
1224 2436 1349 2510 gratiam

112 2513 206 2578 luam;
216 2507 300 2565 venio
315 2513 343 2565 et
352 2504 464 2578 suspiro
479 2505 515 2562 ad
529 2513 556 2564 te
572 2513 631 2564 toto
645 2509 748 2566 allecto
764 2507 913 2581 requirens
923 2524 987 2565 eam
998 2524 1006 2577 ;
1016 2508 1052 2564 da
1067 2524 1134 2591 ergo
1149 2507 1221 2564 mibi
1237 2507 1348 2576 bibere,

110 2589 140 2639 et
154 2589 213 2639 tam
227 2580 410 2638 abundanter
423 2578 459 2636 de
474 2594 509 2635 ea
523 2582 683 2651 percipere,
699 2585 730 2637 ut
743 2581 819 2637 dona
834 2580 991 2652 gratiarum
1007 2585 1035 2636 et
1047 2579 1118 2637 mibi
1139 2578 1302 2647 sufficiant,
1322 2585 1352 2635 et

110 2668 163 2735 per
177 2651 406 2710 benevolentium
425 2667 443 2708 a
459 2666 504 2707 me
523 2651 559 2707 ad
577 2653 717 2723 proximos
735 2654 836 2720 lluant,
855 2653 951 2724 eisque
967 2650 1128 2724 proficiant,
1145 2656 1176 2708 ut
1195 2658 1229 2708 tu
1247 2651 1350 2708 videns

111 2739 140 2778 m
154 2740 200 2781 me
212 2739 285 2795 opus
296 2722 513 2790 misericordiae,
522 2723 665 2781 movearis
672 2725 840 2796 ampliorem
848 2723 969 2796 grallam
981 2722 1050 2779 mibi
1066 2722 1232 2780 infundere.
1246 2725 1349 2780 Amen.

568 3040 705 3114 CAPUT
732 3043 901 3114 LXXXIII

407 3258 446 3304 brt
467 3259 599 3306 limmat
619 3260 649 3307 ut
665 3261 836 3309 commemo
856 3260 1058 3307 ternanensi.

582 3410 702 3472 loannIs
716 3427 778 3486 cap.
793 3410 863 3467 Vlll.

156 3612 166 3646 1
182 3589 243 3646 Dor
255 3589 392 3645 Parmam
413 3604 501 3645 consu
521 3590 638 3647 Cnnrsro
655 3605 703 3644 riu·
758 3586 856 3645 dentes
870 3591 899 3644 el
914 3586 1083 3646 insidiantes
1097 3587 1135 3659 el,
1155 3589 1204 3661 qui
1219 3592 1353 3652 sciebant

114 3677 213 3717 urrann
240 3676 399 3716 uoournnan
423 3677 649 3729 uccusaur,1rsu
674 3676 703 3716 ru
758 3674 825 3716 eum
839 3675 902 3716 esse
916 3669 1095 3717 mansuetum
1106 3666 1134 3718 et
1142 3661 1352 3723 misericordiae

114 3748 202 3788 rauna
217 3747 328 3786 somnia.
346 3760 380 3772 -
404 3731 539 3803 Sequenti
555 3748 622 3787 vero
644 3731 701 3800 dle,
757 3730 985 3804 predicatorem,
1001 3737 1028 3790 et
1045 3734 1081 3790 ob
1095 3733 1149 3790 boc
1166 3735 1276 3792 habere
1292 3752 1352 3809 po-

115 3803 229 3860 dtltculo
239 3803 509 3859 iterumueuitlesus
519 3805 549 3858 in
560 3804 701 3874 templum,
758 3804 816 3875 pull
830 3801 951 3873 gratiam
970 3808 998 3859 et
1012 3805 1148 3874 levorem,
1164 3807 1353 3865 adducenter·

117 3876 145 3931 in
160 3890 216 3946 quo
229 3870 390 3930 ostenditur
404 3872 433 3927 ln
452 3888 486 3929 eo
503 3875 579 3930 zelus
593 3874 701 3930 anima·
757 3876 898 3930 mulierem
913 3877 944 3930 in
953 3876 1091 3932 adulterio
1106 3877 1352 3949 deprehensarum

116 3962 191 4017 rum,
206 3952 232 4003 et
246 3948 334 4002 omnis
351 3944 471 4025 populus
484 3948 558 4000 uenit
578 3945 616 4000 ud
631 3960 701 4010 eum,
758 3947 794 4003 ob
805 3947 1025 4004 hocsecundum
1036 3949 1138 4022 Legem
1150 3950 1177 4005 la
1199 3949 1349 4010 idandam.

117 4018 146 4075 in
161 4034 218 4090 quo
232 4021 311 4091 patet
336 4017 447 4073 devotio
462 4015 639 4073 audIentium
653 4033 661 4085 ;
677 4022 703 4073 et
757 4021 794 4075 m
816 4024 972 4074 statuerunt
992 4035 1051 4075 eam
1072 4023 1105 4078 iu
1124 4037 1166 4076 me
1188 4026 1224 4086 to,
1240 4028 1274 4078 ut
1286 4039 1350 4080 om·

117 4091 222 4158 sedens,
238 4090 351 4146 docebat
366 4104 409 4144 eos
430 4087 465 4144 de
485 4088 575 4145 salute
594 4090 702 4144 anima·
759 4091 839 4146 nium
851 4106 901 4146 ore
911 4090 1193 4148 condemnareturad
1205 4100 1348 4164 mortem;

117 4176 190 4242 rum.
204 4162 307 4219 Scritae
320 4166 422 4230 ardun,
434 4158 482 4232 qui
493 4159 639 4216 habebant
654 4175 703 4216 uo·
758 4161 905 4229 lentando,
930 4167 1125 4232 exspectantes
1151 4163 1256 4221 Christi
1280 4182 1351 4223 sen·

118 4232 209 4288 titiam
225 4233 446 4306 ScrIpturarum,
459 4237 484 4287 et
498 4233 643 4301 Pharisaei,
654 4233 702 4303 qui
758 4231 886 4301 lentiam,
904 4236 932 4289 et
956 4239 1116 4305 quaerentes
1131 4237 1200 4307 quid
1224 4238 1259 4292 de
1285 4237 1350 4310 Ipsa

118 4301 286 4362 videbantur
305 4319 365 4377 prae
385 4303 449 4362 aliis
468 4302 605 4378 religiosi,
628 4302 701 4361 invi·
757 4302 917 4361 laciendum
937 4311 1023 4378 esset,
1043 4311 1075 4364 ut
1093 4305 1197 4365 sicam
1222 4307 1347 4380 lapidari

98 4582 136 4616 h·
