<?xml version="1.0" encoding="UTF-8"?>
<!DOCTYPE html PUBLIC "-//W3C//DTD XHTML 1.0 Transitional//EN"
    "http://www.w3.org/TR/xhtml1/DTD/xhtml1-transitional.dtd">
<html xmlns="http://www.w3.org/1999/xhtml" xml:lang="en" lang="en">
 <head>
  <title>
</title>
<meta http-equiv="Content-Type" content="text/html;charset=utf-8" />
  <meta name='ocr-system' content='tesseract 3.04.00' />
  <meta name='ocr-capabilities' content='ocr_page ocr_carea ocr_par ocr_line ocrx_word'/>
</head>
<body>
  <div class='ocr_page' id='page_1' title='image "./vitajesuchristi00ludogoog_0149.png"; bbox 0 0 2880 4942; ppageno 0'>
   <div class='ocr_carea' id='block_1_1' title="bbox 124 336 984 397">
    <p class='ocr_par' dir='ltr' id='par_1_1' title="bbox 124 336 984 397">
     <span class='ocr_line' id='line_1_1' title="bbox 124 336 984 397; baseline -0.013 0"><span class='ocrx_word' id='word_1_1' title='bbox 124 341 169 397; x_wconf 82' lang='lat' dir='ltr'><strong>tto</strong></span> <span class='ocrx_word' id='word_1_2' title='bbox 486 341 596 395; x_wconf 72' lang='lat' dir='ltr'><strong>rutila</strong></span> <span class='ocrx_word' id='word_1_3' title='bbox 627 341 744 395; x_wconf 77' lang='lat' dir='ltr'><strong>rantis</strong></span> <span class='ocrx_word' id='word_1_4' title='bbox 771 337 875 392; x_wconf 78' lang='lat' dir='ltr'><strong>ctrtr</strong></span> <span class='ocrx_word' id='word_1_5' title='bbox 902 336 984 389; x_wconf 80' lang='lat' dir='ltr'><strong>lxlv</strong></span> 
     </span>
    </p>
   </div>
   <div class='ocr_carea' id='block_1_2' title="bbox 125 441 1362 837">
    <p class='ocr_par' dir='ltr' id='par_1_2' title="bbox 125 441 1362 837">
     <span class='ocr_line' id='line_1_2' title="bbox 125 441 1361 525; baseline -0.004 -18"><span class='ocrx_word' id='word_1_6' title='bbox 125 453 269 520; x_wconf 66' lang='lat' dir='ltr'><strong>cesimum,</strong></span> <span class='ocrx_word' id='word_1_7' title='bbox 284 448 397 520; x_wconf 87' lang='lat' dir='ltr'><strong>quando</strong></span> <span class='ocrx_word' id='word_1_8' title='bbox 419 446 540 504; x_wconf 88' lang='lat' dir='ltr'><strong>sustinet</strong></span> <span class='ocrx_word' id='word_1_9' title='bbox 558 447 711 505; x_wconf 87' lang='lat' dir='ltr'><strong>detrimen·</strong></span> <span class='ocrx_word' id='word_1_10' title='bbox 735 451 738 507; x_wconf 80' lang='grc' dir='ltr'>ἷ</span> <span class='ocrx_word' id='word_1_11' title='bbox 771 452 850 503; x_wconf 88' lang='lat' dir='ltr'><strong>terra</strong></span> <span class='ocrx_word' id='word_1_12' title='bbox 871 445 958 524; x_wconf 76' lang='lat' dir='ltr'><strong>hahet</strong></span> <span class='ocrx_word' id='word_1_13' title='bbox 973 441 1155 525; x_wconf 33' lang='lat' dir='ltr'><strong>&#39;conditiones</strong></span> <span class='ocrx_word' id='word_1_14' title='bbox 1179 443 1297 516; x_wconf 86' lang='lat' dir='ltr'><strong>ponitus</strong></span> <span class='ocrx_word' id='word_1_15' title='bbox 1312 461 1361 520; x_wconf 86' lang='lat' dir='ltr'><strong>op</strong></span> 
     </span>
     <span class='ocr_line' id='line_1_3' title="bbox 127 514 1359 599; baseline -0.002 -20"><span class='ocrx_word' id='word_1_16' title='bbox 127 530 186 579; x_wconf 93' lang='lat' dir='ltr'><strong>tum</strong></span> <span class='ocrx_word' id='word_1_17' title='bbox 206 521 291 578; x_wconf 89' lang='lat' dir='ltr'><strong>etiam</strong></span> <span class='ocrx_word' id='word_1_18' title='bbox 311 517 419 592; x_wconf 90' lang='lat' dir='ltr'><strong>proprii</strong></span> <span class='ocrx_word' id='word_1_19' title='bbox 434 519 573 591; x_wconf 90' lang='lat' dir='ltr'><strong>corporis,</strong></span> <span class='ocrx_word' id='word_1_20' title='bbox 594 537 645 591; x_wconf 88' lang='lat' dir='ltr'><strong>per</strong></span> <span class='ocrx_word' id='word_1_21' title='bbox 659 522 711 577; x_wconf 88' lang='lat' dir='ltr'><strong>lla-</strong></span> <span class='ocrx_word' id='word_1_22' title='bbox 771 517 881 591; x_wconf 89' lang='lat' dir='ltr'><strong>positas</strong></span> <span class='ocrx_word' id='word_1_23' title='bbox 889 514 1359 599; x_wconf 64' lang='lat' dir='ltr'><strong>alitemquiliussenrencccidit:</strong></span> 
     </span>
     <span class='ocr_line' id='line_1_4' title="bbox 126 586 1362 665; baseline -0.002 -15"><span class='ocrx_word' id='word_1_24' title='bbox 126 593 309 665; x_wconf 83' lang='lat' dir='ltr'><strong>gellationem</strong></span> <span class='ocrx_word' id='word_1_25' title='bbox 335 596 364 648; x_wconf 89' lang='lat' dir='ltr'><strong>et</strong></span> <span class='ocrx_word' id='word_1_26' title='bbox 391 589 660 661; x_wconf 79' lang='lat' dir='ltr'><strong>incarcerationem,</strong></span> <span class='ocrx_word' id='word_1_27' title='bbox 683 596 712 649; x_wconf 93' lang='lat' dir='ltr'><strong>ct</strong></span> <span class='ocrx_word' id='word_1_28' title='bbox 771 588 840 662; x_wconf 90' lang='lat' dir='ltr'><strong>quia</strong></span> <span class='ocrx_word' id='word_1_29' title='bbox 860 601 937 645; x_wconf 83' lang='lat' dir='ltr'><strong>enim</strong></span> <span class='ocrx_word' id='word_1_30' title='bbox 951 588 981 642; x_wconf 77' lang='lat' dir='ltr'><strong>le</strong></span> <span class='ocrx_word' id='word_1_31' title='bbox 1000 586 1142 642; x_wconf 74' lang='lat' dir='ltr'><strong>audientes</strong></span> <span class='ocrx_word' id='word_1_32' title='bbox 1168 589 1279 645; x_wconf 81' lang='lat' dir='ltr'><strong>certum</strong></span> <span class='ocrx_word' id='word_1_33' title='bbox 1295 592 1362 647; x_wconf 78' lang='lat' dir='ltr'><strong>reti·</strong></span> 
     </span>
     <span class='ocr_line' id='line_1_5' title="bbox 127 660 1362 736; baseline -0.002 -15"><span class='ocrx_word' id='word_1_34' title='bbox 127 661 411 736; x_wconf 86' lang='lat' dir='ltr'><strong>ceteralrujusmodi;</strong></span> <span class='ocrx_word' id='word_1_35' title='bbox 425 666 612 727; x_wconf 80' lang='lat' dir='ltr'><strong>centesimum,</strong></span> <span class='ocrx_word' id='word_1_36' title='bbox 625 679 713 735; x_wconf 91' lang='lat' dir='ltr'><strong>quan·</strong></span> <span class='ocrx_word' id='word_1_37' title='bbox 770 664 908 727; x_wconf 71' lang='lat' dir='ltr'><strong>contest</strong></span> <span class='ocrx_word' id='word_1_38' title='bbox 938 660 1038 715; x_wconf 92' lang='lat' dir='ltr'><strong>contra</strong></span> <span class='ocrx_word' id='word_1_39' title='bbox 1049 673 1099 715; x_wconf 90' lang='lat' dir='ltr'><strong>eos</strong></span> <span class='ocrx_word' id='word_1_40' title='bbox 1118 662 1166 729; x_wconf 77' lang='lat' dir='ltr'><strong>put</strong></span> <span class='ocrx_word' id='word_1_41' title='bbox 1191 665 1257 716; x_wconf 84' lang='lat' dir='ltr'><strong>sunt</strong></span> <span class='ocrx_word' id='word_1_42' title='bbox 1282 677 1362 719; x_wconf 80' lang='lat' dir='ltr'><strong>secus</strong></span> 
     </span>
     <span class='ocr_line' id='line_1_6' title="bbox 125 729 1362 837; baseline -0.002 -43"><span class='ocrx_word' id='word_1_43' title='bbox 125 736 163 793; x_wconf 89' lang='lat' dir='ltr'><strong>do</strong></span> <span class='ocrx_word' id='word_1_44' title='bbox 183 734 339 793; x_wconf 87' lang='lat' dir='ltr'><strong>contemnit</strong></span> <span class='ocrx_word' id='word_1_45' title='bbox 354 733 439 791; x_wconf 89' lang='lat' dir='ltr'><strong>ctiam</strong></span> <span class='ocrx_word' id='word_1_46' title='bbox 456 740 546 791; x_wconf 89' lang='lat' dir='ltr'><strong>totam</strong></span> <span class='ocrx_word' id='word_1_47' title='bbox 557 734 644 792; x_wconf 80' lang='lat' dir='ltr'><strong>vitam</strong></span> <span class='ocrx_word' id='word_1_48' title='bbox 680 751 713 792; x_wconf 87' lang='lat' dir='ltr'><strong>er</strong></span> <span class='ocrx_word' id='word_1_49' title='bbox 736 766 738 837; x_wconf 40' lang='lat' dir='ltr'><strong>p</strong></span> <span class='ocrx_word' id='word_1_50' title='bbox 770 736 856 797; x_wconf 69' lang='lat' dir='ltr'><strong>emm,</strong></span> <span class='ocrx_word' id='word_1_51' title='bbox 871 729 970 788; x_wconf 59' lang='lat' dir='ltr'><strong>dende</strong></span> <span class='ocrx_word' id='word_1_52' title='bbox 998 732 1072 786; x_wconf 81' lang='lat' dir='ltr'><strong>uenit</strong></span> <span class='ocrx_word' id='word_1_53' title='bbox 1088 731 1227 795; x_wconf 77' lang='lat' dir='ltr'><strong>diabolos,</strong></span> <span class='ocrx_word' id='word_1_54' title='bbox 1241 736 1269 788; x_wconf 89' lang='lat' dir='ltr'><strong>ct</strong></span> <span class='ocrx_word' id='word_1_55' title='bbox 1283 735 1362 791; x_wconf 75' lang='lat' dir='ltr'><strong>tollit</strong></span> 
     </span>
    </p>
   </div>
   <div class='ocr_carea' id='block_1_3' title="bbox 120 801 1362 4388">
    <p class='ocr_par' dir='ltr' id='par_1_3' title="bbox 120 801 1362 4171">
     <span class='ocr_line' id='line_1_7' title="bbox 127 801 1360 879; baseline -0.001 -16"><span class='ocrx_word' id='word_1_56' title='bbox 127 806 392 879; x_wconf 81' lang='lat' dir='ltr'><strong>martyriumUnde</strong></span> <span class='ocrx_word' id='word_1_57' title='bbox 403 807 642 875; x_wconf 74' lang='lat' dir='ltr'><strong>t&#39;ltrysostosousz«</strong></span> <span class='ocrx_word' id='word_1_58' title='bbox 671 824 712 864; x_wconf 89' lang='lat' dir='ltr'><strong>er·</strong></span> <span class='ocrx_word' id='word_1_59' title='bbox 769 805 882 860; x_wconf 80' lang='lat' dir='ltr'><strong>eertum</strong></span> <span class='ocrx_word' id='word_1_60' title='bbox 898 804 932 859; x_wconf 86' lang='lat' dir='ltr'><strong>de</strong></span> <span class='ocrx_word' id='word_1_61' title='bbox 946 801 1026 857; x_wconf 83' lang='lat' dir='ltr'><strong>corde</strong></span> <span class='ocrx_word' id='word_1_62' title='bbox 1040 818 1147 859; x_wconf 84' lang='lat' dir='ltr'><strong>eorum:</strong></span> <span class='ocrx_word' id='word_1_63' title='bbox 1164 803 1241 873; x_wconf 86' lang='lat' dir='ltr'><strong>quod</strong></span> <span class='ocrx_word' id='word_1_64' title='bbox 1261 810 1360 863; x_wconf 86' lang='lat' dir='ltr'><strong>autem</strong></span> 
     </span>
     <span class='ocr_line' id='line_1_8' title="bbox 125 860 1361 958; baseline 0.001 -25"><span class='ocrx_word' id='word_1_65' title='bbox 125 894 158 935; x_wconf 91' lang='lat' dir='ltr'><strong>ra</strong></span> <span class='ocrx_word' id='word_1_66' title='bbox 171 880 249 935; x_wconf 88' lang='lat' dir='ltr'><strong>bona</strong></span> <span class='ocrx_word' id='word_1_67' title='bbox 263 882 340 945; x_wconf 75' lang='lat' dir='ltr'><strong>scint,</strong></span> <span class='ocrx_word' id='word_1_68' title='bbox 352 876 400 949; x_wconf 85' lang='lat' dir='ltr'><strong>qui</strong></span> <span class='ocrx_word' id='word_1_69' title='bbox 416 876 562 934; x_wconf 85' lang='lat' dir='ltr'><strong>abstinent</strong></span> <span class='ocrx_word' id='word_1_70' title='bbox 575 894 605 935; x_wconf 88' lang='lat' dir='ltr'><strong>se</strong></span> <span class='ocrx_word' id='word_1_71' title='bbox 619 894 637 936; x_wconf 87' lang='lat' dir='ltr'><strong>a</strong></span> <span class='ocrx_word' id='word_1_72' title='bbox 651 894 712 936; x_wconf 88' lang='lat' dir='ltr'><strong>ma·</strong></span> <span class='ocrx_word' id='word_1_73' title='bbox 736 860 739 939; x_wconf 63' lang='lat' dir='ltr'><strong>i</strong></span> <span class='ocrx_word' id='word_1_74' title='bbox 769 878 893 957; x_wconf 75' lang='lat' dir='ltr'><strong>fructuos</strong></span> <span class='ocrx_word' id='word_1_75' title='bbox 917 874 1048 945; x_wconf 79' lang='lat' dir='ltr'><strong>efferunt,</strong></span> <span class='ocrx_word' id='word_1_76' title='bbox 1069 878 1234 931; x_wconf 87' lang='lat' dir='ltr'><strong>sanctarum</strong></span> <span class='ocrx_word' id='word_1_77' title='bbox 1248 874 1361 958; x_wconf 78' lang='lat' dir='ltr'><strong>scilicet</strong></span> 
     </span>
     <span class='ocr_line' id='line_1_9' title="bbox 127 948 1362 1020; baseline 0.002 -17"><span class='ocrx_word' id='word_1_78' title='bbox 127 949 174 1019; x_wconf 87' lang='lat' dir='ltr'><strong>lis,</strong></span> <span class='ocrx_word' id='word_1_79' title='bbox 192 954 221 1007; x_wconf 88' lang='lat' dir='ltr'><strong>et</strong></span> <span class='ocrx_word' id='word_1_80' title='bbox 240 949 395 1006; x_wconf 88' lang='lat' dir='ltr'><strong>secundum</strong></span> <span class='ocrx_word' id='word_1_81' title='bbox 415 948 491 1006; x_wconf 82' lang='lat' dir='ltr'><strong>uires</strong></span> <span class='ocrx_word' id='word_1_82' title='bbox 514 965 581 1007; x_wconf 82' lang='lat' dir='ltr'><strong>suas</strong></span> <span class='ocrx_word' id='word_1_83' title='bbox 606 950 714 1007; x_wconf 80' lang='lat' dir='ltr'><strong>iaciunt</strong></span> <span class='ocrx_word' id='word_1_84' title='bbox 737 950 739 991; x_wconf 66' lang='lat' dir='ltr'><strong>t</strong></span> <span class='ocrx_word' id='word_1_85' title='bbox 771 952 982 1020; x_wconf 84' lang='lat' dir='ltr'><strong>operationum,</strong></span> <span class='ocrx_word' id='word_1_86' title='bbox 995 949 1040 1001; x_wconf 88' lang='lat' dir='ltr'><strong>est</strong></span> <span class='ocrx_word' id='word_1_87' title='bbox 1053 951 1153 1003; x_wconf 86' lang='lat' dir='ltr'><strong>contra</strong></span> <span class='ocrx_word' id='word_1_88' title='bbox 1165 961 1216 1002; x_wconf 81' lang='lat' dir='ltr'><strong>eos</strong></span> <span class='ocrx_word' id='word_1_89' title='bbox 1228 963 1278 1019; x_wconf 86' lang='lat' dir='ltr'><strong>qur</strong></span> <span class='ocrx_word' id='word_1_90' title='bbox 1291 953 1362 1005; x_wconf 89' lang='lat' dir='ltr'><strong>sunt</strong></span> 
     </span>
     <span class='ocr_line' id='line_1_10' title="bbox 127 1002 1360 1098; baseline 0 -21"><span class='ocrx_word' id='word_1_91' title='bbox 127 1022 213 1091; x_wconf 90' lang='lat' dir='ltr'><strong>bona,</strong></span> <span class='ocrx_word' id='word_1_92' title='bbox 231 1026 260 1077; x_wconf 89' lang='lat' dir='ltr'><strong>et</strong></span> <span class='ocrx_word' id='word_1_93' title='bbox 278 1026 322 1077; x_wconf 87' lang='lat' dir='ltr'><strong>est</strong></span> <span class='ocrx_word' id='word_1_94' title='bbox 345 1020 397 1076; x_wconf 89' lang='lat' dir='ltr'><strong>iste</strong></span> <span class='ocrx_word' id='word_1_95' title='bbox 415 1020 525 1078; x_wconf 83' lang='lat' dir='ltr'><strong>tructus</strong></span> <span class='ocrx_word' id='word_1_96' title='bbox 542 1038 641 1078; x_wconf 89' lang='lat' dir='ltr'><strong>corum</strong></span> <span class='ocrx_word' id='word_1_97' title='bbox 660 1021 712 1078; x_wconf 91' lang='lat' dir='ltr'><strong>tri·</strong></span> <span class='ocrx_word' id='word_1_98' title='bbox 737 1002 740 1079; x_wconf 42' lang='grc' dir='ltr'>ξ</span> <span class='ocrx_word' id='word_1_99' title='bbox 769 1022 858 1091; x_wconf 74' lang='lat' dir='ltr'><strong>spino</strong></span> <span class='ocrx_word' id='word_1_100' title='bbox 873 1019 1039 1098; x_wconf 69' lang='lat' dir='ltr'><strong>suffocantes</strong></span> <span class='ocrx_word' id='word_1_101' title='bbox 1058 1015 1108 1074; x_wconf 88' lang='lat' dir='ltr'><strong>Dei</strong></span> <span class='ocrx_word' id='word_1_102' title='bbox 1129 1019 1264 1087; x_wconf 77' lang='lat' dir='ltr'><strong>rerbum3</strong></span> <span class='ocrx_word' id='word_1_103' title='bbox 1281 1019 1360 1091; x_wconf 89' lang='lat' dir='ltr'><strong>qnod</strong></span> 
     </span>
     <span class='ocr_line' id='line_1_11' title="bbox 124 1089 1358 1164; baseline -0.001 -15"><span class='ocrx_word' id='word_1_104' title='bbox 124 1092 270 1164; x_wconf 76' lang='lat' dir='ltr'><strong>gesimus3</strong></span> <span class='ocrx_word' id='word_1_105' title='bbox 290 1091 314 1149; x_wconf 90' lang='lat' dir='ltr'><strong>si</strong></span> <span class='ocrx_word' id='word_1_106' title='bbox 334 1098 431 1149; x_wconf 88' lang='lat' dir='ltr'><strong>autem</strong></span> <span class='ocrx_word' id='word_1_107' title='bbox 459 1096 488 1150; x_wconf 88' lang='lat' dir='ltr'><strong>et</strong></span> <span class='ocrx_word' id='word_1_108' title='bbox 513 1093 610 1150; x_wconf 87' lang='lat' dir='ltr'><strong>omnia</strong></span> <span class='ocrx_word' id='word_1_109' title='bbox 636 1094 740 1151; x_wconf 64' lang='lat' dir='ltr'><strong>isonat</strong></span> <span class='ocrx_word' id='word_1_110' title='bbox 770 1106 838 1147; x_wconf 80' lang='lat' dir='ltr'><strong>cero</strong></span> <span class='ocrx_word' id='word_1_111' title='bbox 864 1092 919 1147; x_wconf 89' lang='lat' dir='ltr'><strong>hoc</strong></span> <span class='ocrx_word' id='word_1_112' title='bbox 946 1089 1055 1146; x_wconf 80' lang='lat' dir='ltr'><strong>iaciunt</strong></span> <span class='ocrx_word' id='word_1_113' title='bbox 1082 1091 1113 1146; x_wconf 84' lang='lat' dir='ltr'><strong>tn</strong></span> <span class='ocrx_word' id='word_1_114' title='bbox 1140 1093 1291 1161; x_wconf 77' lang='lat' dir='ltr'><strong>potientis,</strong></span> <span class='ocrx_word' id='word_1_115' title='bbox 1316 1096 1358 1148; x_wconf 92' lang='lat' dir='ltr'><strong>est</strong></span> 
     </span>
     <span class='ocr_line' id='line_1_12' title="bbox 124 1162 1358 1233; baseline 0 -14"><span class='ocrx_word' id='word_1_116' title='bbox 124 1180 178 1221; x_wconf 89' lang='lat' dir='ltr'><strong>sua</strong></span> <span class='ocrx_word' id='word_1_117' title='bbox 198 1168 392 1233; x_wconf 78' lang='lat' dir='ltr'>contemnant,</span> <span class='ocrx_word' id='word_1_118' title='bbox 407 1169 436 1221; x_wconf 88' lang='lat' dir='ltr'><strong>et</strong></span> <span class='ocrx_word' id='word_1_119' title='bbox 449 1164 588 1222; x_wconf 74' lang='lat' dir='ltr'><strong>accedant</strong></span> <span class='ocrx_word' id='word_1_120' title='bbox 603 1166 639 1222; x_wconf 89' lang='lat' dir='ltr'><strong>ad</strong></span> <span class='ocrx_word' id='word_1_121' title='bbox 655 1182 714 1222; x_wconf 87' lang='lat' dir='ltr'><strong>scr·</strong></span> <span class='ocrx_word' id='word_1_122' title='bbox 770 1170 871 1219; x_wconf 86' lang='lat' dir='ltr'><strong>contra</strong></span> <span class='ocrx_word' id='word_1_123' title='bbox 885 1176 935 1220; x_wconf 88' lang='lat' dir='ltr'><strong>eos</strong></span> <span class='ocrx_word' id='word_1_124' title='bbox 953 1162 1003 1231; x_wconf 76' lang='lat' dir='ltr'><strong>qui</strong></span> <span class='ocrx_word' id='word_1_125' title='bbox 1016 1176 1102 1232; x_wconf 83' lang='lat' dir='ltr'><strong>supra</strong></span> <span class='ocrx_word' id='word_1_126' title='bbox 1118 1166 1237 1233; x_wconf 82' lang='lat' dir='ltr'><strong>petram,</strong></span> <span class='ocrx_word' id='word_1_127' title='bbox 1251 1165 1302 1233; x_wconf 80' lang='lat' dir='ltr'><strong>qut</strong></span> <span class='ocrx_word' id='word_1_128' title='bbox 1318 1162 1358 1219; x_wconf 80' lang='lat' dir='ltr'><strong>nd</strong></span> 
     </span>
     <span class='ocr_line' id='line_1_13' title="bbox 124 1232 1357 1319; baseline -0.001 -28"><span class='ocrx_word' id='word_1_129' title='bbox 124 1234 262 1293; x_wconf 81' lang='lat' dir='ltr'><strong>siendum</strong></span> <span class='ocrx_word' id='word_1_130' title='bbox 278 1237 348 1305; x_wconf 88' lang='lat' dir='ltr'><strong>Deo,</strong></span> <span class='ocrx_word' id='word_1_131' title='bbox 363 1234 471 1293; x_wconf 86' lang='lat' dir='ltr'><strong>habent</strong></span> <span class='ocrx_word' id='word_1_132' title='bbox 483 1235 711 1319; x_wconf 63' lang='lat' dir='ltr'><strong>sexagesimum</strong></span> <span class='ocrx_word' id='word_1_133' title='bbox 771 1239 879 1306; x_wconf 82' lang='lat' dir='ltr'><strong>tompus</strong></span> <span class='ocrx_word' id='word_1_134' title='bbox 895 1232 1019 1301; x_wconf 72' lang='lat' dir='ltr'><strong>eadunt,</strong></span> <span class='ocrx_word' id='word_1_135' title='bbox 1035 1238 1061 1288; x_wconf 88' lang='lat' dir='ltr'><strong>et</strong></span> <span class='ocrx_word' id='word_1_136' title='bbox 1079 1235 1110 1288; x_wconf 83' lang='lat' dir='ltr'><strong>tn</strong></span> <span class='ocrx_word' id='word_1_137' title='bbox 1127 1238 1247 1304; x_wconf 83' lang='lat' dir='ltr'><strong>tempore</strong></span> <span class='ocrx_word' id='word_1_138' title='bbox 1266 1239 1357 1291; x_wconf 79' lang='lat' dir='ltr'><strong>tosta·</strong></span> 
     </span>
     <span class='ocr_line' id='line_1_14' title="bbox 125 1304 1358 1385; baseline 0 -23"><span class='ocrx_word' id='word_1_139' title='bbox 125 1304 150 1363; x_wconf 91' lang='lat' dir='ltr'><strong>si</strong></span> <span class='ocrx_word' id='word_1_140' title='bbox 177 1314 272 1366; x_wconf 90' lang='lat' dir='ltr'><strong>autern</strong></span> <span class='ocrx_word' id='word_1_141' title='bbox 294 1313 323 1364; x_wconf 89' lang='lat' dir='ltr'><strong>ot</strong></span> <span class='ocrx_word' id='word_1_142' title='bbox 349 1312 525 1379; x_wconf 74' lang='lat' dir='ltr'><strong>praeceptum</strong></span> <span class='ocrx_word' id='word_1_143' title='bbox 555 1308 713 1381; x_wconf 79' lang='lat' dir='ltr'><strong>imperialis</strong></span> <span class='ocrx_word' id='word_1_144' title='bbox 770 1309 855 1362; x_wconf 77' lang='lat' dir='ltr'><strong>tionis</strong></span> <span class='ocrx_word' id='word_1_145' title='bbox 879 1305 1018 1385; x_wconf 59' lang='lat' dir='ltr'><strong>recederet.</strong></span> <span class='ocrx_word' id='word_1_146' title='bbox 1035 1306 1123 1361; x_wconf 87' lang='lat' dir='ltr'><strong>Terra</strong></span> <span class='ocrx_word' id='word_1_147' title='bbox 1148 1320 1215 1377; x_wconf 82' lang='lat' dir='ltr'><strong>ergo</strong></span> <span class='ocrx_word' id='word_1_148' title='bbox 1233 1305 1310 1362; x_wconf 87' lang='lat' dir='ltr'><strong>mala</strong></span> <span class='ocrx_word' id='word_1_149' title='bbox 1327 1304 1358 1362; x_wconf 93' lang='lat' dir='ltr'><strong>in</strong></span> 
     </span>
     <span class='ocr_line' id='line_1_15' title="bbox 124 1368 1359 1452; baseline 0 -18"><span class='ocrx_word' id='word_1_150' title='bbox 124 1379 275 1450; x_wconf 65' lang='lat' dir='ltr'><strong>sententiae</strong></span> <span class='ocrx_word' id='word_1_151' title='bbox 290 1380 326 1435; x_wconf 92' lang='lat' dir='ltr'><strong>dc</strong></span> <span class='ocrx_word' id='word_1_152' title='bbox 345 1382 438 1435; x_wconf 90' lang='lat' dir='ltr'><strong>morte</strong></span> <span class='ocrx_word' id='word_1_153' title='bbox 453 1394 553 1437; x_wconf 89' lang='lat' dir='ltr'><strong>corum</strong></span> <span class='ocrx_word' id='word_1_154' title='bbox 567 1396 713 1452; x_wconf 81' lang='lat' dir='ltr'><strong>processe·</strong></span> <span class='ocrx_word' id='word_1_155' title='bbox 737 1368 740 1431; x_wconf 64' lang='grc' dir='ltr'><strong>ἶ</strong></span> <span class='ocrx_word' id='word_1_156' title='bbox 771 1377 845 1446; x_wconf 89' lang='lat' dir='ltr'><strong>loca,</strong></span> <span class='ocrx_word' id='word_1_157' title='bbox 863 1392 947 1433; x_wconf 85' lang='lat' dir='ltr'><strong>secus</strong></span> <span class='ocrx_word' id='word_1_158' title='bbox 964 1390 1050 1444; x_wconf 82' lang='lat' dir='ltr'><strong>riam,</strong></span> <span class='ocrx_word' id='word_1_159' title='bbox 1067 1383 1183 1448; x_wconf 86' lang='lat' dir='ltr'><strong>petrosa</strong></span> <span class='ocrx_word' id='word_1_160' title='bbox 1197 1380 1226 1432; x_wconf 87' lang='lat' dir='ltr'><strong>ct</strong></span> <span class='ocrx_word' id='word_1_161' title='bbox 1241 1376 1359 1449; x_wconf 87' lang='lat' dir='ltr'><strong>spinosa</strong></span> 
     </span>
     <span class='ocr_line' id='line_1_16' title="bbox 124 1446 1360 1521; baseline 0 -16"><span class='ocrx_word' id='word_1_162' title='bbox 124 1450 172 1519; x_wconf 92' lang='lat' dir='ltr'><strong>rit,</strong></span> <span class='ocrx_word' id='word_1_163' title='bbox 185 1450 293 1507; x_wconf 88' lang='lat' dir='ltr'><strong>habeut</strong></span> <span class='ocrx_word' id='word_1_164' title='bbox 310 1450 506 1506; x_wconf 88' lang='lat' dir='ltr'><strong>centesimum.</strong></span> <span class='ocrx_word' id='word_1_165' title='bbox 522 1452 588 1519; x_wconf 78' lang='lat' dir='ltr'><strong>Aut,</strong></span> <span class='ocrx_word' id='word_1_166' title='bbox 598 1453 621 1505; x_wconf 88' lang='lat' dir='ltr'><strong>si</strong></span> <span class='ocrx_word' id='word_1_167' title='bbox 636 1453 713 1509; x_wconf 86' lang='lat' dir='ltr'><strong>hona</strong></span> <span class='ocrx_word' id='word_1_168' title='bbox 737 1454 740 1459; x_wconf 83' lang='lat'>&#39;</span> <span class='ocrx_word' id='word_1_169' title='bbox 771 1447 965 1521; x_wconf 84' lang='lat' dir='ltr'><strong>distinguitur.</strong></span> <span class='ocrx_word' id='word_1_170' title='bbox 978 1446 1034 1504; x_wconf 85' lang='lat' dir='ltr'><strong>Sed</strong></span> <span class='ocrx_word' id='word_1_171' title='bbox 1047 1452 1125 1504; x_wconf 87' lang='lat' dir='ltr'><strong>terra</strong></span> <span class='ocrx_word' id='word_1_172' title='bbox 1137 1448 1211 1505; x_wconf 85' lang='lat' dir='ltr'><strong>bona</strong></span> <span class='ocrx_word' id='word_1_173' title='bbox 1223 1464 1282 1504; x_wconf 91' lang='lat' dir='ltr'><strong>non</strong></span> <span class='ocrx_word' id='word_1_174' title='bbox 1296 1448 1360 1505; x_wconf 87' lang='lat' dir='ltr'><strong>sub-</strong></span> 
     </span>
     <span class='ocr_line' id='line_1_17' title="bbox 124 1517 1360 1592; baseline 0.001 -15"><span class='ocrx_word' id='word_1_175' title='bbox 124 1536 224 1577; x_wconf 87' lang='lat' dir='ltr'><strong>eorum</strong></span> <span class='ocrx_word' id='word_1_176' title='bbox 248 1536 384 1592; x_wconf 86' lang='lat' dir='ltr'><strong>percussa</strong></span> <span class='ocrx_word' id='word_1_177' title='bbox 406 1520 512 1577; x_wconf 88' lang='lat' dir='ltr'><strong>luerint</strong></span> <span class='ocrx_word' id='word_1_178' title='bbox 530 1521 639 1589; x_wconf 79' lang='lat' dir='ltr'><strong>elidii,</strong></span> <span class='ocrx_word' id='word_1_179' title='bbox 660 1524 712 1579; x_wconf 85' lang='lat' dir='ltr'><strong>lra-</strong></span> <span class='ocrx_word' id='word_1_180' title='bbox 771 1519 917 1589; x_wconf 86' lang='lat' dir='ltr'><strong>dividitur,</strong></span> <span class='ocrx_word' id='word_1_181' title='bbox 942 1517 1079 1591; x_wconf 89' lang='lat' dir='ltr'><strong>quoniam</strong></span> <span class='ocrx_word' id='word_1_182' title='bbox 1100 1535 1159 1575; x_wconf 79' lang='lat' dir='ltr'><strong>trun</strong></span> <span class='ocrx_word' id='word_1_183' title='bbox 1175 1526 1218 1575; x_wconf 81' lang='lat' dir='ltr'><strong>cst</strong></span> <span class='ocrx_word' id='word_1_184' title='bbox 1234 1519 1360 1578; x_wconf 80' lang='lat' dir='ltr'><strong>Ecclesia</strong></span> 
     </span>
     <span class='ocr_line' id='line_1_18' title="bbox 124 1590 1359 1661; baseline -0.001 -13"><span class='ocrx_word' id='word_1_185' title='bbox 124 1593 192 1648; x_wconf 79' lang='lat' dir='ltr'><strong>nent</strong></span> <span class='ocrx_word' id='word_1_186' title='bbox 208 1595 427 1661; x_wconf 64' lang='lat' dir='ltr'><strong>sesapestmnm</strong></span> <span class='ocrx_word' id='word_1_187' title='bbox 443 1591 467 1649; x_wconf 92' lang='lat' dir='ltr'><strong>si</strong></span> <span class='ocrx_word' id='word_1_188' title='bbox 482 1599 577 1650; x_wconf 87' lang='lat' dir='ltr'><strong>autem</strong></span> <span class='ocrx_word' id='word_1_189' title='bbox 592 1592 713 1651; x_wconf 87' lang='lat' dir='ltr'><strong>infirmi·</strong></span> <span class='ocrx_word' id='word_1_190' title='bbox 737 1632 740 1645; x_wconf 84' lang='lat'>.</span> <span class='ocrx_word' id='word_1_191' title='bbox 773 1592 850 1648; x_wconf 82' lang='lat' dir='ltr'><strong>&#39;uxta</strong></span> <span class='ocrx_word' id='word_1_192' title='bbox 872 1590 944 1647; x_wconf 91' lang='lat' dir='ltr'><strong>illud</strong></span> <span class='ocrx_word' id='word_1_193' title='bbox 964 1607 971 1646; x_wconf 92' lang='lat'>:</span> <span class='ocrx_word' id='word_1_194' title='bbox 992 1594 1053 1648; x_wconf 84' lang='lat' dir='ltr'><strong>Uno</strong></span> <span class='ocrx_word' id='word_1_195' title='bbox 1074 1597 1114 1646; x_wconf 86' lang='lat' dir='ltr'><strong>est</strong></span> <span class='ocrx_word' id='word_1_196' title='bbox 1136 1591 1261 1647; x_wconf 81' lang='lat' dir='ltr'><strong>columbo</strong></span> <span class='ocrx_word' id='word_1_197' title='bbox 1286 1607 1359 1655; x_wconf 83' lang='lat' dir='ltr'><strong>men,</strong></span> 
     </span>
     <span class='ocr_line' id='line_1_19' title="bbox 124 1660 1359 1736; baseline 0.001 -19"><span class='ocrx_word' id='word_1_198' title='bbox 124 1667 169 1719; x_wconf 88' lang='lat' dir='ltr'><strong>tas</strong></span> <span class='ocrx_word' id='word_1_199' title='bbox 183 1662 280 1734; x_wconf 85' lang='lat' dir='ltr'><strong>aliqua</strong></span> <span class='ocrx_word' id='word_1_200' title='bbox 300 1663 428 1734; x_wconf 89' lang='lat' dir='ltr'><strong>corporis</strong></span> <span class='ocrx_word' id='word_1_201' title='bbox 443 1660 486 1720; x_wconf 90' lang='lat' dir='ltr'><strong>eis</strong></span> <span class='ocrx_word' id='word_1_202' title='bbox 504 1663 667 1736; x_wconf 83' lang='lat' dir='ltr'><strong>contigerit,</strong></span> <span class='ocrx_word' id='word_1_203' title='bbox 684 1670 712 1722; x_wconf 91' lang='lat' dir='ltr'><strong>ot</strong></span> <span class='ocrx_word' id='word_1_204' title='bbox 737 1674 740 1697; x_wconf 83' lang='lat'><strong>¹</strong></span> <span class='ocrx_word' id='word_1_205' title='bbox 781 1662 836 1719; x_wconf 88' lang='lat' dir='ltr'><strong>icet</strong></span> <span class='ocrx_word' id='word_1_206' title='bbox 851 1662 959 1720; x_wconf 81' lang='lat' dir='ltr'><strong>tructus</strong></span> <span class='ocrx_word' id='word_1_207' title='bbox 976 1666 1005 1719; x_wconf 90' lang='lat' dir='ltr'><strong>et</strong></span> <span class='ocrx_word' id='word_1_208' title='bbox 1019 1661 1137 1718; x_wconf 86' lang='lat' dir='ltr'><strong>virtutes</strong></span> <span class='ocrx_word' id='word_1_209' title='bbox 1153 1663 1217 1733; x_wconf 82' lang='lat' dir='ltr'><strong>ejus</strong></span> <span class='ocrx_word' id='word_1_210' title='bbox 1232 1661 1359 1720; x_wconf 87' lang='lat' dir='ltr'><strong>subdiri·</strong></span> 
     </span>
     <span class='ocr_line' id='line_1_20' title="bbox 127 1732 1359 1805; baseline 0.002 -16"><span class='ocrx_word' id='word_1_211' title='bbox 127 1733 251 1791; x_wconf 89' lang='lat' dir='ltr'><strong>lideliter</strong></span> <span class='ocrx_word' id='word_1_212' title='bbox 265 1734 462 1804; x_wconf 77' lang='lat' dir='ltr'><strong>sustinuerint,</strong></span> <span class='ocrx_word' id='word_1_213' title='bbox 478 1736 584 1792; x_wconf 90' lang='lat' dir='ltr'><strong>habent</strong></span> <span class='ocrx_word' id='word_1_214' title='bbox 601 1741 714 1793; x_wconf 73' lang='lat' dir='ltr'><strong>certesi-</strong></span> <span class='ocrx_word' id='word_1_215' title='bbox 737 1758 740 1793; x_wconf 86' lang='grc' dir='ltr'>ι</span> <span class='ocrx_word' id='word_1_216' title='bbox 771 1735 876 1791; x_wconf 90' lang='lat' dir='ltr'><strong>dantur</strong></span> <span class='ocrx_word' id='word_1_217' title='bbox 888 1733 917 1790; x_wconf 91' lang='lat' dir='ltr'><strong>in</strong></span> <span class='ocrx_word' id='word_1_218' title='bbox 935 1732 1134 1802; x_wconf 87' lang='lat' dir='ltr'><strong>centesimum,</strong></span> <span class='ocrx_word' id='word_1_219' title='bbox 1150 1732 1359 1805; x_wconf 81' lang='lat' dir='ltr'><strong>sexagesimum</strong></span> 
     </span>
     <span class='ocr_line' id='line_1_21' title="bbox 122 1804 1359 1878; baseline 0.002 -17"><span class='ocrx_word' id='word_1_220' title='bbox 122 1819 207 1861; x_wconf 83' lang='lat' dir='ltr'><strong>mum.</strong></span> <span class='ocrx_word' id='word_1_221' title='bbox 222 1806 365 1869; x_wconf 82' lang='lat' dir='ltr'><strong>Namtob,</strong></span> <span class='ocrx_word' id='word_1_222' title='bbox 378 1807 653 1877; x_wconf 80' lang='lat' dir='ltr'><strong>entetentationem,</strong></span> <span class='ocrx_word' id='word_1_223' title='bbox 664 1809 713 1865; x_wconf 93' lang='lat' dir='ltr'><strong>tri·</strong></span> <span class='ocrx_word' id='word_1_224' title='bbox 771 1813 799 1863; x_wconf 91' lang='lat' dir='ltr'><strong>et</strong></span> <span class='ocrx_word' id='word_1_225' title='bbox 817 1805 1009 1877; x_wconf 85' lang='lat' dir='ltr'><strong>trigesimum.</strong></span> <span class='ocrx_word' id='word_1_226' title='bbox 1030 1807 1072 1862; x_wconf 90' lang='lat' dir='ltr'><strong>lta</strong></span> <span class='ocrx_word' id='word_1_227' title='bbox 1091 1804 1177 1861; x_wconf 85' lang='lat' dir='ltr'><strong>ctiam</strong></span> <span class='ocrx_word' id='word_1_228' title='bbox 1193 1811 1222 1861; x_wconf 88' lang='lat' dir='ltr'><strong>et</strong></span> <span class='ocrx_word' id='word_1_229' title='bbox 1239 1805 1359 1878; x_wconf 76' lang='lat' dir='ltr'><strong>premia</strong></span> 
     </span>
     <span class='ocr_line' id='line_1_22' title="bbox 124 1875 1360 1959; baseline 0.002 -26"><span class='ocrx_word' id='word_1_230' title='bbox 124 1876 265 1959; x_wconf 69' lang='lat' dir='ltr'><strong>gesimum</strong></span> <span class='ocrx_word' id='word_1_231' title='bbox 284 1876 385 1935; x_wconf 86' lang='lat' dir='ltr'><strong>habuit</strong></span> <span class='ocrx_word' id='word_1_232' title='bbox 401 1877 432 1935; x_wconf 94' lang='lat' dir='ltr'><strong>in</strong></span> <span class='ocrx_word' id='word_1_233' title='bbox 451 1878 634 1937; x_wconf 83' lang='lat' dir='ltr'><strong>facultatibus</strong></span> <span class='ocrx_word' id='word_1_234' title='bbox 654 1880 713 1938; x_wconf 91' lang='lat' dir='ltr'><strong>suis</strong></span> <span class='ocrx_word' id='word_1_235' title='bbox 770 1877 885 1935; x_wconf 86' lang='lat' dir='ltr'><strong>diversa</strong></span> <span class='ocrx_word' id='word_1_236' title='bbox 908 1883 977 1935; x_wconf 89' lang='lat' dir='ltr'><strong>sunt</strong></span> <span class='ocrx_word' id='word_1_237' title='bbox 1001 1894 1008 1934; x_wconf 91' lang='lat'>:</span> <span class='ocrx_word' id='word_1_238' title='bbox 1035 1875 1102 1949; x_wconf 91' lang='lat' dir='ltr'><strong>quia</strong></span> <span class='ocrx_word' id='word_1_239' title='bbox 1126 1878 1222 1947; x_wconf 75' lang='lat' dir='ltr'><strong>diffset</strong></span> <span class='ocrx_word' id='word_1_240' title='bbox 1241 1878 1324 1933; x_wconf 77' lang='lat' dir='ltr'><strong>stelle</strong></span> <span class='ocrx_word' id='word_1_241' title='bbox 1340 1894 1360 1935; x_wconf 89' lang='lat' dir='ltr'><strong>n</strong></span> 
     </span>
     <span class='ocr_line' id='line_1_23' title="bbox 120 1947 1357 2023; baseline 0.002 -19"><span class='ocrx_word' id='word_1_242' title='bbox 120 1956 200 2021; x_wconf 83' lang='lat' dir='ltr'><strong>Juste</strong></span> <span class='ocrx_word' id='word_1_243' title='bbox 216 1950 353 2018; x_wconf 80' lang='lat' dir='ltr'><strong>rivend03</strong></span> <span class='ocrx_word' id='word_1_244' title='bbox 374 1957 439 2022; x_wconf 90' lang='lat' dir='ltr'><strong>post</strong></span> <span class='ocrx_word' id='word_1_245' title='bbox 454 1952 560 2008; x_wconf 90' lang='lat' dir='ltr'><strong>damna</strong></span> <span class='ocrx_word' id='word_1_246' title='bbox 578 1953 712 2010; x_wconf 84' lang='lat' dir='ltr'><strong>substan·</strong></span> <span class='ocrx_word' id='word_1_247' title='bbox 770 1952 852 2006; x_wconf 83' lang='lat' dir='ltr'><strong>stella</strong></span> <span class='ocrx_word' id='word_1_248' title='bbox 868 1949 899 2006; x_wconf 94' lang='lat' dir='ltr'><strong>in</strong></span> <span class='ocrx_word' id='word_1_249' title='bbox 914 1949 1044 2023; x_wconf 76' lang='lat' dir='ltr'><strong>praemio,</strong></span> <span class='ocrx_word' id='word_1_250' title='bbox 1058 1947 1131 2005; x_wconf 90' lang='lat' dir='ltr'><strong>sicut</strong></span> <span class='ocrx_word' id='word_1_251' title='bbox 1154 1948 1226 2004; x_wconf 85' lang='lat' dir='ltr'><strong>etin</strong></span> <span class='ocrx_word' id='word_1_252' title='bbox 1243 1949 1357 2006; x_wconf 87' lang='lat' dir='ltr'><strong>merito.</strong></span> 
     </span>
     <span class='ocr_line' id='line_1_24' title="bbox 125 2020 1356 2106; baseline 0 -29"><span class='ocrx_word' id='word_1_253' title='bbox 125 2020 174 2078; x_wconf 78' lang='lat' dir='ltr'><strong>tiae</strong></span> <span class='ocrx_word' id='word_1_254' title='bbox 198 2026 227 2077; x_wconf 91' lang='lat' dir='ltr'><strong>ot</strong></span> <span class='ocrx_word' id='word_1_255' title='bbox 252 2022 389 2091; x_wconf 86' lang='lat' dir='ltr'><strong>filiorum,</strong></span> <span class='ocrx_word' id='word_1_256' title='bbox 404 2023 627 2106; x_wconf 67' lang='lat' dir='ltr'><strong>sexagesimum</strong></span> <span class='ocrx_word' id='word_1_257' title='bbox 648 2031 713 2097; x_wconf 92' lang='lat' dir='ltr'><strong>post</strong></span> <span class='ocrx_word' id='word_1_258' title='bbox 770 2023 811 2078; x_wconf 89' lang='lat' dir='ltr'><strong>De</strong></span> <span class='ocrx_word' id='word_1_259' title='bbox 825 2021 934 2078; x_wconf 90' lang='lat' dir='ltr'><strong>semine</strong></span> <span class='ocrx_word' id='word_1_260' title='bbox 956 2020 1053 2093; x_wconf 88' lang='lat' dir='ltr'><strong>itaque</strong></span> <span class='ocrx_word' id='word_1_261' title='bbox 1077 2026 1136 2077; x_wconf 88' lang='lat' dir='ltr'><strong>tres</strong></span> <span class='ocrx_word' id='word_1_262' title='bbox 1159 2026 1267 2092; x_wconf 88' lang='lat' dir='ltr'><strong>partes,</strong></span> <span class='ocrx_word' id='word_1_263' title='bbox 1283 2021 1356 2093; x_wconf 85' lang='lat' dir='ltr'><strong>proh</strong></span> 
     </span>
     <span class='ocr_line' id='line_1_25' title="bbox 145 2091 1359 2167; baseline 0 -18"><span class='ocrx_word' id='word_1_264' title='bbox 145 2092 238 2165; x_wconf 80' lang='lat' dir='ltr'><strong>lagam</strong></span> <span class='ocrx_word' id='word_1_265' title='bbox 255 2100 350 2152; x_wconf 87' lang='lat' dir='ltr'><strong>autern</strong></span> <span class='ocrx_word' id='word_1_266' title='bbox 370 2111 509 2167; x_wconf 81' lang='lat' dir='ltr'><strong>corporis,</strong></span> <span class='ocrx_word' id='word_1_267' title='bbox 524 2096 713 2153; x_wconf 88' lang='lat' dir='ltr'><strong>centesimum</strong></span> <span class='ocrx_word' id='word_1_268' title='bbox 770 2093 870 2149; x_wconf 91' lang='lat' dir='ltr'><strong>dolor!</strong></span> <span class='ocrx_word' id='word_1_269' title='bbox 892 2098 1022 2166; x_wconf 92' lang='lat' dir='ltr'><strong>pereunt,</strong></span> <span class='ocrx_word' id='word_1_270' title='bbox 1037 2106 1071 2149; x_wconf 87' lang='lat' dir='ltr'><strong>ac</strong></span> <span class='ocrx_word' id='word_1_271' title='bbox 1095 2107 1154 2147; x_wconf 82' lang='lat' dir='ltr'><strong>uns</strong></span> <span class='ocrx_word' id='word_1_272' title='bbox 1176 2097 1286 2148; x_wconf 88' lang='lat' dir='ltr'><strong>tantum</strong></span> <span class='ocrx_word' id='word_1_273' title='bbox 1303 2091 1359 2149; x_wconf 85' lang='lat' dir='ltr'><strong>sal·</strong></span> 
     </span>
     <span class='ocr_line' id='line_1_26' title="bbox 123 2108 1356 2238; baseline 0 -17"><span class='ocrx_word' id='word_1_274' title='bbox 123 2108 201 2221; x_wconf 53' lang='lat' dir='ltr'><strong>iecit.</strong></span> <span class='ocrx_word' id='word_1_275' title='bbox 218 2165 271 2232; x_wconf 83' lang='lat' dir='ltr'><strong>Qui</strong></span> <span class='ocrx_word' id='word_1_276' title='bbox 300 2166 487 2223; x_wconf 88' lang='lat' dir='ltr'><strong>centesimum</strong></span> <span class='ocrx_word' id='word_1_277' title='bbox 513 2167 601 2224; x_wconf 88' lang='lat' dir='ltr'><strong>habet</strong></span> <span class='ocrx_word' id='word_1_278' title='bbox 616 2167 646 2224; x_wconf 92' lang='lat' dir='ltr'><strong>in</strong></span> <span class='ocrx_word' id='word_1_279' title='bbox 670 2184 712 2238; x_wconf 88' lang='lat' dir='ltr'><strong>se,</strong></span> <span class='ocrx_word' id='word_1_280' title='bbox 768 2169 890 2221; x_wconf 74' lang='lat' dir='ltr'><strong>saturet</strong></span> <span class='ocrx_word' id='word_1_281' title='bbox 901 2164 1030 2237; x_wconf 80' lang='lat' dir='ltr'><strong>proficit3</strong></span> <span class='ocrx_word' id='word_1_282' title='bbox 1047 2168 1075 2220; x_wconf 89' lang='lat' dir='ltr'><strong>et</strong></span> <span class='ocrx_word' id='word_1_283' title='bbox 1087 2179 1178 2235; x_wconf 88' lang='lat' dir='ltr'><strong>neque</strong></span> <span class='ocrx_word' id='word_1_284' title='bbox 1192 2164 1246 2219; x_wconf 90' lang='lat' dir='ltr'><strong>hoc</strong></span> <span class='ocrx_word' id='word_1_285' title='bbox 1261 2178 1356 2236; x_wconf 77' lang='lat' dir='ltr'><strong>aequa·</strong></span> 
     </span>
     <span class='ocr_line' id='line_1_27' title="bbox 124 2234 1355 2309; baseline 0.001 -18"><span class='ocrx_word' id='word_1_286' title='bbox 124 2240 154 2291; x_wconf 91' lang='lat' dir='ltr'><strong>et</strong></span> <span class='ocrx_word' id='word_1_287' title='bbox 168 2236 376 2301; x_wconf 63' lang='lat' dir='ltr'><strong>sexagesimum</strong></span> <span class='ocrx_word' id='word_1_288' title='bbox 391 2237 488 2306; x_wconf 85' lang='lat' dir='ltr'><strong>habet,</strong></span> <span class='ocrx_word' id='word_1_289' title='bbox 501 2243 586 2309; x_wconf 85' lang='lat' dir='ltr'><strong>atquc</strong></span> <span class='ocrx_word' id='word_1_290' title='bbox 599 2238 712 2309; x_wconf 81' lang='lat' dir='ltr'><strong>trigesi-</strong></span> <span class='ocrx_word' id='word_1_291' title='bbox 771 2235 846 2305; x_wconf 87' lang='lat' dir='ltr'><strong>liter,</strong></span> <span class='ocrx_word' id='word_1_292' title='bbox 879 2237 930 2293; x_wconf 89' lang='lat' dir='ltr'><strong>sed</strong></span> <span class='ocrx_word' id='word_1_293' title='bbox 957 2252 1023 2292; x_wconf 91' lang='lat' dir='ltr'><strong>cum</strong></span> <span class='ocrx_word' id='word_1_294' title='bbox 1056 2234 1146 2291; x_wconf 84' lang='lat' dir='ltr'><strong>multa</strong></span> <span class='ocrx_word' id='word_1_295' title='bbox 1180 2234 1355 2292; x_wconf 83' lang='lat' dir='ltr'><strong>dillerentia.</strong></span> 
     </span>
     <span class='ocr_line' id='line_1_28' title="bbox 125 2306 1356 2378; baseline 0.002 -16"><span class='ocrx_word' id='word_1_296' title='bbox 125 2321 215 2362; x_wconf 91' lang='lat' dir='ltr'><strong>mum.</strong></span> <span class='ocrx_word' id='word_1_297' title='bbox 236 2308 257 2361; x_wconf 83' lang='lat' dir='ltr'>E</span> <span class='ocrx_word' id='word_1_298' title='bbox 273 2313 382 2375; x_wconf 86' lang='lat' dir='ltr'><strong>contra,</strong></span> <span class='ocrx_word' id='word_1_299' title='bbox 397 2306 446 2378; x_wconf 88' lang='lat' dir='ltr'><strong>qui</strong></span> <span class='ocrx_word' id='word_1_300' title='bbox 464 2307 501 2363; x_wconf 90' lang='lat' dir='ltr'><strong>tri</strong></span> <span class='ocrx_word' id='word_1_301' title='bbox 522 2307 645 2365; x_wconf 90' lang='lat' dir='ltr'><strong>esimum</strong></span> <span class='ocrx_word' id='word_1_302' title='bbox 661 2311 712 2369; x_wconf 85' lang='lat' dir='ltr'><strong>lra-</strong></span> <span class='ocrx_word' id='word_1_303' title='bbox 738 2354 740 2361; x_wconf 94' lang='lat'><em>.</em></span> <span class='ocrx_word' id='word_1_304' title='bbox 770 2307 904 2374; x_wconf 74' lang='lat' dir='ltr'><strong>Quantus</strong></span> <span class='ocrx_word' id='word_1_305' title='bbox 919 2307 995 2363; x_wconf 90' lang='lat' dir='ltr'><strong>enim</strong></span> <span class='ocrx_word' id='word_1_306' title='bbox 1010 2323 1108 2364; x_wconf 85' lang='lat' dir='ltr'><strong>semen</strong></span> <span class='ocrx_word' id='word_1_307' title='bbox 1124 2306 1211 2363; x_wconf 71' lang='lat' dir='ltr'><strong>divini</strong></span> <span class='ocrx_word' id='word_1_308' title='bbox 1224 2306 1304 2365; x_wconf 75' lang='lat' dir='ltr'><strong>serbi</strong></span> <span class='ocrx_word' id='word_1_309' title='bbox 1318 2306 1356 2365; x_wconf 89' lang='lat' dir='ltr'><strong>de</strong></span> 
     </span>
     <span class='ocr_line' id='line_1_29' title="bbox 124 2324 1358 2453; baseline 0.002 -19"><span class='ocrx_word' id='word_1_310' title='bbox 124 2376 184 2447; x_wconf 87' lang='lat' dir='ltr'><strong>bet,</strong></span> <span class='ocrx_word' id='word_1_311' title='bbox 205 2377 412 2448; x_wconf 77' lang='lat' dir='ltr'><strong>sexagesimum</strong></span> <span class='ocrx_word' id='word_1_312' title='bbox 431 2394 490 2435; x_wconf 91' lang='lat' dir='ltr'><strong>non</strong></span> <span class='ocrx_word' id='word_1_313' title='bbox 503 2324 606 2448; x_wconf 54' lang='lat' dir='ltr'><strong>isabel,</strong></span> <span class='ocrx_word' id='word_1_314' title='bbox 620 2386 648 2436; x_wconf 90' lang='lat' dir='ltr'><strong>et</strong></span> <span class='ocrx_word' id='word_1_315' title='bbox 664 2380 713 2453; x_wconf 90' lang='lat' dir='ltr'><strong>qui</strong></span> <span class='ocrx_word' id='word_1_316' title='bbox 737 2380 740 2397; x_wconf 93' lang='lat'>&#39;</span> <span class='ocrx_word' id='word_1_317' title='bbox 770 2394 801 2434; x_wconf 91' lang='lat' dir='ltr'><strong>se</strong></span> <span class='ocrx_word' id='word_1_318' title='bbox 819 2378 856 2434; x_wconf 87' lang='lat' dir='ltr'><strong>sit</strong></span> <span class='ocrx_word' id='word_1_319' title='bbox 868 2379 1044 2446; x_wconf 73' lang='lat' dir='ltr'><strong>seecundum,</strong></span> <span class='ocrx_word' id='word_1_320' title='bbox 1059 2378 1091 2434; x_wconf 91' lang='lat' dir='ltr'><strong>tit</strong></span> <span class='ocrx_word' id='word_1_321' title='bbox 1103 2385 1208 2447; x_wconf 83' lang='lat' dir='ltr'><strong>tamen,</strong></span> <span class='ocrx_word' id='word_1_322' title='bbox 1221 2384 1254 2434; x_wconf 94' lang='lat' dir='ltr'><strong>ut</strong></span> <span class='ocrx_word' id='word_1_323' title='bbox 1264 2377 1358 2436; x_wconf 80' lang='lat' dir='ltr'><strong>visum</strong></span> 
     </span>
     <span class='ocr_line' id='line_1_30' title="bbox 124 2447 1357 2523; baseline 0.003 -20"><span class='ocrx_word' id='word_1_324' title='bbox 124 2447 332 2519; x_wconf 80' lang='lat' dir='ltr'><strong>sexagesimum</strong></span> <span class='ocrx_word' id='word_1_325' title='bbox 359 2450 455 2519; x_wconf 86' lang='lat' dir='ltr'><strong>habet,</strong></span> <span class='ocrx_word' id='word_1_326' title='bbox 472 2465 529 2507; x_wconf 91' lang='lat' dir='ltr'><strong>non</strong></span> <span class='ocrx_word' id='word_1_327' title='bbox 545 2448 740 2517; x_wconf 65' lang='lat' dir='ltr'><strong>etiamsed!</strong></span> <span class='ocrx_word' id='word_1_328' title='bbox 770 2454 824 2518; x_wconf 85' lang='lat' dir='ltr'><strong>est,</strong></span> <span class='ocrx_word' id='word_1_329' title='bbox 851 2449 1002 2523; x_wconf 83' lang='lat' dir='ltr'><strong>tripliciter</strong></span> <span class='ocrx_word' id='word_1_330' title='bbox 1031 2449 1248 2507; x_wconf 79' lang='lat' dir='ltr'><strong>infructuosum.</strong></span> <span class='ocrx_word' id='word_1_331' title='bbox 1275 2449 1357 2507; x_wconf 85' lang='lat' dir='ltr'><strong>Unde</strong></span> 
     </span>
     <span class='ocr_line' id='line_1_31' title="bbox 124 2519 1357 2595; baseline 0.001 -19"><span class='ocrx_word' id='word_1_332' title='bbox 124 2519 258 2577; x_wconf 87' lang='lat' dir='ltr'><strong>tesimum</strong></span> <span class='ocrx_word' id='word_1_333' title='bbox 279 2521 375 2578; x_wconf 85' lang='lat' dir='ltr'><strong>habet.</strong></span> <span class='ocrx_word' id='word_1_334' title='bbox 395 2524 513 2594; x_wconf 83' lang='lat' dir='ltr'><strong>Semper</strong></span> <span class='ocrx_word' id='word_1_335' title='bbox 526 2523 602 2580; x_wconf 90' lang='lat' dir='ltr'><strong>enim</strong></span> <span class='ocrx_word' id='word_1_336' title='bbox 618 2525 713 2595; x_wconf 85' lang='lat' dir='ltr'><strong>majus</strong></span> <span class='ocrx_word' id='word_1_337' title='bbox 770 2521 810 2578; x_wconf 85' lang='lat' dir='ltr'><strong>ait</strong></span> <span class='ocrx_word' id='word_1_338' title='bbox 823 2523 1008 2594; x_wconf 74' lang='lat' dir='ltr'><strong>Theophilus:</strong></span> <span class='ocrx_word' id='word_1_339' title='bbox 1024 2544 1038 2575; x_wconf 80' lang='lat' dir='ltr'><strong>u</strong></span> <span class='ocrx_word' id='word_1_340' title='bbox 1048 2522 1118 2579; x_wconf 76' lang='lat' dir='ltr'><strong>l&#39;ide</strong></span> <span class='ocrx_word' id='word_1_341' title='bbox 1133 2522 1277 2593; x_wconf 89' lang='lat' dir='ltr'><strong>quomodo</strong></span> <span class='ocrx_word' id='word_1_342' title='bbox 1288 2520 1357 2579; x_wconf 85' lang='lat' dir='ltr'><strong>mali</strong></span> 
     </span>
     <span class='ocr_line' id='line_1_32' title="bbox 124 2586 1357 2667; baseline 0.002 -19"><span class='ocrx_word' id='word_1_343' title='bbox 124 2592 202 2664; x_wconf 88' lang='lat' dir='ltr'><strong>quod</strong></span> <span class='ocrx_word' id='word_1_344' title='bbox 227 2591 324 2650; x_wconf 88' lang='lat' dir='ltr'><strong>minus</strong></span> <span class='ocrx_word' id='word_1_345' title='bbox 350 2598 394 2650; x_wconf 90' lang='lat' dir='ltr'><strong>est</strong></span> <span class='ocrx_word' id='word_1_346' title='bbox 417 2592 445 2650; x_wconf 94' lang='lat' dir='ltr'><strong>in</strong></span> <span class='ocrx_word' id='word_1_347' title='bbox 468 2610 498 2651; x_wconf 90' lang='lat' dir='ltr'><strong>se</strong></span> <span class='ocrx_word' id='word_1_348' title='bbox 519 2594 624 2665; x_wconf 85' lang='lat' dir='ltr'><strong>habet;</strong></span> <span class='ocrx_word' id='word_1_349' title='bbox 642 2595 713 2653; x_wconf 92' lang='lat' dir='ltr'><strong>illud</strong></span> <span class='ocrx_word' id='word_1_350' title='bbox 737 2586 740 2639; x_wconf 74' lang='lat' dir='ltr'><strong>l</strong></span> <span class='ocrx_word' id='word_1_351' title='bbox 770 2598 837 2651; x_wconf 92' lang='lat' dir='ltr'><strong>sunt</strong></span> <span class='ocrx_word' id='word_1_352' title='bbox 865 2593 991 2667; x_wconf 92' lang='lat' dir='ltr'><strong>plurimi,</strong></span> <span class='ocrx_word' id='word_1_353' title='bbox 1023 2599 1052 2650; x_wconf 90' lang='lat' dir='ltr'><strong>et</strong></span> <span class='ocrx_word' id='word_1_354' title='bbox 1079 2594 1161 2666; x_wconf 86' lang='lat' dir='ltr'><strong>pauci</strong></span> <span class='ocrx_word' id='word_1_355' title='bbox 1190 2594 1357 2662; x_wconf 60' lang='lat' dir='ltr'><strong>salientum</strong></span> 
     </span>
     <span class='ocr_line' id='line_1_33' title="bbox 124 2656 1359 2740; baseline 0.001 -18"><span class='ocrx_word' id='word_1_356' title='bbox 124 2669 221 2722; x_wconf 89' lang='lat' dir='ltr'><strong>autem</strong></span> <span class='ocrx_word' id='word_1_357' title='bbox 246 2666 323 2736; x_wconf 83' lang='lat' dir='ltr'><strong>quod</strong></span> <span class='ocrx_word' id='word_1_358' title='bbox 346 2665 442 2723; x_wconf 89' lang='lat' dir='ltr'><strong>minus</strong></span> <span class='ocrx_word' id='word_1_359' title='bbox 462 2671 516 2735; x_wconf 88' lang='lat' dir='ltr'><strong>est,</strong></span> <span class='ocrx_word' id='word_1_360' title='bbox 532 2669 625 2740; x_wconf 79' lang='lat' dir='ltr'><strong>majus</strong></span> <span class='ocrx_word' id='word_1_361' title='bbox 637 2666 667 2724; x_wconf 90' lang='lat' dir='ltr'><strong>in</strong></span> <span class='ocrx_word' id='word_1_362' title='bbox 682 2684 713 2725; x_wconf 88' lang='lat' dir='ltr'><strong>se</strong></span> <span class='ocrx_word' id='word_1_363' title='bbox 737 2656 740 2683; x_wconf 82' lang='lat'>¹</span> <span class='ocrx_word' id='word_1_364' title='bbox 770 2671 872 2738; x_wconf 85' lang='lat' dir='ltr'><strong>quarta</strong></span> <span class='ocrx_word' id='word_1_365' title='bbox 887 2666 962 2724; x_wconf 90' lang='lat' dir='ltr'><strong>enim</strong></span> <span class='ocrx_word' id='word_1_366' title='bbox 978 2681 1045 2737; x_wconf 87' lang='lat' dir='ltr'><strong>pars</strong></span> <span class='ocrx_word' id='word_1_367' title='bbox 1059 2664 1177 2722; x_wconf 81' lang='lat' dir='ltr'><strong>seminis</strong></span> <span class='ocrx_word' id='word_1_368' title='bbox 1189 2666 1299 2723; x_wconf 75' lang='lat' dir='ltr'><strong>saltata</strong></span> <span class='ocrx_word' id='word_1_369' title='bbox 1313 2666 1359 2723; x_wconf 90' lang='lat' dir='ltr'><strong>in·</strong></span> 
     </span>
     <span class='ocr_line' id='line_1_34' title="bbox 125 2737 1357 2821; baseline 0.002 -29"><span class='ocrx_word' id='word_1_370' title='bbox 125 2751 185 2792; x_wconf 90' lang='lat' dir='ltr'><strong>non</strong></span> <span class='ocrx_word' id='word_1_371' title='bbox 212 2737 300 2792; x_wconf 80' lang='lat' dir='ltr'><strong>habet</strong></span> <span class='ocrx_word' id='word_1_372' title='bbox 329 2753 336 2792; x_wconf 91' lang='lat'>:</span> <span class='ocrx_word' id='word_1_373' title='bbox 366 2756 382 2791; x_wconf 83' lang='lat' dir='ltr'><strong>o</strong></span> <span class='ocrx_word' id='word_1_374' title='bbox 403 2738 465 2795; x_wconf 84' lang='lat' dir='ltr'><strong>haec</strong></span> <span class='ocrx_word' id='word_1_375' title='bbox 490 2740 709 2809; x_wconf 72' lang='lat' dir='ltr'><strong>chrysostomus.</strong></span> <span class='ocrx_word' id='word_1_376' title='bbox 737 2762 740 2821; x_wconf 80' lang='lat'><strong>,</strong></span> <span class='ocrx_word' id='word_1_377' title='bbox 768 2737 893 2798; x_wconf 70' lang='lat' dir='ltr'><strong>venitur.</strong></span> <span class='ocrx_word' id='word_1_378' title='bbox 910 2758 923 2786; x_wconf 72' lang='lat' dir='ltr'><strong>e</strong></span> <span class='ocrx_word' id='word_1_379' title='bbox 941 2739 980 2794; x_wconf 83' lang='lat' dir='ltr'><strong>Eu</strong></span> <span class='ocrx_word' id='word_1_380' title='bbox 997 2753 1053 2809; x_wconf 89' lang='lat' dir='ltr'><strong>quo</strong></span> <span class='ocrx_word' id='word_1_381' title='bbox 1068 2742 1146 2808; x_wconf 88' lang='lat' dir='ltr'><strong>patet</strong></span> <span class='ocrx_word' id='word_1_382' title='bbox 1158 2738 1246 2809; x_wconf 92' lang='lat' dir='ltr'><strong>quod,</strong></span> <span class='ocrx_word' id='word_1_383' title='bbox 1262 2751 1357 2794; x_wconf 80' lang='lat' dir='ltr'><strong>exem·</strong></span> 
     </span>
     <span class='ocr_line' id='line_1_35' title="bbox 127 2801 1356 2886; baseline 0.003 -24"><span class='ocrx_word' id='word_1_384' title='bbox 127 2809 207 2886; x_wconf 77' lang='lat' dir='ltr'><strong>item,</strong></span> <span class='ocrx_word' id='word_1_385' title='bbox 224 2812 257 2861; x_wconf 92' lang='lat' dir='ltr'><strong>ut</strong></span> <span class='ocrx_word' id='word_1_386' title='bbox 284 2806 353 2862; x_wconf 90' lang='lat' dir='ltr'><strong>dicit</strong></span> <span class='ocrx_word' id='word_1_387' title='bbox 375 2811 517 2876; x_wconf 78' lang='lat' dir='ltr'><strong>ltemiptus</strong></span> <span class='ocrx_word' id='word_1_388' title='bbox 540 2826 547 2866; x_wconf 91' lang='lat'>:</span> <span class='ocrx_word' id='word_1_389' title='bbox 574 2829 589 2863; x_wconf 91' lang='lat'>«</span> <span class='ocrx_word' id='word_1_390' title='bbox 610 2811 712 2867; x_wconf 83' lang='lat' dir='ltr'><strong>Serucn</strong></span> <span class='ocrx_word' id='word_1_391' title='bbox 737 2864 740 2873; x_wconf 89' lang='grc'><strong>,</strong></span> <span class='ocrx_word' id='word_1_392' title='bbox 769 2808 816 2880; x_wconf 89' lang='lat' dir='ltr'><strong>plo</strong></span> <span class='ocrx_word' id='word_1_393' title='bbox 836 2801 950 2878; x_wconf 79' lang='lat' dir='ltr'><strong>Christi,</strong></span> <span class='ocrx_word' id='word_1_394' title='bbox 964 2808 1137 2881; x_wconf 76' lang='lat' dir='ltr'><strong>predicator</strong></span> <span class='ocrx_word' id='word_1_395' title='bbox 1162 2809 1241 2865; x_wconf 71' lang='lat' dir='ltr'><strong>nerlii</strong></span> <span class='ocrx_word' id='word_1_396' title='bbox 1267 2807 1356 2866; x_wconf 78' lang='lat' dir='ltr'><strong>diuini</strong></span> 
     </span>
     <span class='ocr_line' id='line_1_36' title="bbox 124 2877 1356 2952; baseline 0.008 -23"><span class='ocrx_word' id='word_1_397' title='bbox 124 2878 203 2933; x_wconf 78' lang='lat' dir='ltr'><strong>corbi</strong></span> <span class='ocrx_word' id='word_1_398' title='bbox 225 2877 273 2932; x_wconf 85' lang='lat' dir='ltr'><strong>Dei</strong></span> <span class='ocrx_word' id='word_1_399' title='bbox 302 2881 474 2946; x_wconf 77' lang='lat' dir='ltr'><strong>tripesimum</strong></span> <span class='ocrx_word' id='word_1_400' title='bbox 495 2882 617 2947; x_wconf 68' lang='lat' dir='ltr'><strong>motum</strong></span> <span class='ocrx_word' id='word_1_401' title='bbox 634 2881 712 2951; x_wconf 84' lang='lat' dir='ltr'><strong>tacit,</strong></span> <span class='ocrx_word' id='word_1_402' title='bbox 737 2930 740 2937; x_wconf 93' lang='lat'><em>.</em></span> <span class='ocrx_word' id='word_1_403' title='bbox 769 2895 829 2935; x_wconf 92' lang='lat' dir='ltr'><strong>non</strong></span> <span class='ocrx_word' id='word_1_404' title='bbox 856 2880 942 2937; x_wconf 88' lang='lat' dir='ltr'><strong>debet</strong></span> <span class='ocrx_word' id='word_1_405' title='bbox 967 2896 1115 2938; x_wconf 83' lang='lat' dir='ltr'><strong>cessarea</strong></span> <span class='ocrx_word' id='word_1_406' title='bbox 1138 2879 1356 2952; x_wconf 63' lang='lat' dir='ltr'><strong>predicatione,</strong></span> 
     </span>
     <span class='ocr_line' id='line_1_37' title="bbox 125 2947 1355 3024; baseline 0.006 -21"><span class='ocrx_word' id='word_1_407' title='bbox 125 2947 240 3020; x_wconf 88' lang='lat' dir='ltr'><strong>quando</strong></span> <span class='ocrx_word' id='word_1_408' title='bbox 261 2948 367 3004; x_wconf 75' lang='lat' dir='ltr'><strong>lionam</strong></span> <span class='ocrx_word' id='word_1_409' title='bbox 382 2948 582 3021; x_wconf 83' lang='lat' dir='ltr'><strong>cogitationem</strong></span> <span class='ocrx_word' id='word_1_410' title='bbox 601 2951 710 3023; x_wconf 81' lang='lat' dir='ltr'><strong>gignit3</strong></span> <span class='ocrx_word' id='word_1_411' title='bbox 769 2949 835 3007; x_wconf 89' lang='lat' dir='ltr'><strong>licet</strong></span> <span class='ocrx_word' id='word_1_412' title='bbox 859 2951 955 3008; x_wconf 86' lang='lat' dir='ltr'><strong>rideat</strong></span> <span class='ocrx_word' id='word_1_413' title='bbox 981 2951 1049 3010; x_wconf 87' lang='lat' dir='ltr'><strong>inde</strong></span> <span class='ocrx_word' id='word_1_414' title='bbox 1075 2968 1179 3024; x_wconf 84' lang='lat' dir='ltr'><strong>paucos</strong></span> <span class='ocrx_word' id='word_1_415' title='bbox 1198 2952 1355 3023; x_wconf 85' lang='lat' dir='ltr'><strong>proficere;</strong></span> 
     </span>
     <span class='ocr_line' id='line_1_38' title="bbox 125 3006 1355 3095; baseline 0.005 -21"><span class='ocrx_word' id='word_1_416' title='bbox 125 3020 338 3088; x_wconf 80' lang='lat' dir='ltr'><strong>sesnpesimum,</strong></span> <span class='ocrx_word' id='word_1_417' title='bbox 350 3020 464 3090; x_wconf 86' lang='lat' dir='ltr'><strong>quando</strong></span> <span class='ocrx_word' id='word_1_418' title='bbox 477 3021 583 3078; x_wconf 89' lang='lat' dir='ltr'><strong>honam</strong></span> <span class='ocrx_word' id='word_1_419' title='bbox 598 3022 714 3081; x_wconf 91' lang='lat' dir='ltr'><strong>locutio-</strong></span> <span class='ocrx_word' id='word_1_420' title='bbox 737 3006 740 3075; x_wconf 79' lang='lat' dir='ltr'><strong>i</strong></span> <span class='ocrx_word' id='word_1_421' title='bbox 769 3021 838 3094; x_wconf 88' lang='lat' dir='ltr'><strong>quia</strong></span> <span class='ocrx_word' id='word_1_422' title='bbox 852 3023 959 3079; x_wconf 85' lang='lat' dir='ltr'><strong>taciens</strong></span> <span class='ocrx_word' id='word_1_423' title='bbox 974 3024 1050 3095; x_wconf 87' lang='lat' dir='ltr'><strong>quod</strong></span> <span class='ocrx_word' id='word_1_424' title='bbox 1066 3023 1094 3080; x_wconf 92' lang='lat' dir='ltr'><strong>in</strong></span> <span class='ocrx_word' id='word_1_425' title='bbox 1109 3040 1139 3080; x_wconf 86' lang='lat' dir='ltr'><strong>se</strong></span> <span class='ocrx_word' id='word_1_426' title='bbox 1153 3032 1205 3085; x_wconf 81' lang='lat' dir='ltr'><strong>est.</strong></span> <span class='ocrx_word' id='word_1_427' title='bbox 1221 3023 1355 3081; x_wconf 90' lang='lat' dir='ltr'><strong>meritum</strong></span> 
     </span>
     <span class='ocr_line' id='line_1_39' title="bbox 128 3092 1355 3166; baseline 0.007 -21"><span class='ocrx_word' id='word_1_428' title='bbox 128 3105 212 3156; x_wconf 89' lang='lat' dir='ltr'><strong>nem;</strong></span> <span class='ocrx_word' id='word_1_429' title='bbox 233 3094 417 3157; x_wconf 80' lang='lat' dir='ltr'><strong>centesimum,</strong></span> <span class='ocrx_word' id='word_1_430' title='bbox 438 3092 553 3164; x_wconf 87' lang='lat' dir='ltr'><strong>quando</strong></span> <span class='ocrx_word' id='word_1_431' title='bbox 567 3094 712 3152; x_wconf 88' lang='lat' dir='ltr'><strong>homiuem</strong></span> <span class='ocrx_word' id='word_1_432' title='bbox 769 3110 852 3151; x_wconf 89' lang='lat' dir='ltr'><strong>suum</strong></span> <span class='ocrx_word' id='word_1_433' title='bbox 864 3111 922 3152; x_wconf 91' lang='lat' dir='ltr'><strong>non</strong></span> <span class='ocrx_word' id='word_1_434' title='bbox 937 3095 1040 3166; x_wconf 90' lang='lat' dir='ltr'><strong>pordit.</strong></span> <span class='ocrx_word' id='word_1_435' title='bbox 1058 3096 1135 3152; x_wconf 84' lang='lat' dir='ltr'><strong>t&#39;ude</strong></span> <span class='ocrx_word' id='word_1_436' title='bbox 1155 3101 1233 3163; x_wconf 88' lang='lat' dir='ltr'><strong>nota,</strong></span> <span class='ocrx_word' id='word_1_437' title='bbox 1249 3110 1355 3153; x_wconf 90' lang='lat' dir='ltr'><strong>secun-</strong></span> 
     </span>
     <span class='ocr_line' id='line_1_40' title="bbox 124 3161 1353 3243; baseline 0.005 -25"><span class='ocrx_word' id='word_1_438' title='bbox 124 3161 162 3219; x_wconf 90' lang='lat' dir='ltr'><strong>ad</strong></span> <span class='ocrx_word' id='word_1_439' title='bbox 177 3162 299 3218; x_wconf 82' lang='lat' dir='ltr'><strong>fructum</strong></span> <span class='ocrx_word' id='word_1_440' title='bbox 311 3163 377 3219; x_wconf 93' lang='lat' dir='ltr'><strong>boni</strong></span> <span class='ocrx_word' id='word_1_441' title='bbox 392 3163 486 3237; x_wconf 88' lang='lat' dir='ltr'><strong>operis</strong></span> <span class='ocrx_word' id='word_1_442' title='bbox 496 3165 636 3236; x_wconf 85' lang='lat' dir='ltr'><strong>perducit.</strong></span> <span class='ocrx_word' id='word_1_443' title='bbox 651 3188 665 3218; x_wconf 75' lang='lat' dir='ltr'><strong>u</strong></span> <span class='ocrx_word' id='word_1_444' title='bbox 679 3166 712 3224; x_wconf 92' lang='lat' dir='ltr'><strong>lli</strong></span> <span class='ocrx_word' id='word_1_445' title='bbox 737 3214 741 3243; x_wconf 48' lang='grc' dir='ltr'><strong><em>ι</em></strong></span> <span class='ocrx_word' id='word_1_446' title='bbox 768 3166 836 3222; x_wconf 91' lang='lat' dir='ltr'><strong>dum</strong></span> <span class='ocrx_word' id='word_1_447' title='bbox 852 3167 985 3224; x_wconf 87' lang='lat' dir='ltr'><strong>eumdem</strong></span> <span class='ocrx_word' id='word_1_448' title='bbox 999 3170 1189 3239; x_wconf 74' lang='lat' dir='ltr'><strong>Theophilum,</strong></span> <span class='ocrx_word' id='word_1_449' title='bbox 1203 3168 1280 3239; x_wconf 89' lang='lat' dir='ltr'><strong>quod</strong></span> <span class='ocrx_word' id='word_1_450' title='bbox 1296 3182 1353 3224; x_wconf 94' lang='lat' dir='ltr'><strong>non</strong></span> 
     </span>
     <span class='ocr_line' id='line_1_41' title="bbox 125 3237 1356 3322; baseline 0.006 -33"><span class='ocrx_word' id='word_1_451' title='bbox 125 3249 194 3305; x_wconf 81' lang='lat' dir='ltr'><strong>orgo</strong></span> <span class='ocrx_word' id='word_1_452' title='bbox 222 3250 274 3306; x_wconf 88' lang='lat' dir='ltr'><strong>per</strong></span> <span class='ocrx_word' id='word_1_453' title='bbox 299 3239 405 3292; x_wconf 89' lang='lat' dir='ltr'><strong>terram</strong></span> <span class='ocrx_word' id='word_1_454' title='bbox 425 3237 530 3293; x_wconf 87' lang='lat' dir='ltr'><strong>honam</strong></span> <span class='ocrx_word' id='word_1_455' title='bbox 559 3238 712 3322; x_wconf 74' lang='lat' dir='ltr'><strong>designati,</strong></span> <span class='ocrx_word' id='word_1_456' title='bbox 769 3237 848 3308; x_wconf 81' lang='lat' dir='ltr'><strong>dixit,</strong></span> <span class='ocrx_word' id='word_1_457' title='bbox 867 3239 944 3310; x_wconf 88' lang='lat' dir='ltr'><strong>quod</strong></span> <span class='ocrx_word' id='word_1_458' title='bbox 964 3238 1109 3296; x_wconf 84' lang='lat' dir='ltr'><strong>seminans</strong></span> <span class='ocrx_word' id='word_1_459' title='bbox 1137 3238 1214 3296; x_wconf 82' lang='lat' dir='ltr'><strong>aliud</strong></span> <span class='ocrx_word' id='word_1_460' title='bbox 1236 3237 1356 3311; x_wconf 87' lang='lat' dir='ltr'><strong>projecit</strong></span> 
     </span>
     <span class='ocr_line' id='line_1_42' title="bbox 126 3309 1356 3382; baseline 0.006 -22"><span class='ocrx_word' id='word_1_461' title='bbox 126 3311 201 3377; x_wconf 81' lang='lat' dir='ltr'><strong>suot,</strong></span> <span class='ocrx_word' id='word_1_462' title='bbox 217 3309 268 3377; x_wconf 79' lang='lat' dir='ltr'><strong>qui</strong></span> <span class='ocrx_word' id='word_1_463' title='bbox 288 3309 318 3362; x_wconf 83' lang='lat' dir='ltr'><strong>io</strong></span> <span class='ocrx_word' id='word_1_464' title='bbox 346 3310 425 3364; x_wconf 83' lang='lat' dir='ltr'><strong>corde</strong></span> <span class='ocrx_word' id='word_1_465' title='bbox 441 3309 508 3366; x_wconf 82' lang='lat' dir='ltr'><strong>bono</strong></span> <span class='ocrx_word' id='word_1_466' title='bbox 520 3310 607 3382; x_wconf 88' lang='lat' dir='ltr'><strong>qnod,</strong></span> <span class='ocrx_word' id='word_1_467' title='bbox 620 3316 713 3368; x_wconf 89' lang='lat' dir='ltr'><strong>ruten-</strong></span> <span class='ocrx_word' id='word_1_468' title='bbox 737 3310 741 3377; x_wconf 65' lang='lat' dir='ltr'><strong>i</strong></span> <span class='ocrx_word' id='word_1_469' title='bbox 769 3326 851 3367; x_wconf 91' lang='lat' dir='ltr'><strong>secus</strong></span> <span class='ocrx_word' id='word_1_470' title='bbox 873 3309 959 3379; x_wconf 85' lang='lat' dir='ltr'><strong>viam,</strong></span> <span class='ocrx_word' id='word_1_471' title='bbox 972 3317 1001 3366; x_wconf 91' lang='lat' dir='ltr'><strong>ot</strong></span> <span class='ocrx_word' id='word_1_472' title='bbox 1017 3316 1128 3379; x_wconf 88' lang='lat' dir='ltr'><strong>rotora;</strong></span> <span class='ocrx_word' id='word_1_473' title='bbox 1145 3312 1195 3367; x_wconf 85' lang='lat' dir='ltr'><strong>sed</strong></span> <span class='ocrx_word' id='word_1_474' title='bbox 1211 3312 1288 3382; x_wconf 83' lang='lat' dir='ltr'><strong>quod</strong></span> <span class='ocrx_word' id='word_1_475' title='bbox 1306 3326 1356 3367; x_wconf 87' lang='lat' dir='ltr'><strong>se-</strong></span> 
     </span>
     <span class='ocr_line' id='line_1_43' title="bbox 125 3376 1355 3456; baseline 0.004 -22"><span class='ocrx_word' id='word_1_476' title='bbox 125 3376 168 3434; x_wconf 93' lang='lat' dir='ltr'><strong>dit</strong></span> <span class='ocrx_word' id='word_1_477' title='bbox 200 3380 318 3435; x_wconf 74' lang='lat' dir='ltr'><strong>rcrlium</strong></span> <span class='ocrx_word' id='word_1_478' title='bbox 338 3379 387 3436; x_wconf 80' lang='lat' dir='ltr'><strong>liei</strong></span> <span class='ocrx_word' id='word_1_479' title='bbox 417 3380 527 3451; x_wconf 89' lang='lat' dir='ltr'><strong>audire,</strong></span> <span class='ocrx_word' id='word_1_480' title='bbox 552 3387 578 3438; x_wconf 84' lang='lat' dir='ltr'><strong>et</strong></span> <span class='ocrx_word' id='word_1_481' title='bbox 598 3388 711 3456; x_wconf 80' lang='lat' dir='ltr'><strong>optimo,</strong></span> <span class='ocrx_word' id='word_1_482' title='bbox 738 3402 741 3423; x_wconf 84' lang='lat'><strong>·</strong></span> <span class='ocrx_word' id='word_1_483' title='bbox 770 3398 835 3439; x_wconf 90' lang='lat' dir='ltr'><strong>meu</strong></span> <span class='ocrx_word' id='word_1_484' title='bbox 865 3383 973 3439; x_wconf 82' lang='lat' dir='ltr'><strong>cecidit.</strong></span> <span class='ocrx_word' id='word_1_485' title='bbox 1004 3382 1057 3451; x_wconf 88' lang='lat' dir='ltr'><strong>Qui</strong></span> <span class='ocrx_word' id='word_1_486' title='bbox 1083 3382 1187 3438; x_wconf 84' lang='lat' dir='ltr'><strong>etenim</strong></span> <span class='ocrx_word' id='word_1_487' title='bbox 1221 3381 1355 3451; x_wconf 84' lang='lat' dir='ltr'><strong>seminat,</strong></span> 
     </span>
     <span class='ocr_line' id='line_1_44' title="bbox 127 3450 1359 3528; baseline 0.002 -21"><span class='ocrx_word' id='word_1_488' title='bbox 127 3450 203 3521; x_wconf 91' lang='lat' dir='ltr'><strong>quod</strong></span> <span class='ocrx_word' id='word_1_489' title='bbox 214 3450 335 3507; x_wconf 86' lang='lat' dir='ltr'><strong>intendit</strong></span> <span class='ocrx_word' id='word_1_490' title='bbox 348 3454 502 3510; x_wconf 89' lang='lat' dir='ltr'><strong>secundum</strong></span> <span class='ocrx_word' id='word_1_491' title='bbox 516 3454 577 3512; x_wconf 77' lang='lat' dir='ltr'><strong>lices</strong></span> <span class='ocrx_word' id='word_1_492' title='bbox 587 3456 711 3528; x_wconf 85' lang='lat' dir='ltr'><strong>operari,</strong></span> <span class='ocrx_word' id='word_1_493' title='bbox 769 3454 853 3511; x_wconf 87' lang='lat' dir='ltr'><strong>docet</strong></span> <span class='ocrx_word' id='word_1_494' title='bbox 873 3461 985 3511; x_wconf 90' lang='lat' dir='ltr'><strong>rectum</strong></span> <span class='ocrx_word' id='word_1_495' title='bbox 1009 3469 1189 3523; x_wconf 86' lang='lat' dir='ltr'><strong>sermonem,</strong></span> <span class='ocrx_word' id='word_1_496' title='bbox 1223 3454 1273 3511; x_wconf 83' lang='lat' dir='ltr'><strong>sod</strong></span> <span class='ocrx_word' id='word_1_497' title='bbox 1300 3469 1359 3510; x_wconf 89' lang='lat' dir='ltr'><strong>ser·</strong></span> 
     </span>
     <span class='ocr_line' id='line_1_45' title="bbox 126 3522 1357 3596; baseline 0.005 -21"><span class='ocrx_word' id='word_1_498' title='bbox 126 3522 269 3578; x_wconf 74' lang='lat' dir='ltr'><strong>audientes</strong></span> <span class='ocrx_word' id='word_1_499' title='bbox 285 3524 395 3581; x_wconf 79' lang='lat' dir='ltr'><strong>eertum</strong></span> <span class='ocrx_word' id='word_1_500' title='bbox 403 3525 453 3581; x_wconf 88' lang='lat' dir='ltr'><strong>Dei</strong></span> <span class='ocrx_word' id='word_1_501' title='bbox 467 3526 579 3596; x_wconf 88' lang='lat' dir='ltr'><strong>devote,</strong></span> <span class='ocrx_word' id='word_1_502' title='bbox 593 3531 713 3584; x_wconf 82' lang='lat' dir='ltr'><strong>retinent</strong></span> <span class='ocrx_word' id='word_1_503' title='bbox 738 3522 740 3587; x_wconf 71' lang='grc' dir='ltr'>ἶ</span> <span class='ocrx_word' id='word_1_504' title='bbox 769 3542 816 3583; x_wconf 92' lang='lat' dir='ltr'><strong>mo</strong></span> <span class='ocrx_word' id='word_1_505' title='bbox 845 3525 1034 3583; x_wconf 80' lang='lat' dir='ltr'><strong>diversimode</strong></span> <span class='ocrx_word' id='word_1_506' title='bbox 1055 3526 1129 3582; x_wconf 81' lang='lat' dir='ltr'><strong>cadit</strong></span> <span class='ocrx_word' id='word_1_507' title='bbox 1147 3526 1175 3581; x_wconf 95' lang='lat' dir='ltr'><strong>in</strong></span> <span class='ocrx_word' id='word_1_508' title='bbox 1193 3525 1357 3595; x_wconf 84' lang='lat' dir='ltr'><strong>audientes,</strong></span> 
     </span>
     <span class='ocr_line' id='line_1_46' title="bbox 127 3591 1357 3669; baseline 0.007 -23"><span class='ocrx_word' id='word_1_509' title='bbox 127 3591 250 3650; x_wconf 77' lang='lat' dir='ltr'><strong>fideliter</strong></span> <span class='ocrx_word' id='word_1_510' title='bbox 266 3596 294 3648; x_wconf 92' lang='lat' dir='ltr'><strong>in</strong></span> <span class='ocrx_word' id='word_1_511' title='bbox 316 3596 507 3665; x_wconf 68' lang='lat' dir='ltr'><strong>memoriast</strong></span> <span class='ocrx_word' id='word_1_512' title='bbox 525 3600 648 3666; x_wconf 75' lang='lat' dir='ltr'><strong>fructum</strong></span> <span class='ocrx_word' id='word_1_513' title='bbox 666 3603 713 3667; x_wconf 78' lang='lat' dir='ltr'><strong>os·</strong></span> <span class='ocrx_word' id='word_1_514' title='bbox 738 3602 741 3667; x_wconf 73' lang='grc' dir='ltr'><strong><em>ζ</em></strong></span> <span class='ocrx_word' id='word_1_515' title='bbox 770 3597 837 3669; x_wconf 84' lang='lat' dir='ltr'><strong>quia</strong></span> <span class='ocrx_word' id='word_1_516' title='bbox 862 3614 959 3654; x_wconf 86' lang='lat' dir='ltr'><strong>semen</strong></span> <span class='ocrx_word' id='word_1_517' title='bbox 980 3597 1127 3669; x_wconf 79' lang='lat' dir='ltr'><strong>quodlibet</strong></span> <span class='ocrx_word' id='word_1_518' title='bbox 1148 3598 1284 3669; x_wconf 80' lang='lat' dir='ltr'><strong>recipitur</strong></span> <span class='ocrx_word' id='word_1_519' title='bbox 1310 3612 1357 3655; x_wconf 78' lang='lat' dir='ltr'><strong>se·</strong></span> 
     </span>
     <span class='ocr_line' id='line_1_47' title="bbox 124 3663 1360 3747; baseline 0.007 -31"><span class='ocrx_word' id='word_1_520' title='bbox 124 3663 219 3747; x_wconf 60' lang='lat' dir='ltr'><strong>(erum</strong></span> <span class='ocrx_word' id='word_1_521' title='bbox 241 3668 271 3719; x_wconf 82' lang='lat' dir='ltr'><strong>in</strong></span> <span class='ocrx_word' id='word_1_522' title='bbox 284 3669 431 3734; x_wconf 76' lang='lat' dir='ltr'><strong>patientta,</strong></span> <span class='ocrx_word' id='word_1_523' title='bbox 444 3666 551 3726; x_wconf 87' lang='lat' dir='ltr'><strong>scilicet</strong></span> <span class='ocrx_word' id='word_1_524' title='bbox 570 3670 714 3741; x_wconf 87' lang='lat' dir='ltr'><strong>usquead</strong></span> <span class='ocrx_word' id='word_1_525' title='bbox 769 3669 894 3724; x_wconf 88' lang='lat' dir='ltr'><strong>cundum</strong></span> <span class='ocrx_word' id='word_1_526' title='bbox 912 3667 1028 3725; x_wconf 88' lang='lat' dir='ltr'><strong>modum</strong></span> <span class='ocrx_word' id='word_1_527' title='bbox 1043 3675 1071 3726; x_wconf 92' lang='lat' dir='ltr'><strong>et</strong></span> <span class='ocrx_word' id='word_1_528' title='bbox 1091 3670 1243 3727; x_wconf 82' lang='lat' dir='ltr'><strong>securrdum</strong></span> <span class='ocrx_word' id='word_1_529' title='bbox 1259 3667 1360 3741; x_wconf 87' lang='lat' dir='ltr'><strong>dispo·</strong></span> 
     </span>
     <span class='ocr_line' id='line_1_48' title="bbox 126 3734 1358 3813; baseline 0.01 -27"><span class='ocrx_word' id='word_1_530' title='bbox 126 3734 222 3813; x_wconf 80' lang='lat' dir='ltr'><strong>tinent,</strong></span> <span class='ocrx_word' id='word_1_531' title='bbox 240 3737 429 3805; x_wconf 60' lang='lat' dir='ltr'><strong>&lt;exspectando</strong></span> <span class='ocrx_word' id='word_1_532' title='bbox 448 3740 620 3810; x_wconf 86' lang='lat' dir='ltr'><strong>repromissa</strong></span> <span class='ocrx_word' id='word_1_533' title='bbox 639 3757 713 3812; x_wconf 72' lang='lat' dir='ltr'><strong>prro-</strong></span> <span class='ocrx_word' id='word_1_534' title='bbox 771 3739 903 3795; x_wconf 85' lang='lat' dir='ltr'><strong>sitiouern</strong></span> <span class='ocrx_word' id='word_1_535' title='bbox 918 3746 1002 3797; x_wconf 77' lang='lat' dir='ltr'><strong>torrce</strong></span> <span class='ocrx_word' id='word_1_536' title='bbox 1018 3740 1047 3797; x_wconf 90' lang='lat' dir='ltr'><strong>iu</strong></span> <span class='ocrx_word' id='word_1_537' title='bbox 1062 3758 1120 3813; x_wconf 88' lang='lat' dir='ltr'><strong>qua</strong></span> <span class='ocrx_word' id='word_1_538' title='bbox 1134 3741 1248 3797; x_wconf 89' lang='lat' dir='ltr'><strong>seritur.</strong></span> <span class='ocrx_word' id='word_1_539' title='bbox 1277 3742 1358 3811; x_wconf 80' lang='lat' dir='ltr'><strong>Qum,</strong></span> 
     </span>
     <span class='ocr_line' id='line_1_49' title="bbox 124 3804 1358 3888; baseline 0.008 -29"><span class='ocrx_word' id='word_1_540' title='bbox 124 3819 191 3859; x_wconf 83' lang='lat' dir='ltr'><strong>mia.</strong></span> <span class='ocrx_word' id='word_1_541' title='bbox 203 3804 285 3886; x_wconf 66' lang='lat' dir='ltr'><strong>Ostia,</strong></span> <span class='ocrx_word' id='word_1_542' title='bbox 297 3806 452 3888; x_wconf 83' lang='lat' dir='ltr'><strong>secundum</strong></span> <span class='ocrx_word' id='word_1_543' title='bbox 462 3812 632 3879; x_wconf 80' lang='lat' dir='ltr'><strong>Grcporinm,</strong></span> <span class='ocrx_word' id='word_1_544' title='bbox 646 3812 714 3867; x_wconf 90' lang='lat' dir='ltr'><strong>dum</strong></span> <span class='ocrx_word' id='word_1_545' title='bbox 738 3812 741 3885; x_wconf 68' lang='grc' dir='ltr'><em>ζ</em></span> <span class='ocrx_word' id='word_1_546' title='bbox 770 3809 833 3867; x_wconf 85' lang='lat' dir='ltr'><strong>sisit</strong></span> <span class='ocrx_word' id='word_1_547' title='bbox 851 3810 952 3867; x_wconf 82' lang='lat' dir='ltr'><strong>fertilis</strong></span> <span class='ocrx_word' id='word_1_548' title='bbox 972 3818 1000 3869; x_wconf 88' lang='lat' dir='ltr'><strong>ct</strong></span> <span class='ocrx_word' id='word_1_549' title='bbox 1023 3813 1108 3875; x_wconf 84' lang='lat' dir='ltr'><strong>culta,</strong></span> <span class='ocrx_word' id='word_1_550' title='bbox 1126 3816 1233 3886; x_wconf 85' lang='lat' dir='ltr'><strong>prul&#39;ert</strong></span> <span class='ocrx_word' id='word_1_551' title='bbox 1251 3814 1358 3869; x_wconf 84' lang='lat' dir='ltr'><strong>bonum</strong></span> 
     </span>
     <span class='ocr_line' id='line_1_50' title="bbox 124 3881 1359 4003; baseline 0.008 -72"><span class='ocrx_word' id='word_1_552' title='bbox 124 3883 325 3947; x_wconf 71' lang='lat' dir='ltr'><strong>aequanimiter</strong></span> <span class='ocrx_word' id='word_1_553' title='bbox 342 3892 533 4003; x_wconf 56' lang='lat' dir='ltr'><strong>proximorum</strong></span> <span class='ocrx_word' id='word_1_554' title='bbox 550 3881 625 3937; x_wconf 84' lang='lat' dir='ltr'><strong>mala</strong></span> <span class='ocrx_word' id='word_1_555' title='bbox 642 3883 714 3938; x_wconf 89' lang='lat' dir='ltr'><strong>tolo·</strong></span> <span class='ocrx_word' id='word_1_556' title='bbox 770 3883 911 3951; x_wconf 80' lang='lat' dir='ltr'><strong>tructum3</strong></span> <span class='ocrx_word' id='word_1_557' title='bbox 937 3881 960 3938; x_wconf 88' lang='lat' dir='ltr'><strong>si</strong></span> <span class='ocrx_word' id='word_1_558' title='bbox 977 3890 1071 3940; x_wconf 87' lang='lat' dir='ltr'><strong>autem</strong></span> <span class='ocrx_word' id='word_1_559' title='bbox 1093 3884 1131 3941; x_wconf 81' lang='lat' dir='ltr'><strong>sit</strong></span> <span class='ocrx_word' id='word_1_560' title='bbox 1153 3884 1257 3940; x_wconf 87' lang='lat' dir='ltr'><strong>sterilis</strong></span> <span class='ocrx_word' id='word_1_561' title='bbox 1272 3889 1301 3940; x_wconf 90' lang='lat' dir='ltr'><strong>et</strong></span> <span class='ocrx_word' id='word_1_562' title='bbox 1318 3885 1359 3941; x_wconf 93' lang='lat' dir='ltr'><strong>in·</strong></span> 
     </span>
     <span class='ocr_line' id='line_1_51' title="bbox 126 3947 1346 4027; baseline 0.007 -24"><span class='ocrx_word' id='word_1_563' title='bbox 126 3951 201 4016; x_wconf 87' lang='lat' dir='ltr'><strong>rant,</strong></span> <span class='ocrx_word' id='word_1_564' title='bbox 217 3954 244 4003; x_wconf 92' lang='lat' dir='ltr'><strong>et</strong></span> <span class='ocrx_word' id='word_1_565' title='bbox 260 3947 339 4003; x_wconf 81' lang='lat' dir='ltr'><strong>lrirrui</strong></span> <span class='ocrx_word' id='word_1_566' title='bbox 354 3949 407 4004; x_wconf 92' lang='lat' dir='ltr'><strong>iter</strong></span> <span class='ocrx_word' id='word_1_567' title='bbox 421 3950 534 4022; x_wconf 75' lang='lat' dir='ltr'><strong>llngella</strong></span> <span class='ocrx_word' id='word_1_568' title='bbox 546 3952 714 4024; x_wconf 88' lang='lat' dir='ltr'><strong>suscipiunt,</strong></span> <span class='ocrx_word' id='word_1_569' title='bbox 738 3960 741 3975; x_wconf 92' lang='lat'>&#39;</span> <span class='ocrx_word' id='word_1_570' title='bbox 770 3952 856 4021; x_wconf 90' lang='lat' dir='ltr'><strong>culta,</strong></span> <span class='ocrx_word' id='word_1_571' title='bbox 878 3953 1019 4025; x_wconf 77' lang='lat' dir='ltr'><strong>germinat</strong></span> <span class='ocrx_word' id='word_1_572' title='bbox 1046 3957 1143 4027; x_wconf 81' lang='lat' dir='ltr'><strong>spinas</strong></span> <span class='ocrx_word' id='word_1_573' title='bbox 1167 3962 1195 4011; x_wconf 91' lang='lat' dir='ltr'><strong>ot</strong></span> <span class='ocrx_word' id='word_1_574' title='bbox 1222 3955 1346 4013; x_wconf 82' lang='lat' dir='ltr'><strong>tribulos</strong></span> 
     </span>
     <span class='ocr_line' id='line_1_52' title="bbox 124 3996 1357 4099; baseline 0.007 -23"><span class='ocrx_word' id='word_1_575' title='bbox 124 4021 307 4093; x_wconf 86' lang='lat' dir='ltr'><strong>postmodum</strong></span> <span class='ocrx_word' id='word_1_576' title='bbox 334 4020 371 4077; x_wconf 86' lang='lat' dir='ltr'><strong>ad</strong></span> <span class='ocrx_word' id='word_1_577' title='bbox 401 4021 529 4094; x_wconf 91' lang='lat' dir='ltr'><strong>requiem</strong></span> <span class='ocrx_word' id='word_1_578' title='bbox 555 4024 715 4082; x_wconf 83' lang='lat' dir='ltr'><strong>sublimiter</strong></span> <span class='ocrx_word' id='word_1_579' title='bbox 770 4022 916 4081; x_wconf 81' lang='lat' dir='ltr'><strong>ueletiam</strong></span> <span class='ocrx_word' id='word_1_580' title='bbox 936 4026 1046 4082; x_wconf 90' lang='lat' dir='ltr'><strong>nullum</strong></span> <span class='ocrx_word' id='word_1_581' title='bbox 1068 4029 1200 4085; x_wconf 81' lang='lat' dir='ltr'><strong>fructum.</strong></span> <span class='ocrx_word' id='word_1_582' title='bbox 1216 4031 1258 4083; x_wconf 86' lang='lat' dir='ltr'><strong>lta</strong></span> <span class='ocrx_word' id='word_1_583' title='bbox 1280 3996 1357 4099; x_wconf 83' lang='lat' dir='ltr'><strong>quod</strong></span> 
     </span>
     <span class='ocr_line' id='line_1_53' title="bbox 125 4090 1354 4171; baseline 0.006 -22"><span class='ocrx_word' id='word_1_584' title='bbox 125 4092 326 4164; x_wconf 87' lang='lat' dir='ltr'><strong>suscipiuntur.</strong></span> <span class='ocrx_word' id='word_1_585' title='bbox 738 4090 742 4155; x_wconf 76' lang='lat' dir='ltr'><strong>l</strong></span> <span class='ocrx_word' id='word_1_586' title='bbox 771 4095 927 4154; x_wconf 88' lang='lat' dir='ltr'><strong>secuudum</strong></span> <span class='ocrx_word' id='word_1_587' title='bbox 940 4097 1049 4154; x_wconf 71' lang='lat' dir='ltr'><strong>sariam</strong></span> <span class='ocrx_word' id='word_1_588' title='bbox 1062 4099 1280 4171; x_wconf 72' lang='lat' dir='ltr'><strong>dispositionem</strong></span> <span class='ocrx_word' id='word_1_589' title='bbox 1295 4103 1354 4156; x_wconf 88' lang='lat' dir='ltr'><strong>ter·</strong></span> 
     </span>
    </p>

    <p class='ocr_par' dir='ltr' id='par_1_4' title="bbox 126 4167 1358 4388">
     <span class='ocr_line' id='line_1_54' title="bbox 161 4167 1357 4241; baseline 0.007 -21"><span class='ocrx_word' id='word_1_590' title='bbox 161 4167 284 4233; x_wconf 72' lang='lat' dir='ltr'><strong>oleum</strong></span> <span class='ocrx_word' id='word_1_591' title='bbox 299 4182 547 4223; x_wconf 77' lang='lat' dir='ltr'><strong>uinnrmrnrcrrnn</strong></span> <span class='ocrx_word' id='word_1_592' title='bbox 561 4184 715 4224; x_wconf 76' lang='lat' dir='ltr'><strong>msrrxorr-</strong></span> <span class='ocrx_word' id='word_1_593' title='bbox 772 4184 822 4237; x_wconf 76' lang='lat' dir='ltr'><strong>rae,</strong></span> <span class='ocrx_word' id='word_1_594' title='bbox 840 4184 938 4224; x_wconf 87' lang='lat' dir='ltr'><strong>semen</strong></span> <span class='ocrx_word' id='word_1_595' title='bbox 966 4168 1155 4228; x_wconf 76' lang='lat' dir='ltr'><strong>diversimode</strong></span> <span class='ocrx_word' id='word_1_596' title='bbox 1180 4170 1294 4241; x_wconf 85' lang='lat' dir='ltr'><strong>prolicit</strong></span> <span class='ocrx_word' id='word_1_597' title='bbox 1319 4170 1357 4227; x_wconf 91' lang='lat' dir='ltr'><strong>ad</strong></span> 
     </span>
     <span class='ocr_line' id='line_1_55' title="bbox 126 4236 1358 4313; baseline 0.007 -23"><span class='ocrx_word' id='word_1_598' title='bbox 126 4251 195 4305; x_wconf 82' lang='lat' dir='ltr'><strong>rnn3</strong></span> <span class='ocrx_word' id='word_1_599' title='bbox 214 4254 269 4293; x_wconf 80' lang='lat' dir='ltr'><strong>nou</strong></span> <span class='ocrx_word' id='word_1_600' title='bbox 288 4255 376 4294; x_wconf 71' lang='lat' dir='ltr'><strong>suren</strong></span> <span class='ocrx_word' id='word_1_601' title='bbox 402 4254 484 4309; x_wconf 75' lang='lat' dir='ltr'><strong>nors,</strong></span> <span class='ocrx_word' id='word_1_602' title='bbox 504 4257 569 4303; x_wconf 74' lang='lat' dir='ltr'><strong>oris</strong></span> <span class='ocrx_word' id='word_1_603' title='bbox 589 4258 642 4297; x_wconf 77' lang='lat' dir='ltr'><strong>uss</strong></span> <span class='ocrx_word' id='word_1_604' title='bbox 667 4258 715 4297; x_wconf 78' lang='lat' dir='ltr'><strong>nsr</strong></span> <span class='ocrx_word' id='word_1_605' title='bbox 738 4236 742 4291; x_wconf 64' lang='lat' dir='ltr'><strong>l</strong></span> <span class='ocrx_word' id='word_1_606' title='bbox 771 4241 912 4307; x_wconf 80' lang='lat' dir='ltr'><strong>sructum3</strong></span> <span class='ocrx_word' id='word_1_607' title='bbox 929 4239 969 4296; x_wconf 89' lang='lat' dir='ltr'><strong>sic</strong></span> <span class='ocrx_word' id='word_1_608' title='bbox 984 4240 1014 4297; x_wconf 91' lang='lat' dir='ltr'><strong>iu</strong></span> <span class='ocrx_word' id='word_1_609' title='bbox 1029 4243 1122 4313; x_wconf 74' lang='lat' dir='ltr'><strong>notus,</strong></span> <span class='ocrx_word' id='word_1_610' title='bbox 1137 4245 1295 4299; x_wconf 81' lang='lat' dir='ltr'><strong>s·.·=·uudum</strong></span> <span class='ocrx_word' id='word_1_611' title='bbox 1309 4258 1358 4299; x_wconf 79' lang='lat' dir='ltr'><strong>ra-</strong></span> 
     </span>
     <span class='ocr_line' id='line_1_56' title="bbox 127 4306 1357 4388; baseline 0.007 -25"><span class='ocrx_word' id='word_1_612' title='bbox 127 4306 265 4365; x_wconf 80' lang='lat' dir='ltr'><strong>Eccnnsm.</strong></span> <span class='ocrx_word' id='word_1_613' title='bbox 281 4338 316 4352; x_wconf 90' lang='lat'><em>-</em></span> <span class='ocrx_word' id='word_1_614' title='bbox 334 4311 369 4367; x_wconf 85' lang='lat' dir='ltr'><strong>Et</strong></span> <span class='ocrx_word' id='word_1_615' title='bbox 391 4310 519 4383; x_wconf 84' lang='lat' dir='ltr'><strong>adverte,</strong></span> <span class='ocrx_word' id='word_1_616' title='bbox 541 4313 618 4387; x_wconf 91' lang='lat' dir='ltr'><strong>quod</strong></span> <span class='ocrx_word' id='word_1_617' title='bbox 638 4314 716 4373; x_wconf 83' lang='lat' dir='ltr'><strong>hona</strong></span> <span class='ocrx_word' id='word_1_618' title='bbox 738 4308 742 4373; x_wconf 79' lang='lat' dir='ltr'><strong>l</strong></span> <span class='ocrx_word' id='word_1_619' title='bbox 770 4311 845 4371; x_wconf 84' lang='lat' dir='ltr'><strong>riam</strong></span> <span class='ocrx_word' id='word_1_620' title='bbox 876 4311 1093 4388; x_wconf 85' lang='lat' dir='ltr'><strong>dispositionem</strong></span> <span class='ocrx_word' id='word_1_621' title='bbox 1122 4312 1217 4373; x_wconf 85' lang='lat' dir='ltr'><strong>cordis</strong></span> <span class='ocrx_word' id='word_1_622' title='bbox 1247 4312 1357 4383; x_wconf 88' lang='lat' dir='ltr'><strong>nostri,</strong></span> 
     </span>
    </p>
   </div>
   <div class='ocr_carea' id='block_1_4' title="bbox 100 4548 265 4648">
    <p class='ocr_par' dir='ltr' id='par_1_5' title="bbox 100 4548 265 4648">
     <span class='ocr_line' id='line_1_57' title="bbox 100 4548 265 4648; baseline -0.012 1"><span class='ocrx_word' id='word_1_623' title='bbox 100 4548 265 4648; x_wconf 69' lang='lat' dir='ltr'>A</span> 
     </span>
    </p>
   </div>
   <div class='ocr_carea' id='block_1_5' title="bbox 0 0 1445 4942">
    <p class='ocr_par' dir='ltr' id='par_1_6' title="bbox 0 0 1445 4942">
     <span class='ocr_line' id='line_1_58' title="bbox 0 0 1445 4942; baseline 0 0"><span class='ocrx_word' id='word_1_624' title='bbox 0 0 1445 4942; x_wconf 95' lang='lat' dir='ltr'><strong> </strong></span> 
     </span>
    </p>
   </div>
  </div>
 </body>
</html>
