2880 4942
215 343 258 398 ult
286 343 455 399 unlustau
481 342 603 397 DOMINI
630 342 671 398 El*
697 341 949 398 otsatruloltun
976 345 1040 400 eth
1067 346 1167 402 Sh‘l'h.
1270 347 1315 400 tot

82 449 216 508 tenditur.
232 450 312 508 Unde
324 448 364 507 ait
377 451 553 520 Aapustinus
568 472 578 506 .·
595 472 611 504 a
630 453 671 508 De
727 451 877 508 commode
891 456 972 523 potes
984 468 1066 523 esse3
1086 458 1115 511 et
1130 454 1179 511 illa
1197 470 1251 512 nec
1262 455 1315 511 ha-

82 522 163 579 nulla
177 539 209 579 rc
230 522 320 594 magis
339 525 429 579 Deum
443 521 599 580 offendisse
622 522 669 581 ille
726 523 806 592 bere,
819 538 873 578 nec
901 537 937 594 ap
958 529 1046 595 etere,
1073 541 1126 582 nec
1148 542 1315 598 procurare,

83 593 206 667 populus
218 593 309 651 dictus
331 599 385 664 est,
403 609 489 665 quam
504 598 605 652 contra
618 596 672 652 De·
725 609 779 651 nec
792 608 810 650 a
823 599 923 667 sponte
935 539 1071 653 gentibus
1082 596 1221 669 recipere.
1236 598 1317 655 Unde

82 681 132 723 um
155 666 369 723 murmurando.
391 666 457 731 Sed,
477 670 509 722 ut
531 666 669 723 sciremus
724 667 845 724 Seneca:
869 689 883 717 u
901 665 1077 725 Circumcide
1104 671 1262 741 superflua,
1289 672 1319 726 et

80 753 138 794 non
153 736 203 794 Dei
225 743 386 795 creaturam
402 753 465 795 esse
483 738 666 810 culpabilem,
724 736 755 794 in
775 741 884 796 arctum
900 737 1042 796 desideria
1060 744 1110 797 tua
1135 739 1310 814 constringe.

80 808 131 866 scd
165 808 358 867 inordinatam
385 809 580 883 cupiditatem,
609 826 669 866 non
724 809 879 868 Considera
892 814 985 868 tecum
998 816 1136 883 quantum
1149 817 1253 869 natura
1269 827 1317 882 po·

79 885 195 952 propter
211 897 341 955 porcum,
357 881 408 938 sed
422 886 538 963 propter
551 896 668 955 pomum
724 887 795 953 scat,
807 897 865 938 non
881 888 1019 953 quantum
1032 883 1173 956 cupiditas
1188 886 1313 956 expetat.

80 956 201 1008 mortem
223 953 334 1024 primus
360 953 447 1009 homo
477 952 607 1022 invenit3
640 956 669 1009 et
724 955 841 1027 Impone
856 953 1093 1026 concupiscentiae
1110 956 1235 1023 frenum,
1252 969 1313 1012 om·

77 1023 152 1079 Esau
168 1023 464 1096 primatussuos,non
475 1029 593 1096 propter
606 1024 667 1096 gal·
723 1024 849 1098 niaquae
871 1030 937 1082 sunt
961 1026 1160 1084 blandimenta
1178 1026 1280 1111 repice:
1297 1046 1312 1079 n

77 1092 179 1174 linem,
196 1095 247 1150 sed
262 1099 379 1167 propter
393 1094 559 1151 lenticulam
574 1094 668 1166 perdi·
723 1096 786 1153 haec
804 1097 916 1153 Seneca.
940 1097 995 1154 Sed
1017 1098 1100 1154 multi
1116 1098 1314 1181 injudicando

79 1164 133 1220 drt.
150 1184 165 1216 n
183 1168 218 1221 Et
232 1165 353 1222 iterum:
373 1185 387 1219 «
403 1166 505 1223 Daniel
531 1166 596 1224 ideo
623 1169 669 1221 uir
725 1168 760 1224 de
786 1167 956 1225 necessariis
975 1172 1004 1225 et
1027 1171 1179 1242 superllurs
1204 1168 1315 1242 decipi·

83 1236 284 1293 desideriorum
298 1238 456 1310 appellatus
471 1243 524 1307 est,
540 1238 606 1310 quia
619 1253 670 1310 pa·
724 1244 821 1308 untur,
838 1243 867 1295 et
885 1239 1034 1312 superfluis
1053 1248 1200 1313 umquam
1214 1256 1315 1297 neces·
1371 1270 1374 1275 ,

83 1322 151 1363 nem
167 1307 300 1388 desiderii
316 1325 374 1365 non
386 1309 519 1378 comedit,
533 1314 561 1367 et
572 1315 671 1382 potum
725 1311 811 1367 sariis
834 1315 962 1368 utuntur.
989 1312 1070 1370 Unde
1092 1312 1161 1369 dicit
1179 1313 1317 1382 depasti-

82 1380 319 1450 concuprscentiae
334 1397 391 1437 non
405 1380 570 1452 bibit;quia
579 1379 671 1453 magis
726 1398 779 1440 nus
806 1399 814 1438 :
840 1403 851 1433 ι
877 1382 963 1439 Multa
991 1399 1045 1441 nos
1075 1383 1106 1440 in
1133 1383 1317 1441 facultatibus

82 1449 226 1507 Christum
237 1467 322 1523 quam
332 1453 431 1524 epulas
442 1452 669 1509 desiderabat2»
728 1452 835 1510 nostris
854 1456 999 1526 supcrllua
1016 1456 1122 1512 habere
1145 1457 1314 1527 probamur,

81 1520 143 1577 haec
155 1523 340 1591 depastione.
352 1525 385 1579 Et
396 1539 455 1579 non
470 1523 562 1580 solum
575 1539 674 1596 corpo-
728 1524 753 1582 si
774 1525 936 1582 necessaria
955 1525 1016 1582 sola
1032 1527 1223 1594 retineamus,·
1249 1540 1318 1583 nam

82 1591 189 1662 ris,sed
202 1599 231 1650 et
240 1593 327 1650 animi
338 1594 495 1666 voluptates
504 1600 570 1652 sunt
579 1594 675 1652 debel-
727 1612 802 1653 rana
831 1598 1023 1668 quaerentibus
1040 1597 1111 1654 nihil
1137 1597 1252 1670 suflicit,
1289 1601 1318 1654 et

83 1664 190 1733 landae3
202 1664 280 1738 quia,
292 1670 322 1722 ut
331 1666 399 1748 dicit
411 1667 569 1737 Ureporias,
582 1666 673 1724 incas·
728 1668 850 1725 aliorum
869 1668 1079 1741 quodammodo
1103 1675 1233 1727 retentor
1263 1672 1316 1740 est,

84 1751 149 1794 snm
168 1753 235 1793 caro
255 1741 396 1807 atteratur,
420 1737 445 1795 si
463 1739 592 1812 apravis
613 1740 672 1796 suis
729 1739 777 1812 qui
809 1741 957 1813 protutura
982 1741 1153 1815 pauperibus
1176 1740 1319 1799 inutiliter

84 1807 274 1882 voluptatibus
292 1809 404 1867 animus
423 1826 481 1866 non
498 1811 670 1869 refrenatur.
727 1812 854 1868 habet.»
882 1813 962 1869 Unde
988 1819 1016 1870 et
1041 1815 1167 1871 Seneca:
1198 1814 1319 1881 «Quam

123 1903 155 1937 ιο
175 1882 350 1938 Necessnans
374 1899 506 1938 conrearr
533 1898 620 1940 smus.
636 1912 672 1925 -
728 1883 819 1940 multa
836 1899 1013 1956 supervacua
1027 1889 1124 1941 essent
1136 1901 1194 1940 non
1208 1883 1318 1940 intelle-

82 1954 124 2010 Tu
141 1968 219 2035 ergo,
245 1953 300 2009 hoc
320 1954 449 2026 exemplo
468 1953 672 2027 discipulorum
727 1954 832 2024 ximus,
858 1954 914 2012 nisi
947 1955 1048 2013 deesse
1072 1955 1220 2028 coeperint.
1245 1957 1318 2012 Tota

83 2025 186 2083 Christi
208 2023 362 2095 animatus,
385 2031 582 2099 paupertatem
604 2025 672 2083 totis
728 2025 799 2083 mihi
814 2026 873 2082 vita
891 2025 1043 2097 mentitum
1063 2026 1226 2084 necessaria
1239 2024 1316 2082 indi·

83 2096 256 2169 amplectere
266 2096 384 2180 viribus,
395 2113 459 2168 qua
469 2097 510 2154 sic
519 2096 672 2155 emicuitin
727 2103 773 2155 cat
788 2114 910 2170 quorum
925 2114 972 2156 ma
993 2114 1030 2156 na
1049 2114 1117 2172 pars
1140 2113 1317 2171 supervacua

83 2168 210 2297 prelatis
225 2169 323 2250 mundi
339 2167 526 2242 principibus,
541 2173 570 2226 et
590 2168 669 2226 simi·
727 2175 781 2237 est,
790 2185 854 2242 quae
864 2169 887 2226 si
899 2115 1068 2242 quandoque
1082 2171 1237 2228 necessitas
1252 2170 1317 2227 abs·

97 2242 150 2298 iter
164 2240 194 2297 in
214 2242 335 2297 Domino
355 2242 425 2297 lesu
452 2244 481 2297 et
503 2256 555 2299 sua
569 2242 669 2311 blatra,
727 2242 801 2311 tulit,
826 2258 884 2298 non
907 2242 1046 2299 sentimus
1068 2243 1164 2300 ablata
1186 2259 1193 2298 :
1215 2263 1229 2294 »
1253 2243 1316 2299 baec

84 2318 113 2370 et
125 2311 155 2369 in
167 2311 301 2369 omnibus
314 2311 363 2384 qni
378 2312 529 2370 voluerunt
541 2329 591 2370 eos
605 2324 670 2386 per·
724 2315 836 2372 Seneca.
846 2314 1009 2371 Nonsolnm
1019 2319 1314 2387 autemsupervacua;

83 2383 157 2442 fecte
182 2383 300 2440 imitari.
329 2383 437 2456 Spiritu
473 2391 569 2442 antem
606 2400 670 2441 eam
724 2386 775 2443 aed
800 2390 829 2442 et
860 2385 1024 2444 necessaria
1051 2393 1118 2443 sunt
1143 2387 1315 2458 quandoque

84 2455 284 2528 complectere,
313 2461 341 2512 ct
369 2455 455 2513 corde
470 2456 570 2528 dilige:
591 2456 669 2529 quia,
725 2458 944 2515 contemnenda.
964 2457 1045 2515 Unde
1069 2457 1174 2515 iterum
1190 2460 1312 2515 Seneca:

83 2527 324 2597 alias,meritoria
340 2543 399 2584 non
413 2532 497 2584 esset.
514 2528 670 2586 Laudabile
727 2531 820 2586 allon
848 2538 876 2586 te
912 2529 1023 2600 laudes,
1056 2528 1081 2584 si
1110 2528 1317 2600 contempseris

83 2598 200 2675 quidem
225 2615 283 2655 non
296 2601 341 2656 est
354 2614 509 2671 pauperem
524 2615 604 2669 csse,
620 2599 671 2656 sed
726 2615 829 2657 aureos
848 2600 936 2657 lectos
959 2605 988 2656 et
1006 2614 1168 2672 gemmeam
1192 2598 1317 2671 supelle-

82 2672 113 2728 in
128 2675 295 2744 paupertate
309 2674 506 2743 paupertatem
520 2686 628 2740 amare,
642 2675 672 2728 et
726 2671 832 2728 otilem.
849 2672 917 2740 Quae
936 2677 979 2729 est
1002 2670 1079 2728 enim
1107 2672 1197 2729 virtus
1217 2687 1250 2728 su
1271 2686 1316 2727 er·

83 2742 259 2816 paupertatis
272 2741 383 2869 inopias
397 2747 514 2815 propter
526 2742 671 2800 Christum
726 2758 817 2800 vacue
842 2743 1054 2800 contemneret
1082 2746 1159 2800 Tunc
1181 2749 1209 2800 te
1228 2687 1318 2825 arimi-

123 2815 278 2872 udenteret
292 2813 322 2870 hi
335 2820 422 2871 anter
432 2813 584 2872 sustinere.
595 2816 671 2872 Proh
726 2831 803 2886 rare,
829 2831 895 2873 cnm
912 2814 1119 2889 contempseris
1143 2831 1313 2874 necessaria.

106 2887 182 2944 olorl
200 2888 268 2959 quia
280 2885 360 2943 multi
376 2885 412 2943 de
424 2887 598 2959 paupertatis
610 2886 671 2944 solo
727 2890 789 2945 Non
811 2904 946 2960 magnam
973 2904 1034 2946 rem
1066 2887 1146 2958 lacis,
1169 2889 1193 2944 si
1220 2887 1316 2960 rivere

86 2958 203 3016 nomine
221 2957 395 3030 gloriantur3
418 2958 469 3015 sed
488 2974 544 3031 quo
563 2958 673 3032 pacto‘l
727 2959 789 3017 sine
808 2966 948 3033 apparatu
965 2963 1066 3033 potes;
1091 2965 1160 3017 tunc
1181 2964 1209 3017 te
1228 2959 1316 3018 mira·

87 3033 123 3089 Ut
134 3031 175 3087 eis
188 3029 301 3103 penitus
322 3029 393 3086 nihil
407 3029 491 3088 desit.
518 3030 620 3089 Dicunt
639 3048 672 3089 se
727 3033 790 3103 bor,
804 3031 828 3089 si
843 3032 1049 3105 contempseris
1062 3033 1151 3091 etiam
1167 3031 1316 3090 sordidum

86 3100 195 3161 amicos
223 3100 377 3158 Dominice
400 3102 590 3176 paupertatis;
621 3103 672 3160 sed
725 3119 840 3176 panem,
863 3103 888 3160 si
906 3103 959 3161 tibi
982 3104 1157 3176 persuaseris
1186 3104 1317 3174 herbam,

85 3173 262 3248 paupertatis
277 3173 389 3232 sodales
401 3177 430 3231 et
441 3173 548 3232 amicos
561 3175 674 3258 lugiunt
727 3174 777 3231 ubi
792 3191 909 3232 necesse
930 3181 975 3231 est
999 3192 1057 3232 non
1070 3174 1170 3300 pecori
1193 3180 1316 3243 tantum,

89 3250 151 3303 toto
166 3261 259 3318 posse,
288 3244 412 3304 seilicet:
438 3246 555 3315 tamem,
583 3245 672 3317 sitim,
729 3244 780 3303 sed
796 3244 906 3301 homini
921 3244 1000 3301 nasci
1017 3263 1024 3301 :
1039 3266 1054 3295 »
1092 3261 1132 3300 aee
1144 3247 1255 3301 Seneca.

87 3316 189 3391 trigue,
199 3318 336 3387 delectus,
348 3321 554 3389 contemptum,
569 3317 674 3388 despe-
768 3337 796 3371 tt
830 3316 999 3371 Aasrmcrro
1025 3333 1045 3371 a
1070 3332 1156 3372 mous
1183 3329 1320 3370 numnam

87 3394 178 3459 ctum,
191 3393 220 3446 et
232 3387 407 3461 huiusmodi.
425 3390 470 3456 llt,
486 3392 517 3444 ut
530 3386 598 3443 dicit
608 3391 675 3443 Ber-
729 3402 826 3443 amnas
854 3404 897 3441 sm
925 3403 1016 3442 soors.
1038 3414 1074 3427 -
1099 3388 1134 3441 Et
1161 3383 1321 3464 noandum

86 3461 205 3531 cadus,
213 3461 315 3521 volunt
328 3474 392 3519 esse
401 3473 542 3531 pauperes
551 3457 602 3514 sed
615 3456 677 3514 sine
731 3456 807 3529 quod
835 3455 989 3513 abstractio
1015 3471 1033 3513 a
1056 3455 1143 3513 rebus
1158 3454 1322 3524 mundanas,

87 3531 211 3603 delectu,
218 3531 341 3591 humiles
348 3532 398 3588 sed
406 3529 467 3586 sine
474 3529 621 3602 despectu,
629 3543 678 3600 pa·
732 3527 887 3584 secundnm
902 3528 1085 3599 Bemardum,
1101 3526 1135 3582 fit
1154 3524 1246 3582 tribus
1259 3541 1322 3608 mo-

86 3602 192 3661 tientes
206 3605 256 3662 sed
272 3605 335 3661 sine
349 3600 540 3660 contumeliis.
556 3603 596 3658 Tu
610 3615 678 3657 vero
732 3599 786 3657 dis.
816 3598 928 3656 Primus
949 3600 1052 3657 modus
1081 3603 1136 3667 est,
1157 3597 1234 3669 quod
1258 3597 1322 3670 qurt

84 3689 242 3747 numquam
257 3690 309 3748 pro
324 3674 421 3746 aliqua
435 3689 467 3730 re
489 3673 582 3747 ipsam
605 3687 677 3745 pau·
732 3671 824 3728 solum
847 3669 879 3728 in
892 3670 1063 3730 necessariis
1087 3674 1278 3739 contentetur,
1294 3673 1326 3727 et

85 3749 229 3821 pertatem
248 3746 354 3804 laedere
371 3745 456 3813 relis;
475 3751 504 3802 et
525 3744 598 3801 nihil
613 3760 678 3802 om·
731 3749 878 3816 tamquam
897 3743 1038 3801 advenam
1050 3747 1079 3801 et
1093 3741 1279 3828 peregrinum
1292 3756 1323 3800 sc

87 3816 158 3876 nino
181 3817 257 3875 ultra
280 3816 481 3876 necessitatem
498 3817 618 3888 habeas,
633 3817 677 3873 rel
732 3820 880 3889 reputans,
895 3815 971 3872 victu
987 3820 1017 3874 et
1037 3821 1141 3874 vestitu
1157 3818 1323 3896 contentus,

88 3889 198 3948 babere
220 3889 376 3948 desideres.
397 3891 431 3947 Et
447 3890 471 3947 si
487 3889 592 3962 queris
611 3905 676 3962 quae
731 3903 819 3960 grave
842 3887 984 3945 existimet
1003 3887 1067 3945 aliis
1090 3887 1225 3946 onerari:
1242 3899 1321 3956 quia,

89 3959 129 4018 sit
157 3960 208 4018 illa
235 3964 411 4033 necessitas3
442 3961 602 4035 respondeo
626 3959 678 4018 tibi
733 3960 891 4018 secundum
903 3961 1075 4030 demonum,
1089 3958 1248 4031 hocipsum
1260 3970 1323 4025 gra·

131 4032 168 4090 od
195 4038 302 4117 quanto
329 4032 457 4091 intimius
479 4036 679 4107 paupertatem
733 4030 806 4087 riter
826 4033 960 4101 tolerant,
988 4030 1064 4104 qnod
1089 4028 1257 4087 testinantes
1285 4024 1322 4082 ad

90 4047 237 4174 dilexeras,
254 4109 334 4164 tanto
354 4104 485 4164 subtilius
506 4106 542 4162 de
557 4101 680 4162 necessi·
732 4101 867 4231 patriam,
881 4102 913 4160 in
925 4102 1040 4170 itinere,
1051 4101 1276 4225 mulmporunt.
1288 4125 1324 4140 -

92 4178 153 4232 tate
163 4176 316 4248 judicabis.
338 4176 389 4234 llla
403 4191 526 4248 namque
546 4190 678 4234 necessa·
754 4174 881 4231 ecnndns
895 4174 997 4231 modus
1016 4176 1070 4239 est,
1088 4186 1144 4243 quo
1184 4169 1250 4251 quis
1268 4182 1323 4225 nec

91 4245 137 4303 ria
150 4253 216 4305 sunt
228 4248 321 4317 nobis,
341 4247 402 4306 sine
418 4247 523 4320 quibus
539 4262 603 4304 esse
620 4262 680 4303 non
733 4244 763 4301 in
779 4245 948 4303 necessariis
971 4243 1141 4310 delectetur,
1155 4246 1184 4297 et
1198 4256 1228 4296 tn
1242 4239 1321 4297 nullo

92 4333 256 4392 pomumus.
277 4319 347 4379 Vide
362 4335 430 4394 ergo
449 4333 485 4378 ea
501 4320 563 4378 sine
577 4317 680 4392 quibus
734 4316 772 4374 ad
788 4315 960 4391 temporalia
973 4313 1012 4371 sit
1026 4311 1162 4382 allectus,
1182 4311 1233 4371 sed
1248 4315 1322 4371 tam
