2880 4942
528 739 843 851 VITAE

573 1052 679 1100 nonnul
692 1051 801 1100 NOSTRI

133 1297 499 1474 JESU
601 1295 1234 1473 CHRISTI

442 1753 619 1840 PARS
666 1753 919 1839 PRIMA.

551 2019 689 2092 CAPUT
715 2018 820 2091 XLIV

335 2235 378 2281 DE
400 2234 665 2284 snsclnsntoun
684 2235 774 2283 n1n11
795 2199 912 2284 VIIJUAE
931 2236 1035 2284 nnn.

562 2405 643 2462 Luca
662 2420 724 2480 cap.
745 2407 805 2464 Vll.

100 2599 112 2634 1
128 2576 323 2632 llrssrucouors
337 2574 437 2647 Dolum
455 2590 546 2632 mnus
563 2592 651 2634 vroun
706 2574 824 2632 solando
842 2572 956 2629 viduam
970 2577 998 2630 et
1014 2572 1143 2628 orbatam
1158 2578 1290 2646 matrem,

61 2664 241 2707 suscitamus.
259 2677 291 2689 -
304 2649 350 2715 Et,
360 2646 487 2713 deinceps
500 2647 559 2702 ibat
572 2649 652 2704 lesus
707 2649 873 2703 meruerunt
887 2645 977 2717 ipsum
990 2642 1087 2699 ridere
1110 2645 1289 2703 miraculum.

61 2726 87 2778 et
106 2737 168 2777 caim
188 2735 217 2775 eo
237 2719 369 2789 discipuli
387 2719 446 2788 ejus
463 2723 489 2774 et
509 2719 591 2774 turba
609 2736 651 2775 co·
707 2719 758 2775 Ubi
772 2717 919 2784 Greqorius
931 2719 1223 2786 nyssenmmrumnae
1234 2731 1292 2773 mo-

59 2795 154 2866 piosa,
170 2807 233 2862 quae
248 2805 313 2846 eum
326 2790 506 2861 sequebatur,
523 2793 649 2847 novitate
705 2789 773 2859 lem,
796 2789 927 2845 brevibus
951 2788 1044 2845 verliis
1065 2787 1105 2844 sic
1128 2787 1289 2859 explicuit:

62 2878 194 2935 operum,
220 2863 356 2919 suavitate
381 2861 529 2925 doctrinae.
562 2870 591 2917 et
617 2879 651 2918 ex
708 2860 929 2917 ullaterridua
944 2866 1014 2929 erat,
1037 2877 1100 2931 quae
1125 2876 1290 2931 nonspera·

62 2933 222 2992 sanctitatis
241 2935 301 3005 cJus
320 2933 480 2999 devotione,
499 2937 528 2989 in
547 2937 649 2990 civita·
706 2934 756 2990 bal
781 2933 896 2988 ulterius
925 2933 998 2990 lilios
1028 2948 1200 3003 procreare;
1234 2948 1292 2991 non

61 3009 116 3063 tem
130 3005 264 3072 Galilaeae,
283 3021 344 3076 qua
361 3011 474 3061 vocatur
487 3008 579 3062 Nalm.
598 3005 649 3065 Se·
705 3004 829 3061 habebat
845 3005 874 3060 in
890 3021 975 3075 quem
995 3003 1132 3074 dlrigcret
1145 3009 1294 3072 aspectum

62 3076 156 3134 cundo
170 3077 303 3132 milliario
320 3093 338 3132 a
357 3085 453 3133 monte
474 3077 587 3134 Thabor
606 3084 650 3134 est
705 3078 767 3133 ricc
781 3075 916 3146 defuncti,
933 3079 1001 3149 quia
1018 3077 1117 3132 unicus
1132 3081 1203 3143 erat,
1219 3075 1297 3131 hunc

62 3147 163 3205 civitas
185 3148 276 3216 Nalm,
299 3154 328 3204 et
352 3164 437 3219 supra
463 3150 543 3206 Nalm
570 3166 651 3206 mons
705 3149 797 3205 solum
829 3148 991 3206 lactaverat.
1020 3150 1070 3204 Hic
1093 3147 1170 3203 solus
1196 3146 1297 3203 aderat

61 3219 170 3287 Endor‚
186 3219 221 3275 ad
236 3221 449 3291 cujusradicem
461 3223 524 3278 tluit
537 3228 650 3277 torrens
706 3217 862 3278 alacritatis
878 3236 962 3277 causa
979 3219 1009 3277 in
1034 3220 1129 3287 domo,
1156 3215 1295 3288 quidquid

62 3289 166 3348 Gson.
194 3292 266 3348 Aute
284 3292 369 3364 hujus
388 3293 509 3349 civitatis
528 3300 649 3363 portam,
706 3293 791 3349 matri
819 3291 900 3348 dulce
915 3308 948 3347 ac
965 3292 1132 3361 pretiosum,
1158 3287 1204 3344 hic
1220 3288 1296 3346 solus

61 3307 110 3419 uIi
142 3366 203 3418 erat
234 3364 325 3445 major
355 3380 509 3420 concursus
541 3365 650 3434 populi,
705 3363 894 3421 exstiterat.»
923 3364 1003 3420 Unde
1019 3370 1048 3419 et
1060 3361 1202 3429 cyrillus:
1219 3379 1234 3414 u
1249 3361 1299 3417 llli·

61 3432 187 3490 ubviavil
210 3435 344 3491 Dominus
368 3434 541 3489 multitudini
558 3435 649 3488 homi·
706 3431 828 3490 seranda
843 3434 948 3502 passio,
975 3440 1003 3488 et
1028 3434 1065 3487 ad
1083 3434 1181 3484 tlctum
1197 3437 1226 3486 et
1252 3431 1289 3488 ad

59 3519 131 3562 num
146 3505 335 3575 efferentium,
351 3506 430 3562 idest
442 3509 521 3559 extra
534 3508 650 3574 portan-
706 3504 846 3574 lacrymas
858 3509 958 3572 potens
972 3516 1126 3573 provocare
1143 3505 1150 3558 t
1176 3518 1191 3553 r>
1206 3501 1295 3570 Quam

60 3575 650 3647 n'um,dcluoctumliliumunicumviduae‚
706 3573 894 3632 cumvidisset
913 3575 1044 3635 [lominus
1067 3577 1107 3632 sic
1131 3573 1241 3632 tristem
1260 3580 1290 3632 et

62 3648 100 3704 ad
112 3646 325 3718 sepeliendum:
341 3651 407 3720 quia
419 3651 576 3721 antiquitus
589 3649 651 3705 loca
705 3648 859 3718 afflictam,
873 3650 1065 3708 misericordia
1074 3654 1102 3705 et
1117 3649 1221 3719 pictate
1236 3663 1294 3704 mo·

10 3766 21 3787 ,.
58 3719 213 3801 sepultura
227 3726 308 3777 erant
321 3728 399 3778 extra
414 3720 540 3778 civitates
555 3727 583 3777 et
598 3723 649 3776 lio·
706 3721 926 3789 tus‚secundum
938 3723 1015 3794 quod
1025 3724 1109 3780 homo
1120 3736 1203 3795 super
1217 3735 1296 3776 eum:

58 3805 170 3847 minum
189 3793 389 3862 habitationes,
406 3809 441 3849 ne
460 3793 650 3850 cadaveribus
705 3798 766 3848 tum
782 3790 849 3863 qula
862 3792 947 3851 vidua
963 3803 1034 3861 erat,
1062 3800 1122 3852 tum
1147 3795 1214 3866 quia
1234 3807 1291 3850 uon

56 3859 243 3920 inficerentur
270 3865 332 3920 loca
356 3871 384 3921 et
413 3864 551 3921 homiues.
586 3862 648 3920 lloc
705 3864 1144 3938 ualebatuiumfiliumaquo
1164 3867 1291 3922 insene-

59 3939 157 3992 sutem
176 3934 217 3990 sic
236 3935 339 3992 lactum
360 3942 412 4003 est,
438 3942 468 3991 ut
490 3935 650 3991 evidentius
705 3942 781 3992 ctute
796 3940 949 3995 sustentari
961 3944 1056 4011 posset
1068 3954 1154 4011 quam
1168 3937 1204 3993 ab
1218 3937 1291 4007 ipso,

60 4011 136 4063 esset
162 4007 331 4064 miraculum
356 4022 452 4063 coram
484 4006 579 4062 multis
608 4006 649 4062 la-
704 4008 780 4064 dteit
795 4008 852 4079 illi,
867 4009 954 4066 verbo
964 4009 1154 4069 consolatorio
1167 4012 1195 4063 et
1207 4004 1296 4062 dulei:

60 4081 151 4149 aum,
183 4084 211 4135 ct
237 4081 318 4135 multi
346 4083 440 4134 essent
465 4084 548 4135 testes
578 4079 650 4135 tanti
704 4081 770 4140 Noli
792 4081 866 4151 llere.
887 4081 972 4150 Quasi
990 4084 1121 4139 diceret:
1142 4078 1204 4147 cito
1220 4090 1290 4133 con·

61 4149 205 4207 miraculi.
221 4150 255 4205 Et
273 4151 339 4221 quia
355 4151 494 4206 vacabant
507 4152 544 4206 ad
559 4151 650 4220 pieta-
703 4152 794 4210 solata
818 4153 886 4226 eris,
913 4152 1018 4210 desiste
1041 4149 1122 4222 quasi
1148 4153 1301 4205 mortuum

62 4221 98 4280 lis
125 4237 198 4296 opus
222 4223 418 4294 prosequendo
431 4222 526 4294 lunus,
540 4229 569 4279 et
585 4237 652 4281 con·
703 4224 774 4285 llere
798 4239 884 4300 quern
913 4239 980 4283 mox
1015 4222 1113 4279 rivum
1140 4233 1302 4295 resurgere

124 4317 399 4383 vnsuasuumsrr,
410 4321 502 4375 Totius
513 4319 550 4372 Il.
1085 4362 1088 4367 .
1176 4321 1187 4368 l
