2880 4942
110 311 157 365 251
464 311 573 366 Pillllli
601 316 720 372 ratris
747 318 850 372 carot
879 316 993 373 txxtx
1156 360 1172 389 0

113 440 192 513 ipsas
205 441 344 510 victimas,
354 456 426 512 quas
437 443 493 497 ritu
518 443 599 513 Legis
613 458 643 499 sc
654 444 699 499 ol·

111 512 186 569 terre
198 514 345 585 putabant,
362 529 411 569 eos
426 512 529 568 eccidit
543 532 549 581 ;
565 514 604 571 ita
621 516 697 585 quod

113 585 231 656 sanguis
253 584 433 642 ollerentium
458 585 561 641 oblatis
577 580 698 643 riclinris

112 656 289 713 misceretur.
317 656 395 712 Unde
422 661 491 712 ortae
511 663 577 713 sunt
601 657 698 714 iuimi-

113 726 187 784 citiau
210 727 285 783 inter
305 727 399 799 ipsum
415 733 442 784 et
462 729 612 800 Herodem,
631 730 699 802 quia

112 798 218 856 Galilmi
246 799 281 855 de
299 798 418 855 Herodis
442 806 582 872 potestate
604 808 696 859 crant.

113 872 147 927 Et
166 873 243 943 quia,
265 869 353 941 aliqui
373 871 510 942 devulgo
530 871 607 930 illam
628 873 700 930 occi·

111 941 220 998 sionem
237 941 359 998 subitam
373 948 401 998 et
415 944 589 1000 horrendam
606 945 697 1001 horri-

113 1012 218 1070 bilibus
237 1013 361 1087 peccatis
383 1015 510 1087 ipsorum
539 1019 697 1074 occisorum

112 1082 302 1167 imputabant,
318 1087 466 1144 credentes
477 1087 634 1160 justissime
649 1106 700 1146 eos

113 1157 182 1213 talia
214 1174 314 1231 passos
336 1175 410 1230 esse,
436 1166 625 1217 narraverunt
646 1162 700 1218 troc

113 1229 264 1297 salvatori,
281 1230 410 1288 volentes
425 1231 570 1304 percipere
586 1232 654 1303 quid
674 1232 699 1289 ei

112 1317 200 1374 super
211 1303 265 1358 hoc
280 1302 432 1360 rideretur.
451 1305 589 1360 Dominus
604 1311 700 1361 autem

113 1389 169 1429 non
187 1380 283 1446 negat,
307 1376 356 1430 sed
374 1374 455 1447 pouit
471 1392 520 1431 eos
535 1382 700 1447 peccatores

113 1443 212 1513 fuisse,
233 1452 260 1502 et
274 1452 392 1519 propter
407 1449 460 1502 hoc
478 1448 597 1518 periisse
611 1465 618 1516 ;
642 1464 700 1504 nou

111 1519 209 1572 tamen
235 1517 337 1573 asserit
353 1517 421 1574 talia
441 1534 504 1574 esse
523 1535 624 1590 passos
639 1536 699 1589 coe,

110 1591 256 1658 tamquam
280 1589 394 1659 pejores
420 1606 477 1645 non
506 1590 697 1661 patientibus,

109 1657 177 1730 quia
198 1658 262 1714 talis
275 1675 352 1715 mors
370 1664 484 1717 nonest
500 1668 699 1732 argumentum

109 1729 253 1786 sussiciens
281 1731 359 1812 quod
390 1732 505 1803 gravius
531 1739 699 1805 peccassent

109 1800 210 1858 ceteris
225 1803 370 1872 omnibus,
386 1803 521 1874 quoniam
536 1804 700 1876 frequenter

110 1875 186 1932 Deus
201 1880 317 1946 peccata
339 1874 434 1932 minus
455 1875 554 1958 gravia
573 1877 656 1949 punit
671 1877 699 1932 in

110 1947 245 2019 praesenti
261 1947 330 2015 rita,
346 1952 375 2003 ot
387 1963 519 2020 graviora
536 1954 600 2022 post
612 1948 699 2005 vitam

109 2024 281 2146 praesentem
296 2018 391 2075 dillert
412 2021 527 2092 pravius
562 2020 699 2078 unienda.

125 2089 234 2162 tystice,
245 2090 351 2147 Pilatus
359 2091 453 2162 signat
461 2037 615 2161 diaboium,
627 2109 701 2149 sem·

114 2161 567 2236 peranimasoccidereparaturn;
585 2164 701 2236 sanguis

112 2232 229 2305 exprimi
244 2240 402 2305 peccatum,
415 2242 443 2290 et
458 2235 598 2292 sacrillcia
611 2237 701 2292 bonas

116 2303 252 2360 actiones.
270 2304 389 2371 Galilaei,
406 2305 453 2376 qui
474 2307 700 2378 interpretantur

116 2379 353 2445 transmigrantes,
372 2376 484 2448 signant
502 2379 586 2450 liujus
604 2377 699 2434 mundi

114 2445 260 2516 viatores3
279 2464 356 2504 mors
370 2464 482 2531 quoque
503 2449 622 2506 istorum
637 2466 701 2506 cor-

115 2518 222 2590 poralis
255 2518 349 2592 signat
377 2520 553 2593 spiritualem
580 2528 700 2579 mortem

115 2606 225 2655 eorum,
240 2593 287 2664 qui
310 2609 367 2648 non
385 2610 454 2664 pure
472 2594 596 2651 otl'erunt
613 2593 700 2650 sacri·

114 2661 188 2719 ilcia.
205 2663 310 2721 Pilatus
325 2681 393 2735 ergo
408 2666 575 2736 sanguinem
592 2665 702 2722 Galilae-

114 2749 205 2801 orum,
227 2752 289 2791 cum
310 2736 456 2792 sacrificiis
475 2754 572 2795 corum
590 2740 699 2805 miscet,

113 2805 226 2875 quando
240 2805 371 2862 diabulus
381 2810 699 2879 preceseleemospuas,

116 2874 232 2946 'ejunia
262 2882 413 2947 ceteraque
432 2879 508 2934 bona
524 2895 611 2950 opera
626 2880 699 2935 fide·

125 2946 194 3013 ium,
211 2946 253 3002 rel
269 2947 416 3003 mortifera
433 2950 526 3005 cernis
542 2955 569 3005 et
582 2949 698 3021 sangui-

113 3016 158 3074 nis
172 3017 419 3087 delectatione,rel
433 3020 489 3076 odii
503 3021 697 3090 meditatione,

111 3090 156 3147 rel
177 3088 289 3146 invidiae
307 3090 414 3159 lurore,
430 3092 472 3148 vel
489 3094 621 3149 humanae
637 3093 697 3150 lau·

112 3159 157 3218 dis
171 3161 336 3227 ambitione,
348 3163 391 3219 rel
406 3163 698 3238 sinistrainteutione,

112 3234 156 3291 rel
171 3234 227 3290 alia
253 3234 380 3306 qualibet
401 3237 510 3293 nelaria
529 3243 609 3308 peste
624 3254 699 3294 com-

111 3307 249 3376 maculat;
267 3312 297 3363 ut
320 3307 449 3379 quamvis
461 3310 557 3366 oblata
578 3309 698 3367 Dornino

110 3377 272 3444 videantur,
288 3378 359 3435 nihil
374 3385 470 3438 tamen
494 3381 603 3455 prosint
626 3382 668 3437 oli
686 3413 697 3423 -

111 3451 247 3520 rentibus,
263 3451 312 3508 sed
330 3451 435 3524 potius,
456 3453 609 3522 interdum,
628 3453 699 3510 ssant

110 3520 152 3579 eis
171 3522 201 3580 iu
220 3529 375 3594 peccatum.
394 3527 434 3581 De
452 3526 525 3583 tuda
545 3525 631 3595 eninr,
650 3526 697 3597 qui

110 3591 184 3651 inter
206 3594 345 3652 sacritlcia
364 3596 485 3667 positus,
506 3596 698 3680 proditionem

109 3663 249 3722 Dominici
284 3666 431 3736 sanguinis
459 3670 601 3740 cogitabat
626 3667 697 3725 scri·

108 3742 187 3808 ptum
207 3740 251 3791 est
270 3737 299 3791 in
321 3736 432 3794 l'salmo
454 3757 460 3796 :
481 3745 517 3797 m
536 3743 623 3796 oratio
637 3740 697 3810 ejus

111 3811 162 3880 piat
181 3809 210 3862 in
223 3813 374 3878 peccatum.

145 3880 303 3937 aCrrnrsres
317 3882 427 3936 trrnmos
440 3899 493 3937 sos
504 3900 585 3937 ursus
599 3898 695 3936 scene·

107 3968 201 4021 naros,
211 3969 263 4007 ,usi
275 3969 456 4021 nesrrrseisr,
468 3970 614 4010 reurrenos
629 3970 696 4007 rne-

107 4040 185 4082 merr.
202 4055 237 4066 -
255 4026 287 4080 Et
301 4023 340 4081 ait
358 4026 492 4081 llorninus
504 4025 555 4094 eis,
571 4025 619 4098 qui
636 4025 695 4080 brec

107 4094 160 4151 sibi
183 4098 362 4165 nuntiabant,
391 4097 504 4154 iudans
530 4114 587 4154 neu
603 4096 695 4153 ruimrs

107 4163 164 4223 illis
184 4167 308 4225 Gulilteis
333 4170 503 4241 sceleratos;
531 4177 559 4226 et
578 4169 632 4225 uisi
658 4168 693 4225 de

107 4238 229 4309 peccatis
239 4240 574 4312 poeuitucr·iut,si1niliter
589 4240 618 4296 iu
631 4257 692 4296 cor·

106 4322 177 4383 pore
192 4315 220 4367 et
237 4313 337 4385 ,aniura
351 4315 503 4386 perituros.
529 4313 595 4374 Sela
612 4311 688 4372 enim

753 431 922 502 poenitentia
950 430 1052 487 liberat
1078 447 1095 486 a
1123 430 1272 502 periculo,
1290 434 1355 505 quia

754 510 797 559 est
810 503 935 559 secrrnda
951 508 1014 574 post
1038 501 1225 574 naufragium
1242 505 1353 563 tabula.

755 575 796 631 llli
815 575 928 646 quidem
946 573 1067 643 Galilmi,
1088 591 1145 630 non
1167 575 1265 632 solum
1288 576 1355 649 quia

754 653 918 719 peccatores
933 647 1059 715 luerunt,
1076 649 1126 703 sed
1150 653 1180 702 et
1208 649 1236 703 in
1259 654 1353 707 terre·

754 736 815 776 reni
839 719 960 775 aliorum
989 718 1078 790 puniti
1094 725 1174 788 suut;
1191 719 1263 791 quia
1299 722 1352 777 ire·

754 797 875 863 quanter
887 797 1035 847 morentur
1051 790 1184 846 homines
1200 792 1236 847 ad
1256 794 1352 873 poeni·

753 862 872 918 tentiam
886 879 918 918 ox
930 868 1021 918 morte
1042 863 1161 918 aliorum
1180 863 1309 921 horrida
1323 869 1350 922 et

754 933 915 1006 repentina.
938 935 1015 991 Unde
1040 933 1080 990 ait
1103 935 1281 1004 chrysostom
1291 952 1323 991 us
1342 954 1349 992 :

756 1031 769 1056 ι
782 1009 811 1062 ln
820 1007 872 1062 troc
885 1012 980 1063 autem
991 1005 1112 1062 ostendit
1126 1006 1203 1076 quod
1212 1006 1280 1063 illos
1291 1023 1350 1081 per·

755 1077 832 1133 misit
855 1078 922 1134 talia
938 1077 1005 1149 pati,
1029 1083 1058 1134 ut
1076 1079 1216 1148 viventes,
1237 1079 1349 1136 alienis

755 1149 888 1221 periculis
902 1149 1004 1218 territi,
1027 1150 1130 1205 tierent
1150 1149 1276 1207 heredes
1304 1166 1349 1207 re·

775 1221 813 1277 ui.
830 1221 902 1289 Quid
917 1220 1012 1292 igitur,
1029 1222 1116 1285 dices,
1129 1226 1160 1277 ut
1172 1221 1276 1278 melior
1294 1238 1347 1293 ego

754 1237 833 1362 gam,
850 1293 897 1349 ille
910 1294 1044 1364 purdtur‘l
1055 1295 1116 1349 Nou
1131 1292 1212 1363 ide0;
1226 1295 1279 1350 sed
1298 1310 1347 1366 pu·

755 1364 831 1421 nitur
860 1365 974 1437 quidem
998 1364 1186 1438 proptoralia
1210 1365 1346 1434 crimina,

755 1438 787 1493 tit
802 1453 869 1493 vero
880 1454 912 1493 ex
928 1436 1151 1493 lroeridentibus
1165 1436 1267 1494 salutis
1282 1454 1346 1495 rua·

756 1507 836 1566 teria.
855 1530 869 1559 »
886 1508 1043 1565 —Deinde
1061 1507 1140 1581 ponit
1153 1509 1230 1565 aliud
1246 1526 1344 1566 exem·

754 1581 832 1653 plunr
844 1581 879 1637 do
894 1582 992 1637 decern
1004 1588 1032 1637 et
1046 1587 1109 1638 octo
1121 1580 1345 1653 lerosolyuritis,

756 1651 888 1725 quidum
897 1652 1070 1709 aeditlcarent
1082 1653 1234 1723 quamdam
1243 1653 1346 1710 turrim

755 1725 784 1780 in
810 1724 895 1791 Siloe,
916 1723 1008 1780 subito
1027 1724 1129 1781 cecidit
1148 1740 1233 1794 super
1252 1741 1303 1781 eos
1319 1730 1346 1781 et

755 1795 906 1868 oppressit,
922 1794 1069 1869 punitique
1092 1802 1158 1852 suut
1174 1795 1345 1853 instrumen-

756 1873 784 1923 to
798 1884 856 1923 suar
872 1867 1038 1924 ollensiouis
1051 1885 1058 1936 ;
1073 1883 1158 1939 qoam
1171 1867 1285 1924 ruinam
1296 1868 1345 1925 ali-

756 1938 803 2010 qui
828 1938 1007 2011 imputabant
1028 1939 1191 1996 enormitati
1211 1945 1343 2012 peccato-

755 2027 818 2067 rum
834 2027 961 2081 suorum,
975 2011 1010 2067 de
1021 2027 1076 2083 quo
1089 2011 1212 2068 similem
1226 2020 1343 2069 senten-

755 2086 825 2138 tiam
842 2082 910 2138 dicit
926 2082 1145 2153 Christus,sicut
1159 2084 1237 2140 etde
1252 2084 1342 2151 primo

755 2155 882 2226 exeorplo
900 2155 1072 2227 supradicto.
1092 2156 1173 2211 Unde
1187 2155 1228 2211 uit
1242 2157 1317 2213 Beda
1335 2176 1343 2212 :

757 2248 771 2278 a
781 2226 821 2282 llli
833 2225 917 2282 etiam
928 2225 1147 2298 ierosolymitae,
1161 2226 1274 2283 aruina
1284 2233 1342 2284 tur-

755 2297 794 2354 ris
804 2297 833 2354 in
841 2299 915 2354 Silue
926 2297 1237 2380 oppressi,signiticant
1249 2300 1344 2356 ludae-

755 2386 797 2435 os,
814 2371 860 2441 qui
875 2373 1014 2440 prendere
1028 2369 1181 2439 noluerint,
1194 2387 1258 2427 cum
1271 2387 1341 2427 mae-

755 2441 840 2499 nibus
852 2441 911 2498 suis
927 2458 989 2498 esse
1007 2441 1149 2514 perituros
1165 2460 1172 2511 ;
1189 2442 1239 2499 illa
1253 2443 1340 2501 turris

755 2513 849 2584 signat
865 2512 944 2570 illum
958 2513 1006 2596 qui
1022 2519 1065 2571 est
1083 2514 1172 2571 turris
1193 2513 1339 2572 tortitudi-

754 2585 809 2654 nis,
825 2600 889 2658 quae
903 2592 1004 2642 utente
1018 2592 1062 2643 est
1077 2586 1105 2642 iu
1121 2585 1277 2669 Siloe,quce
1300 2586 1339 2643 in·

754 2662 929 2739 terpretatur
943 2661 1057 2725 missum
1073 2657 1165 2730 signat
1184 2675 1259 2715 ennu
1275 2674 1339 2714 eum

755 2745 802 2800 qur
817 2728 920 2785 missus
935 2745 953 2786 a
969 2731 1137 2786 Patreieuit
1149 2729 1338 2798 inmundum,

755 2799 802 2871 qui
818 2817 919 2857 omnes
934 2816 1019 2873 super
1032 2817 1104 2873 quos
1113 2800 1260 2870 ceciderit,
1272 2818 1340 2859 con·

754 2877 827 2929 teret
843 2896 849 2929 :
865 2894 879 2923 a
896 2874 958 2930 hacc
972 2874 1056 2929 Beda.

789 2944 977 3001 bstulerruuo
998 2963 1133 3002 ricemere
1154 2963 1343 3003 mmccrc'oss

753 3032 857 3072 roceum
871 3018 1030 3089 tonsores,
1052 3036 1150 3073 nexem
1174 3036 1284 3075 neusse
1311 3037 1343 3074 er

753 3104 874 3144 cureruer
902 3107 996 3145 nonme
1021 3107 1177 3146 sericeam.
1197 3120 1232 3132 -
1255 3091 1344 3162 Super

753 3176 808 3230 quo
832 3159 902 3216 dixit
921 3160 961 3217 eis
981 3160 1196 3218 similitudinem
1212 3161 1340 3219 ficulnea

752 3231 876 3289 fructum
893 3248 950 3288 non
965 3232 1104 3303 iacientis,
1116 3241 1145 3290 et
1156 3241 1261 3290 terram
1277 3233 1340 3289 inu·

752 3302 840 3359 tiliter
865 3303 1040 3376 occupantis,
1055 3321 1140 3377 quam
1155 3306 1288 3362 dominus
1299 3305 1339 3361 ri·

753 3391 796 3431 nce
826 3376 932 3431 succidi
960 3376 1059 3446 voluit,
1087 3374 1338 3448 quiatertioanno

753 3446 874 3503 fructum
891 3449 919 3503 in
944 3463 977 3504 ea
993 3464 1135 3520 quarens,
1149 3447 1339 3516 noniurenit3

752 3517 812 3585 sed,
823 3536 840 3574 a
851 3519 958 3575 cultore
973 3521 1062 3577 vinee
1078 3519 1153 3577 circa
1167 3535 1231 3577 eam
1244 3520 1342 3577 ledere

752 3594 780 3647 et
807 3596 936 3647 stercora
955 3590 1067 3648 mittere
1082 3591 1195 3649 volente
1212 3598 1339 3663 rogatus,

752 3662 838 3718 etiam
857 3661 918 3733 ipso
929 3678 1007 3720 anno
1018 3663 1115 3732 tertio,
1126 3668 1244 3737 propter
1261 3679 1340 3792 spem

752 3733 982 3805 emendationis,
1011 3735 1129 3793 dimisit.
1159 3735 1267 3793 Conclu
1290 3751 1341 3792 ens

751 3805 826 3876 quod
860 3806 951 3862 iudai
979 3806 1110 3865 similiter
1146 3814 1243 3864 esseut
1263 3823 1340 3881 pra·-

751 3876 898 3933 srindoudi
922 3879 956 3935 de
983 3879 1041 3936 sita
1063 3878 1210 3952 praesenti,
1236 3885 1264 3934 et
1288 3896 1339 3952 pu·

750 3949 867 4018 aliendi,
892 3949 944 4006 nisi
969 3951 1092 4008 fructum
1113 3950 1285 4024 punitentia·
1311 3959 1339 4007 et

749 4020 889 4077 botrorum
905 4039 1022 4093 ortorum
1038 4024 1173 4080 tacerent.
1189 4025 1220 4079 lu
1235 4023 1288 4079 hac
1303 4022 1339 4079 si·

750 4092 920 4161 militudiue,
937 4101 1041 4165 rqtrautn
1063 4095 1099 4151 sit
1119 4094 1169 4152 Dei
1189 4093 1335 4166 patientia,

750 4170 856 4246 quauta
879 4171 973 4222 autern
993 4166 1030 4222 sit
1048 4165 1173 4223 hominis
1189 4167 1335 4239 negligen-

748 4240 797 4308 tia,
820 4236 1025 4293 manifestatur.
1047 4240 1181 4296 liculnea
1209 4239 1336 4309 plantata

747 4307 776 4365 in
811 4306 901 4380 vinea,
934 4313 976 4367 est
1002 4326 1147 4387 synagoga
1179 4317 1274 4369 erecta
1305 4310 1334 4368 in
