2880 4942
365 376 405 431 ott
432 378 612 433 Peritum
638 378 672 432 tlt
697 377 866 433 tuutlsls
893 376 1077 434 neptunus.
1299 381 1330 437 b'l

96 484 690 554 toretinflammantur.Sicenimserpens

100 564 219 630 propter
247 558 302 613 duo
330 555 423 629 diligit
447 555 552 624 solem,
581 555 690 610 scilicet

99 635 218 702 propter
229 629 352 685 calorem
364 643 421 698 quo
432 633 533 684 natura
544 627 690 697 vigoratur

101 706 131 758 et
158 705 274 772 propter
295 701 386 755 lucem
413 714 470 769 qua
493 698 687 779 illuminatur:

101 771 178 845 quia,
207 787 270 828 eum
299 772 430 840 senescit,
455 770 561 825 amittit
584 784 688 837 usum,

100 842 151 900 sed
177 843 214 899 ad
240 841 336 899 radios
362 842 430 898 solis
458 841 565 897 directe
594 840 690 897 oeulos

101 928 258 987 apponens,
273 914 375 984 recipit
390 928 465 969 eum.
484 913 515 967 ln
534 912 579 967 his
599 911 690 968 tribus

101 999 157 1042 nos
178 984 316 1041 Dominus
339 983 431 1040 uoluit
451 983 603 1040 assimilari
621 999 689 1055 pru-

101 1055 369 1126 dentiaeserpentis·,
385 1055 435 1111 sed
446 1055 541 1109 nciuin
551 1061 690 1111 venenata

101 1128 311 1199 complexione,
331 1143 387 1182 nou
415 1126 445 1181 in
470 1125 575 1199 lingua
603 1126 690 1197 parti·

103 1199 196 1269 tione,
216 1213 275 1253 non
289 1196 317 1252 in
334 1197 514 1253 anfractuosa
527 1196 691 1253 deambula·

101 1269 193 1326 tione.
205 1268 375 1340 Simplicitas
385 1267 517 1325 similiter
527 1267 690 1325 columbina

103 1338 191 1396 debet
204 1355 264 1396 esse
279 1339 309 1394 in
324 1341 424 1408 tribus,
440 1339 549 1396 scilicet
566 1357 573 1397 ε
589 1339 689 1412 cogni-

100 1407 190 1467 tionis
224 1412 252 1466 in
284 1411 456 1483 judicando,
490 1411 576 1467 habet
612 1409 689 1467 enim

102 1480 222 1538 blandos
239 1484 336 1538 oculos
353 1488 382 1537 et
394 1481 506 1538 dulcem
522 1488 686 1552 aspectum;

100 1550 262 1610 affectionis
278 1555 307 1609 in
327 1553 481 1625 diligendo,
497 1553 594 1626 ligitur
612 1555 688 1609 enim

101 1623 133 1680 iu
156 1639 253 1681 amore
277 1625 313 1680 ad
335 1641 425 1696 genus
447 1641 539 1693 suum,
563 1625 638 1681 unde
661 1630 689 1680 et

100 1693 265 1766 frequentat
293 1696 437 1763 oseulum;
464 1697 631 1752 intentionis
660 1695 690 1752 in

103 1767 259 1838 operando,
273 1767 379 1823 residet
392 1768 468 1824 enim
483 1784 569 1838 super
583 1769 690 1823 tluenta

103 1851 255 1909 aquarum,
267 1844 297 1894 ut
309 1839 451 1910 accipitris
463 1838 579 1894 insidias
592 1843 691 1894 caveat

100 1909 688 2036 qerumbram.llt‚secundumilemipium,

124 1994 177 2037 ene
200 1981 329 2053 adiungit
349 1983 509 2051 prudentiae
528 1981 692 2050 simplieita-

102 2056 173 2119 tem,
189 2053 257 2123 quia
268 2054 435 2122 simplicitas
448 2051 555 2122 absque
573 2050 694 2120 pruden-

102 2121 238 2179 tiaiacile
255 2123 346 2194 decipi
365 2128 475 2194 potest;
497 2128 524 2177 et
542 2122 693 2193 prudentia

103 2193 264 2266 periculosa
282 2201 325 2251 est
344 2195 380 2250 ad
406 2193 618 2264 decipiendum,
639 2192 692 2248 nisi

106 2265 288 2337 simplicitate
308 2272 491 2335 temperetur.
517 2265 595 2322 Unde
616 2270 694 2334 patet

104 2337 183 2409 quod
194 2339 299 2393 astutia
311 2339 427 2407 vulpina
435 2336 628 2407 vituperabilis
639 2342 691 2406 est,

103 2411 133 2465 et
148 2408 282 2464 similiter
300 2409 408 2464 ruditas
424 2409 546 2477 bovina;
560 2408 610 2463 sed
630 2423 691 2463 me-

105 2478 184 2536 dium
200 2484 243 2534 est
261 2481 426 2548 tenendum,
447 2486 475 2534 et
494 2478 586 2534 medio
607 2478 691 2534 modo

103 2554 147 2606 est
164 2549 363 2607 incedendum.
382 2550 461 2607 Unde
476 2557 504 2605 et
519 2551 666 2619 &spurius
681 2568 690 2605 ε

104 2639 119 2674 c
135 2621 260 2693 Utraque
276 2622 435 2677 necessario
450 2623 479 2676 in
497 2621 691 2677 admonitione

103 2693 262 2765 conjunxit,
279 2698 309 2748 ut
327 2693 535 2763 simplieitatem
550 2693 690 2747 columba

103 2763 210 2820 astutia
226 2765 366 2835 serpentis
381 2766 545 2834 instrueret,
556 2769 585 2818 et
596 2778 693 2818 rursus

102 2836 245 2905 serpentis
258 2838 389 2892 astutiam
404 2836 543 2892 columbae
557 2834 692 2904 simplici-

103 2909 340 2978 testemperaret.
355 2926 369 2959 n
384 2908 463 2962 Unde
477 2908 561 2962 etiam
574 2907 692 2975 Ubrpso·

102 2981 209 3033 stemus
223 2980 364 3034 :altstete
379 2994 442 3046 erpo
458 2979 606 3049 prudentes
621 2979 693 3032 sieut

103 3053 254 3121 serpentes,
281 3050 316 3105 ad
344 3048 541 3120 intelligendas
561 3049 691 3113 fraudes:

104 3123 190 3176 estote
216 3121 355 3191 simplices
381 3123 454 3176 sieut
480 3121 625 3190 columbae,
656 3118 693 3174 ad

104 3190 292 3264 ignoscendas
313 3191 441 3266 injurias.
463 3193 532 3248 Nolo
558 3207 609 3246 vos
630 3205 691 3247 esse

104 3276 218 3332 semper
241 3264 321 3333 quasi
344 3263 499 3332 columbas,
521 3278 556 3318 ne
576 3267 693 3333 propter

104 3331 315 3403 simplicitatem
339 3333 457 3390 nimiam
481 3349 532 3404 per
551 3331 692 3389 seductio-

104 3418 175 3460 nem
193 3404 223 3459 in
237 3405 368 3476 laqueum
386 3403 546 3460 incurratis.
560 3403 629 3458 Nolo
643 3418 694 3457 ros

107 3489 169 3532 esse
194 3490 306 3548 semper
323 3479 396 3533 sicut
421 3481 576 3545 serpentes,
601 3489 636 3528 ne
661 3488 694 3528 ex

107 3544 196 3602 eorde
211 3554 310 3604 eontra
324 3549 448 3620 aliquem
462 3560 572 3601 uenena
591 3543 694 3600 lunda·

105 3617 161 3686 tis;
176 3617 225 3674 sed
233 3621 388 3675 seeundum
400 3625 511 3689 tempus
521 3622 549 3673 et
560 3631 694 3688 personas

106 3690 225 3746 mutetis
240 3695 269 3745 et
283 3706 388 3746 mures.
405 3691 447 3759 Et,
465 3696 496 3745 ut
512 3688 638 3744 breviter
651 3686 693 3743 di-

108 3773 183 3830 cam,
199 3766 282 3816 estote
349 3763 441 3817 dentes
458 3764 530 3816 sieut
542 3763 693 3832 serpentes,

109 3836 143 3887 ut
155 3846 240 3888 omne
254 3848 299 3888 ma
313 3848 359 3888 um
375 3831 539 3904 intelligatis
553 3840 581 3887 et
595 3847 694 3887 eavea-

106 3900 160 3972 tis;
176 3908 260 3959 estote
273 3906 411 3975 simplices
425 3907 496 3960 sieut
510 3903 648 3967 columbe,
663 3906 696 3958 ut

108 3987 169 4029 uon
188 3973 299 4031 faciatis
321 3976 407 4031 ullum
428 3977 552 4042 malum;
568 3976 636 4046 quia
651 3975 695 4028 in·

108 4044 242 4117 telligere
257 4046 362 4102 malum
379 4046 521 4102 laudabile
536 4053 587 4115 est,
600 4045 695 4101 iacere

110 4119 221 4184 autem,
230 4116 424 4188 vituperabile.
434 4120 490 4174 Nec
500 4117 549 4188 qui
563 4115 697 4186 intelligit

110 4186 232 4256 malum
249 4187 296 4244 ille
313 4188 379 4245 lacit
387 4189 505 4256 malum;
521 4188 570 4243 sed
583 4188 631 4258 qui
640 4202 697 4242 ma·

110 4256 170 4314 lum
179 4265 347 4330 operatura
360 4260 422 4316 haec
437 4261 652 4330 chrysostomus.

148 4333 166 4387 ὅ
186 4329 336 4389 Carmana
355 4349 374 4389 a
392 4347 471 4389 unus
491 4346 649 4389 sommus.
664 4356 699 4372 -

744 484 779 539 Et
803 483 950 557 subjungit
971 486 1125 555 aperiendo
1153 502 1224 558 quos
1248 487 1330 558 lupos

744 553 846 611 dixerit
861 578 867 613 :
883 557 980 614 Uouete
997 563 1088 613 autem
1106 559 1142 613 ub
1162 559 1329 623 bominibus,

743 627 852 683 scilicet
873 626 945 698 lupis
965 628 1165 689 deterioribus.
1184 631 1211 685 id
1228 636 1271 686 est
1293 630 1329 687 ab

743 697 1330 783 hominumpersuesionibus,quiquaerunt

744 769 940 827 fraudolenter
950 787 998 827 vos
1010 773 1140 841 decipere
1150 777 1180 828 et
1189 773 1330 828 violenter

745 847 917 913 pervertere.
932 843 984 900 Ubi
1001 859 1029 898 se
1050 843 1217 913 exponendo
1233 843 1328 899 Domi-

745 928 799 968 nus
818 912 944 969 declarat
963 914 1039 984 quod
1056 915 1148 982 lupus,
1161 929 1218 970 non
1234 916 1329 983 bruta,

743 985 792 1040 sed
807 984 936 1041 homines
947 985 1057 1042 dixerit.
1073 986 1151 1042 Unde
1166 987 1331 1055 Ubrpsosto-

744 1071 850 1111 mustu
869 1057 911 1112 lta
931 1056 1013 1112 dixit:
1031 1054 1175 1113 Attendite
1195 1058 1275 1113 vobis
1294 1056 1330 1113 ab

744 1125 918 1195 hominibus,
934 1130 1013 1199 quasi
1028 1144 1045 1183 a
1059 1129 1227 1199 quibusdam
1247 1126 1331 1200 pessi·

745 1198 799 1253 mis
812 1199 903 1261 malis,
915 1204 944 1254 et
955 1201 1146 1268 superomnia
1158 1199 1330 1263 malamalis,

746 1269 897 1325 ostendere
916 1270 1014 1326 rolens
1033 1270 1099 1341 quia
1119 1285 1178 1338 pree
1199 1269 1330 1325 omnibus

746 1339 828 1396 malis
855 1342 940 1396 lromo
968 1347 1011 1397 est
1038 1342 1188 1412 pessimum
1213 1340 1330 1398 malum.

746 1409 819 1468 Nam
831 1412 854 1467 si
868 1413 965 1469 hestiae
978 1429 1042 1469 eum
1054 1428 1220 1484 comparare
1233 1412 1331 1467 volue-

745 1481 795 1551 ris,
823 1485 949 1555 pejorem
976 1483 1103 1540 invenies
1131 1500 1208 1541 eum.
1238 1483 1333 1539 Bestia

746 1555 834 1623 enim,
857 1556 988 1627 quamvis
1013 1557 1049 1613 sit
1068 1556 1201 1622 crudelis,
1223 1561 1331 1622 tamen,

746 1626 814 1696 quia
832 1627 1006 1683 irrationalis
1021 1634 1072 1695 est,
1087 1627 1277 1683 declinabitur
1295 1625 1331 1682 ab

746 1697 861 1754 homine
876 1700 1027 1756 crudelitas
1040 1700 1115 1769 ejus;
1136 1701 1221 1756 homo
1237 1703 1333 1754 autem

747 1768 880 1838 crudelis,
889 1786 952 1827 cum
964 1772 1001 1826 sit
1017 1771 1171 1837 rationalis,
1181 1786 1238 1826 non
1250 1767 1333 1825 facile

748 1839 883 1895 evadetur
893 1842 1046 1898 crudelitas
1056 1842 1126 1912 ejus.
1140 1841 1169 1897 Si
1183 1854 1331 1909 compara·

749 1911 824 1965 veris
838 1911 982 1967 hominem
998 1913 1133 1981 serpenti,
1147 1912 1275 1982 pejorem
1289 1910 1332 1965 iu·

748 1981 847 2035 venies
872 1998 953 2050 eum;
977 1985 1112 2054 qnoniam
1136 1997 1263 2051 serpens,
1283 1979 1334 2035 etsi
1364 1995 1368 2003 ·

750 2051 887 2108 malitiam
915 2052 1010 2121 habet,
1035 2059 1131 2108 tamen
1157 2058 1185 2108 et
1211 2049 1334 2107 hominis

749 2122 836 2179 habet
850 2124 990 2179 timorem.
1011 2125 1087 2188 ldeo,
1103 2123 1126 2179 si
1141 2123 1257 2195 quidem
1280 2137 1333 2193 po·

749 2194 847 2265 tuerit,
855 2196 982 2265 mordet;
994 2197 1017 2252 si
1029 2201 1122 2251 autom
1134 2211 1190 2250 non
1201 2193 1334 2265 potuerit,

749 2265 832 2338 iugit.
855 2268 944 2323 Homo
970 2273 1066 2323 autem
1088 2268 1226 2323 malitiam
1249 2266 1336 2322 habet

748 2338 898 2409 serpentis,
911 2345 939 2394 et
950 2337 1081 2394 timorem
1095 2355 1150 2394 non
1166 2339 1251 2395 habet
1263 2337 1337 2393 sicut

749 2424 875 2480 serpens.
887 2410 953 2465 ldeo
964 2410 1099 2481 quamdiu
1112 2410 1261 2466 nonhabet
1267 2414 1337 2465 tem·

750 2495 819 2551 pus,
844 2480 913 2536 latet
937 2482 1010 2536 sicut
1032 2497 1165 2551 serpens;
1191 2480 1215 2535 si
1239 2486 1335 2534 autem

749 2557 861 2623 tempus
876 2552 1028 2618 invenerit,
1045 2551 1129 2607 irruit
1148 2552 1220 2605 sicut
1236 2550 1335 2605 bestia.

749 2622 848 2677 Adhuc
860 2629 955 2677 eutem
969 2623 1062 2677 omnis
1076 2620 1174 2684 bestia,
1187 2621 1211 2674 si
1222 2619 1338 2701 quidem
1400 2646 1403 2653 ·

749 2691 862 2749 irritata
872 2691 965 2753 suerit,
976 2695 1071 2759 saevit;
1085 2693 1107 2747 si
1117 2699 1212 2748 autem
1227 2691 1338 2746 irritata

750 2758 807 2820 non
826 2762 921 2831 suerit,
937 2763 966 2819 io
982 2763 1095 2820 silentio
1113 2763 1224 2819 transit.
1246 2763 1337 2818 Homo

750 2840 845 2892 autem
865 2850 921 2890 non
939 2837 1066 2891 irritatus
1086 2835 1190 2891 insanit
1203 2850 1220 2890 a
1235 2833 1338 2906 quibus

750 2921 808 2962 non
828 2905 913 2961 inerit
936 2906 1075 2964 irritatus.
1099 2908 1142 2974 st,
1160 2911 1190 2962 ut
1214 2906 1338 2963 breviter

749 2977 853 3049 dicam,
873 2994 1051 3050 unaqueque
1075 2978 1175 3046 hestia,
1196 2992 1283 3034 unum
1308 2980 1337 3031 et

750 3050 896 3120 proprium
909 3050 1015 3106 malum
1029 3050 1129 3113 habet;
1143 3050 1228 3105 homo
1240 3054 1338 3105 autem

749 3120 847 3177 omnia
874 3120 950 3177 mala
978 3122 1066 3178 habet
1092 3123 1120 3177 in
1143 3137 1183 3177 se.
1210 3120 1337 3200 Denique

750 3192 834 3247 hemo
849 3192 938 3248 malus
954 3194 1033 3263 pejor
1047 3197 1089 3247 est
1103 3206 1189 3262 qoam
1202 3192 1261 3260 ipse
1275 3190 1337 3245 dia·

749 3261 841 3318 bolus.
853 3263 988 3318 Diabolus
998 3264 1085 3330 euim,
1096 3266 1119 3318 si
1132 3262 1233 3316 viderit
1242 3260 1337 3315 homi-

750 3348 816 3389 uem
835 3333 953 3403 justum,
971 3349 1028 3387 non
1047 3337 1090 3387 est
1110 3347 1195 3388 ausus
1216 3331 1252 3386 ad
1272 3344 1339 3386 eum

749 3400 1339 3472 accedere;homoautemmalus,quamvis

750 3473 896 3529 hominem
908 3478 1037 3529 sanetum
1050 3473 1163 3534 viderit,
1175 3487 1232 3527 non
1245 3470 1339 3527 solum

751 3544 831 3600 illum
854 3560 910 3599 non
933 3545 1029 3613 timet,
1049 3545 1099 3599 sed
1124 3544 1217 3600 aclhuc
1246 3541 1337 3614 magis

752 3615 1338 3688 contemnitll'ooenimdiaboluspraestat

751 3687 860 3745 homini
879 3688 1023 3757 virtutem,
1039 3689 1089 3745 sed
1102 3689 1187 3745 homo
1203 3686 1334 3755 diabolo;

750 3774 831 3816 arma
854 3776 921 3832 ergo
941 3761 1047 3817 diaboli
1071 3761 1156 3818 homo
1176 3765 1219 3815 est
1232 3759 1337 3818 malus.

752 3830 830 3888 Sicut
839 3834 915 3889 enim
930 3834 1016 3889 homo
1031 3834 1092 3889 sine
1106 3830 1192 3889 armis
1205 3847 1262 3887 non
1273 3837 1337 3901 pot·

752 3906 794 3958 est
806 3902 914 3975 aliquid
928 3903 1022 3960 iacere
1035 3910 1135 3961 contra
1149 3904 1271 3971 hostem,
1296 3901 1338 3956 sie
1372 3935 1374 3939 <

752 3979 781 4029 et
800 3975 930 4031 diabolus
955 3977 1017 4031 sine
1043 3976 1159 4032 homine
1183 3987 1242 4028 non
1262 3969 1339 4050 ualet

753 4052 854 4101 eontra
870 4046 998 4102 Sanctus.
1010 4066 1024 4097 u
1037 4049 1071 4102 Et
1082 4048 1185 4102 iterum
1197 4060 1203 4097 :
1216 4063 1230 4094 c
1242 4043 1339 4119 Virtus

754 4115 860 4172 diaboli
875 4118 1006 4174 homiues
1019 4118 1087 4175 mali
1104 4117 1181 4181 sunt,
1194 4126 1246 4192 nee
1261 4124 1340 4190 emm

754 4192 847 4257 potest
871 4188 986 4259 aliquod
1012 4189 1116 4244 malum
1141 4195 1284 4239 seminare
1309 4195 1340 4237 m

754 4258 870 4326 mundo,
886 4259 940 4314 nisi
955 4274 1005 4330 per
1022 4274 1086 4313 suos
1100 4253 1254 4316 ministros,
1271 4252 1339 4382 quia

755 4328 786 4386 in
798 4329 909 4387 Sanctis
922 4345 981 4387 non
994 4329 1101 4386 invenit
1113 4328 1208 4385 locum
1223 4340 1230 4382 :
1245 4343 1260 4380 n
1297 4337 1339 4381 ee
