2850 4936
135 314 168 372 ω
526 305 637 361 rutum
664 304 783 361 elutis
810 303 915 358 cient
944 305 991 359 tlt

135 422 166 480 iu
179 418 346 494 parentibus
361 435 369 475 t
386 430 451 471 cum
469 412 555 471 etiam
570 412 659 470 irater
672 411 730 467 ira-

136 500 210 550 trem
226 491 435 548 traditurnsest
449 485 478 542 in
492 491 622 550 mortem,
640 488 730 554 pater,

136 564 241 633 fllium,
261 569 289 618 et
316 559 391 616 tilius
417 565 534 626 patrem.
554 557 623 612 Vide
648 557 731 624 quale

136 643 206 694 tunc
219 633 379 690 incendium
394 629 599 702 persecutionis
609 627 731 695 ardebit,

138 714 171 765 ut
186 723 237 762 nee
252 704 306 759 sibi
323 704 375 773 ipsi
393 706 491 770 parcat
513 699 629 754 natural
655 699 730 764 Quo-

137 779 225 837 modo
258 783 354 831 autem
380 778 449 829 tunc
470 778 653 842 patronorum
682 774 733 824 aut

138 850 296 907 amicerum
325 845 409 900 sidem
440 845 578 911 integram
610 856 731 921 qiiaeras,

137 936 203 978 cum
230 917 334 973 videris
360 915 515 972 amicitiam
546 912 733 991 fraternitatis

137 998 166 1050 et
195 990 372 1062 paternitatis
400 1002 463 1043 esse
491 981 687 1064 exstinetami
703 983 731 1039 Si

137 1062 215 1122 euim
231 1060 356 1117 amicitia
373 1060 400 1114 iu
415 1061 474 1128 ipsa
491 1063 594 1112 natura
607 1054 731 1120 deliciet,

137 1135 282 1208 qiiomodo
293 1132 538 1187 invenietureitra
551 1127 703 1183 naturam?
719 1144 732 1176 n

136 1206 199 1264 baec
215 1208 429 1272 chrysostomus.
449 1201 548 1258 Subdu
564 1206 659 1254 autem
675 1214 682 1252 :
697 1199 733 1253 Et

136 1281 215 1337 eritis
227 1279 290 1333 odio
304 1276 430 1331 omnibus
445 1272 611 1336 bominibus,
632 1269 732 1324 buma-

137 1367 176 1409 uo
199 1346 400 1430 sapientibus,
426 1345 533 1399 seilicet
561 1339 734 1420 amatoribus

136 1423 249 1487 muudi,
276 1421 323 1487 qui
350 1416 457 1472 inimici
477 1420 543 1469 suut
565 1414 623 1466 [lei.
643 1411 733 1464 Hoiiio

138 1495 215 1550 enim
247 1490 291 1545 bie
308 1487 398 1556 magis
423 1487 492 1539 dicit
514 1482 623 1547 vitium,
648 1496 733 1549 quam

136 1571 280 1621 naturam.
297 1561 363 1630 quia
374 1558 491 1612 maltum
507 1560 735 1625 reisuenatamor

136 1635 200 1699 Dei,
216 1637 245 1687 et
263 1630 361 1686 niuridi
378 1649 385 1683 ε
403 1628 509 1682 dist-int
523 1626 597 1679 enim
615 1623 688 1704 inter
703 1639 733 1704 se

137 1705 201 1778 plus
217 1718 302 1769 cuam
320 1699 421 1755 coelum
439 1705 466 1755 et
482 1704 569 1752 terra.
585 1697 669 1775 Quasi
689 1696 735 1776 di-

139 1783 185 1834 eat
199 1794 205 1833 :
218 1775 306 1831 Eritis
322 1772 385 1828 odio
401 1786 456 1825 non
483 1768 573 1824 solum
604 1768 733 1834 immicis,

138 1847 293 1905 sedetiam
318 1843 432 1911 amicis;
459 1857 514 1898 nou
531 1841 622 1895 solum
642 1844 735 1894 eitra·

138 1920 210 1986 ucis,
236 1918 286 1973 sed
316 1916 400 1971 etiam
426 1914 602 1986 propinquis,
627 1911 736 1965 seilicet

139 1990 304 2064 parentibus
336 1991 365 2042 ct
398 1984 542 2041 iratribus.
580 1984 736 2062 §liquentes

138 2065 244 2121 etenim
263 2058 405 2115 Christum
422 2057 584 2127 frequenter
597 2059 663 2109 sunt
678 2055 736 2107 odi·

139 2136 182 2191 osi
205 2131 278 2196 aliis,
300 2129 385 2184 etiam
410 2127 572 2182 caritatibus
590 2123 733 2180 iratribus,

139 2205 174 2262 Et
198 2200 338 2266 subditur,
363 2203 477 2270 propter
505 2213 601 2251 nomen
627 2211 732 2258 meum,

139 2276 216 2346 quod
242 2272 357 2327 additur
373 2275 489 2340 propter
507 2267 731 2322 consolationum

140 2359 250 2409 coriam,
277 2342 344 2413 quia
360 2338 525 2394 delectabile
553 2344 595 2392 est
617 2342 733 2407 propter

140 2430 268 2474 amorem
296 2409 418 2468 nominis
444 2409 556 2465 Domini
576 2423 637 2463 esse
667 2408 729 2464 odi-

141 2503 233 2545 osum.
250 2486 329 2552 Quod
348 2483 422 2538 enim
441 2482 564 2536 babetur
577 2478 653 2547 odio,
672 2496 734 2550 pro

141 2566 205 2632 pter
230 2572 332 2613 nomeu
348 2553 462 2620 Christi,
479 2567 565 2608 causa
586 2558 626 2606 cst
650 2552 731 2607 suifi-

141 2631 219 2688 cicns
245 2630 385 2699 pudenter
410 2625 622 2696 persecutiones
651 2625 731 2678 susti·

142 2702 248 2764 nendi;
267 2698 345 2755 etad
366 2698 420 2752 boe
440 2710 576 2766 magnum
602 2696 730 2764 sequitur

143 2770 306 2844 praeinium,
325 2770 465 2838 quianon
492 2770 647 2836 martyrem
663 2766 730 2820 lecit

142 2857 235 2915 poeua.
256 2840 306 2895 scd
326 2854 420 2893 causa.

179 2935 194 2985 7
216 2915 344 2967 Pacuium
360 2923 611 2965 eeuscvsniurmus
627 2924 729 2963 neene-

142 3001 249 3041 uissmi.
280 3011 313 3022 -
343 2983 375 3036 bi
397 2997 431 3035 nie
455 2982 482 3033 iu
497 2978 729 3035 tribulationibus

143 3056 288 3121 deficiant,
304 3051 727 3119 coiisolatuceassebjneceas:

142 3127 197 3195 Qui
209 3131 300 3182 autem
312 3123 524 3196 perseveraverit
537 3137 623 3190 usque
643 3124 673 3176 in
694 3124 729 3192 ῤ-

142 3215 214 3268 nem,
229 3196 338 3253 scilicet
364 3194 499 3266 ingratia
526 3195 728 3263 permanendo,

143 3287 202 3329 uon
223 3270 345 3325 linaliter
358 3266 589 3332 succumbendo,
610 3266 664 3333 vel,
682 3280 729 3321 se-

142 3345 267 3399 eundum
280 3341 444 3408 demipium,
461 3338 508 3409 qui
530 3342 670 3406 precepta
692 3335 727 3392 ll-

143 3416 188 3472 dei
211 3430 269 3470 nou
294 3412 452 3468 deseruerit
478 3411 550 3464 etin
577 3410 729 3479 persecuti-

141 3487 246 3542 onibus
259 3501 315 3540 non
333 3483 478 3549 deiecerit,
494 3483 538 3535 bic
551 3481 646 3535 culeus
661 3482 725 3546 erit,

142 3559 209 3626 quia
229 3557 302 3621 linis,
319 3569 376 3609 uon
392 3568 497 3623 pugna,
512 3556 630 3606 coronat
647 3568 654 3605 ι
672 3567 729 3606 mm

142 3629 222 3681 enim
244 3625 372 3695 cupisse.
393 3620 442 3679 scd
464 3623 623 3692 perfecisse,
639 3622 726 3677 virtu·

141 3693 178 3751 tis
190 3701 241 3750 est.
259 3697 289 3749 ln
306 3709 363 3764 quo
376 3709 432 3748 non
453 3693 592 3747 modicam
605 3694 654 3748 dat
664 3707 729 3747 con-

140 3766 309 3822 solationem
325 3767 399 3819 inter
413 3762 622 3831 persecutiones
643 3768 671 3817 et
697 3764 726 3818 iu

139 3835 291 3896 tolerantia
322 3835 546 3897 tribulationum,
574 3831 641 3902 quia
669 3848 725 3889 non

139 3908 350 3972 inchoantibus,
382 3907 431 3962 sed
466 3904 722 3976 perseverantibus,

141 3984 288 4038 conicetur
301 3978 461 4050 praemium.
482 3978 543 4033 Non
559 3978 633 4031 emm
648 3993 722 4033 eoro-

136 4059 231 4119 nutur,
264 4053 321 4106 nisi
345 4051 396 4120 qui
423 4049 543 4116 lepitimo
564 4051 719 4104 certauerit.

136 4125 194 4179 ileo
209 4122 386 4192 significatur
402 4121 430 4175 in
452 4117 533 4189 siguo
559 4121 625 4180 Tou.
655 4135 720 4189 quae

790 411 970 468 discretionis
987 409 1194 483 singularitatis
1206 415 1237 468 et
1249 411 1377 480 paucita-

789 482 834 538 tis.
850 483 931 540 Unde
952 485 1183 552 Gbrysostomus:
1208 484 1315 551 «Quia
1337 485 1377 542 in·

789 557 883 624 cipere
895 555 1045 610 multorum
1055 563 1108 622 est,
1118 554 1199 610 linire
1208 570 1377 625 paucorum

789 642 900 696 semper
917 627 945 680 in
960 627 1100 695 principio
1116 624 1270 681 delectatio
1284 632 1337 697 est,
1350 626 1378 684 in

789 697 845 752 sirie
874 698 1014 767 probatio.
1041 699 1117 754 Cura
1142 698 1225 754 bonae
1255 697 1377 755 iideiest

788 770 879 824 exitus
897 767 998 834 bonus,
1015 768 1149 839 ciconiam
1175 771 1304 838 incipere
1326 768 1376 826 ui-

790 840 864 966 ?uod
881 839 984 896 boniim
1007 857 1063 896 non
1080 843 1236 908 plcirinsum
1256 850 1310 911 est,
1329 841 1376 899 sed

800 913 883 967 iirirc.
903 911 983 977 Quod
1001 919 1117 982 propter
1133 915 1220 969 ileum
1237 912 1280 980 dt,
1298 919 1376 970 aster·

790 999 857 1038 uum
872 989 925 1049 est,
938 984 1011 1038 sieut
1021 982 1095 1040 Deus
1108 990 1232 1040 aeternus
1244 991 1298 1042 est.
1308 985 1377 1043 Cum

789 1070 858 1125 ergo
888 1069 1041 1110 conversus
1066 1055 1152 1110 lucris
1174 1056 1208 1111 ad
1233 1056 1336 1126 Deum,
1350 1061 1377 1112 et

790 1126 908 1195 coeperis
920 1127 977 1181 Deo
989 1127 1104 1191 servire,
1119 1132 1148 1182 et
1161 1142 1249 1196 opera
1260 1128 1376 1198 justitia

789 1196 894 1266 iacere,
909 1213 962 1252 nec
978 1197 1132 1268 aliquando
1144 1207 1207 1253 acta
1230 1203 1283 1254 tua
1306 1214 1375 1269 prae·

789 1269 873 1324 terita
909 1270 1077 1330 recorderis.
1108 1270 1155 1323 sed
1185 1271 1273 1325 finem
1300 1277 1376 1328 tuum

790 1341 894 1407 coelia,
923 1340 990 1410 quia
1016 1342 1223 1408 praeteritorum
1259 1355 1376 1412 operum

790 1413 929 1468 bonorum
959 1412 1147 1467 consideratio
1172 1410 1374 1483 negligentiam

790 1484 832 1537 rel
858 1481 1025 1552 jactantiam
1045 1490 1189 1550 «sileretur,
1211 1483 1374 1540 considera·

791 1555 830 1609 tio
839 1562 934 1609 antem
944 1553 1008 1607 bnis
1017 1555 1145 1609 timerem
1157 1553 1261 1625 gignit.
1275 1576 1290 1608 l)
1299 1555 1375 1612 Unde

790 1633 819 1681 ct
832 1625 988 1681 Bernurdns
1005 1624 1044 1680 sic
1058 1624 1118 1680 ait:
1134 1646 1147 1677 a
1165 1626 1376 1683 perseverantia

791 1705 834 1752 cst
862 1699 941 1768 rigor
966 1698 1078 1764 sirium,
1101 1698 1308 1754 eniisurumatio
1328 1698 1377 1754 rir-

791 1773 893 1835 tutum,
923 1770 1016 1822 nutrix
1043 1771 1078 1823 ad
1107 1767 1249 1839 meritum,
1275 1766 1377 1825 media·

791 1839 845 1895 trix
864 1839 900 1893 ad
923 1840 1083 1920 praemium,
1110 1856 1191 1895 soror
1222 1838 1375 1911 patientias,

791 1915 956 1967 constantiae
977 1911 1044 1973 lilia,
1063 1913 1155 1966 amica
1179 1912 1266 1981 pacis,
1282 1913 1376 1968 amici·

792 1981 893 2037 tiorum
904 1984 1005 2050 neilus,
1018 1983 1390 2051 unanimitatisrinoulum

790 2055 1003 2124 sanctitatisque
1029 2056 1284 2124 priipupnaeulum.
1301 2053 1376 2111 Tolle

792 2126 1099 2194 perseverantiam,nee
1115 2126 1284 2192 obsequium
1296 2125 1377 2182 babe-

791 2198 832 2250 bit
849 2196 1020 2260 mercedcm
1039 2212 1091 2252 uec
1118 2196 1288 2252 beneimium
1311 2212 1376 2279 gra·

790 2269 870 2335 tiam,
888 2283 939 2322 nec
955 2267 1090 2323 tortitudo
1107 2268 1231 2324 laudem.
1249 2269 1376 2339 Demque

790 2354 845 2394 non
860 2341 909 2409 qui
926 2339 1073 2407 inceperit,
1088 2340 1136 2394 sed
1154 2341 1203 2409 qui
1223 2355 1377 2410 persedere

789 2413 869 2478 uerit,
886 2412 930 2465 bie
944 2412 1039 2466 saluus
1061 2414 1134 2467 en't:
1158 2431 1171 2462 n
1187 2412 1247 2467 baee
1259 2413 1376 2467 Bernar-

788 2482 850 2536 dus
871 2483 905 2536 Et
919 2490 986 2538 nota
1013 2485 1087 2553 qued
1102 2484 1203 2552 duplex
1217 2487 1260 2538 est
1277 2498 1374 2553 perse·

789 2553 915 2608 vorantia
951 2571 958 2608 ε
986 2569 1044 2609 una
1069 2559 1111 2608 est
1138 2555 1316 2610 coislinuatio
1346 2554 1375 2610 iu

789 2624 870 2679 bcinis
887 2626 1029 2695 operibus,
1046 2627 1107 2681 baec
1126 2642 1182 2681 non
1198 2632 1241 2681 est
1257 2625 1287 2680 in
1301 2640 1375 2696 prae·

787 2700 891 2765 cepto,
909 2695 964 2751 alia
987 2703 1029 2751 cst
1048 2697 1257 2766 perseverantia
1274 2696 1374 2753 voluu-

786 2767 853 2821 tatis
882 2768 909 2822 in
937 2770 1080 2836 proposito
1111 2769 1181 2824 bene
1207 2767 1324 2840 agendi,
1348 2771 1376 2824 et

786 2837 847 2893 baec
860 2843 901 2891 est
914 2837 943 2892 in
959 2847 1109 2908 praecepte.

822 2910 1012 2971 8duonauoo
1042 2928 1112 2966 snei
1137 2926 1372 2967 eneoicaroiuous

785 2996 971 3048 redamemus,
997 2999 1152 3044 sereniano
1180 2999 1245 3039 nou.
1279 3013 1310 3024 -
1340 2983 1374 3038 Et

784 3053 852 3121 quia
877 3054 1000 3123 Apostoli
1026 3055 1120 3109 adbuc
1147 3061 1228 3109 eraut
1252 3051 1373 3126 infirmi,

785 3125 913 3179 nondum
929 3125 1032 3180 virtute
1047 3141 1079 3179 ex
1092 3128 1150 3181 alto
1169 3125 1271 3191 induti,
1286 3126 1371 3182 docet

784 3209 832 3248 eos
845 3199 990 3265 umquam
1007 3203 1120 3251 teneros
1134 3196 1231 3268 fugere
1241 3204 1274 3252 ut
1286 3195 1372 3266 pluri·

783 3263 839 3321 bus
866 3266 970 3336 possint
997 3268 1140 3336 prodesse.
1166 3268 1288 3323 dicens:
1305 3267 1373 3325 cum

782 3342 874 3392 eatan
897 3343 1095 3409 persequentur
1118 3355 1175 3402 nos,
1202 3341 1233 3394 in
1259 3340 1373 3394 sinitote

782 3410 848 3473 iste,
857 3411 947 3477 sepite
959 3414 989 3465 in
998 3411 1095 3478 aliem,
1107 3418 1138 3467 ut
1153 3409 1273 3481 amplius
1283 3410 1374 3466 divul-

781 3488 867 3551 getur
883 3497 985 3537 nomeu
1000 3489 1123 3537 vestrum
1140 3492 1168 3536 et
1183 3487 1278 3537 vestra
1313 3496 1369 3538 rae·

783 3550 886 3606 dicatio
900 3553 1041 3620 audiatur,
1052 3561 1080 3608 et
1093 3560 1126 3610 ut
1139 3552 1281 3609 vestraein
1304 3550 1371 3608 rmi-

783 3623 834 3678 tati
849 3625 1068 3692 provideaturet
1082 3624 1210 3680 bostibus
1225 3629 1368 3694 parcatur.

782 3692 861 3748 Unde
875 3695 915 3747 ait
942 3695 1167 3764 Cbrpsostomus:
1186 3720 1199 3744 «
1224 3696 1322 3752 Sciens
1338 3695 1369 3751 iu

781 3762 987 3821 tentationibus
1014 3768 1208 3823 infirmitatem
1236 3768 1369 3823 bumauae

782 3841 891 3890 naturas
906 3858 912 3892 :
928 3838 957 3893 Si
973 3839 1036 3907 quis
1049 3855 1106 3899 vos.
1121 3838 1223 3909 iiiouit,
1234 3852 1370 3966 Persecu-

780 3912 826 3962 tus
854 3906 988 3964 fueritin
1017 3911 1128 3965 civitate
1146 3909 1209 3970 ista.
1246 3908 1368 3980 ugiteiu

779 3977 909 4036 alteram.
924 3981 983 4036 Non
994 3982 1068 4036 euim
1080 3989 1232 4038 contemno
1241 3979 1366 4049 timidos,

779 4064 831 4105 nec
856 4052 931 4122 eligo
959 4055 1068 4107 mutum
1094 4053 1192 4122 fortes,
1218 4053 1368 4123 quianon

779 4125 911 4177 virtutem
931 4122 1076 4178 bominum
1093 4127 1167 4180 [leus
1192 4123 1367 4194 considerat,

132 4203 176 4254 est
188 4193 287 4249 ultima
304 4193 409 4256 littera,
425 4207 481 4262 quo
498 4207 596 4245 omnes
611 4192 720 4246 salvan·
776 4192 825 4247 sed
853 4192 1036 4249 volumatem.
1053 4197 1135 4265 Nam,
1151 4196 1198 4252 ille
1218 4194 1268 4267 qui
1281 4192 1366 4267 fugit,

146 4265 409 4334 isignantur.1)icit
422 4265 550 4319 euimbie
559 4261 590 4318 iu
603 4264 717 4334 signum
776 4263 827 4319 etsi
843 4264 949 4321 virtute
964 4266 1079 4338 quidem
1094 4267 1235 4325 dissimilis
1247 4271 1301 4337 est,
1314 4281 1365 4324 vo·
