2880 4942
83 319 138 405 'ai
440 351 553 407 iuius
577 352 705 408 raucis
729 352 839 408 cirur
866 351 993 407 xirrtt

105 458 253 517 scientiam
270 475 361 528 suain,
377 474 441 531 quan
462 460 563 516 domus
589 460 693 517 animae

106 537 160 611 est,
174 533 314 601 discutiat,
329 538 358 587 et
375 532 399 587 si
422 530 491 602 quid
513 530 552 588 ibi
568 531 691 587 immun·

106 602 174 684 dum
208 605 358 670 invenerit,
386 617 438 673 per
465 618 506 672 os,
533 604 614 674 quasi
642 619 693 674 per

106 683 221 740 ostium,
242 673 405 731 confitendo
427 674 575 745 projiciat;
596 690 614 730 a
634 691 691 746 qua

105 743 191 801 honio
212 761 262 816 per
276 744 487 802 multitudinem
511 752 691 817 peccatorum

81 864 85 875 .
104 814 145 873 ita
160 817 309 886 alienatur,
329 817 405 889 quod
424 817 504 889 quasi
524 819 613 890 ipsam
626 833 690 890 per-

105 884 153 942 dat
165 895 193 943 et
206 890 331 959 seipsum
350 903 408 944 non
423 895 585 961 cognoscat.
602 891 692 945 Homo

104 972 173 1028 ergo
198 960 377 1032 paralyticus,
394 961 448 1016 boc
469 966 513 1016 est
531 959 649 1017 mollitie
664 966 693 1017 et

103 1027 246 1086 illecebris
263 1034 367 1096 carnis,
383 1031 426 1087 vel
445 1031 588 1103 voluptate
603 1033 690 1089 seculi

104 1104 254 1181 resolutus,
276 1109 305 1159 et
327 1111 452 1175 torpens,
473 1119 507 1160 ac
526 1119 585 1176 prae
607 1105 691 1160 turba

103 1173 309 1243 cognationum
323 1181 352 1231 et
370 1190 518 1231 causmum
543 1176 631 1232 seculi
654 1173 693 1231 ii·

104 1241 173 1299 dere
202 1247 290 1302 Deum
317 1261 376 1302 non
407 1246 514 1316 valens,
544 1256 693 1319 postquam

93 1326 191 1384 supra
214 1324 321 1374 tectum
348 1317 441 1375 earnis
463 1319 631 1387 ascenderit,
662 1323 693 1374 ut

104 1387 219 1455 spiritus
233 1391 396 1444 dominetur
404 1391 493 1458 carni,
504 1389 581 1445 videt
591 1392 691 1457 Deuin,

103 1458 182 1512 etad
198 1459 390 1530 cognitionem
410 1461 460 1517 Dei
475 1476 542 1517 rere
560 1463 642 1516 redit.
659 1462 693 1514 Et

102 1531 170 1581 tunc
187 1530 260 1583 Deus
273 1545 337 1584 euin
353 1537 435 1586 sanat
454 1546 504 1601 per
518 1532 640 1602 gratiam
654 1532 691 1587 ab

102 1598 181 1652 omni
202 1600 279 1670 quud
303 1600 432 1670 deliquit,
446 1607 475 1657 et
495 1607 579 1657 vocat
600 1602 689 1658 lilium

102 1683 155 1738 per
172 1671 365 1741 adoptionem,
378 1678 406 1727 et
424 1672 507 1744 jubet
525 1689 642 1745 surgere
655 1674 690 1730 de

101 1745 217 1809 torpore
240 1742 431 1814 negligentia,
450 1751 523 1800 etse
547 1749 690 1816 erigeron

102 1811 264 1869 carnalibus
295 1814 442 1873 desideriis
471 1832 540 1888 per*
568 1819 689 1874 ceniten-

101 1882 191 1966 tiamj
212 1892 241 1941 et
264 1903 366 1957 corpus
389 1890 418 1944 in
442 1891 521 1961 cuius
543 1832 692 1947 Sesideriis

114 1962 201 2025 acuit,
214 1959 251 2015 ad
268 1959 442 2030 voluptatem
466 1963 584 2034 spiritus
604 1965 689 2021 attol-

115 2044 174 2110 ere,
187 2047 220 2085 ae
235 2032 313 2088 carni
324 2033 465 2092 dominari
479 2051 531 2106 per
541 2038 691 2093 cuiitinen·

104 2104 193 2169 tiam3
209 2106 289 2159 etire
311 2120 345 2159 ac
367 2109 486 2163 tendere
510 2123 560 2177 per
586 2109 691 2164 hunam

104 2174 311 2247 operationem,
328 2179 356 2226 et
378 2177 524 2231 honestam
543 2192 693 2233 conversa·

104 2243 224 2305 tionem,
239 2241 268 2295 in
285 2243 399 2296 domum
413 2261 505 2311 suam,
518 2244 624 2298 scilicet
640 2263 691 2313 pa·

103 2309 242 2375 radicum,
258 2326 321 2379 quae
340 2312 430 2378 prima
442 2313 495 2367 fuit
508 2311 632 2366 bominis
643 2316 692 2367 du·

105 2392 178 2446 mus,
193 2380 247 2434 hoc
269 2389 311 2436 est
330 2381 360 2435 in
379 2381 584 2437 habitationem
604 2390 689 2436 aeter·

103 2463 182 2513 nam,
212 2451 255 2506 iel
283 2451 313 2506 in
341 2451 446 2508 bonam
475 2452 688 2520 conscientiam,

103 2530 272 2596 segregatus
293 2541 309 2580 a
329 2525 449 2580 terrenis
475 2530 505 2580 et
529 2523 691 2579 custodiens

102 2590 193 2664 illam,
208 2596 251 2651 vel
265 2613 301 2653 ne
316 2597 419 2654 iterum
441 2600 536 2667 peccet
551 2595 586 2650 ad
601 2596 689 2649 inter-

103 2681 170 2723 nain
184 2668 228 2723 sui
245 2671 411 2725 custodiam.
426 2669 478 2725 Ubi
489 2667 563 2723 Beda
576 2684 585 2721 ε
599 2684 613 2718 u
626 2664 689 2734 Spi-

101 2738 245 2795 ritualiter
267 2742 302 2795 de
328 2741 399 2795 lectu
421 2756 537 2809 surgere
563 2744 606 2793 est
631 2738 691 2792 rini-

101 2822 178 2865 main
204 2824 221 2864 a
253 2811 414 2865 carnalibus
449 2808 614 2877 desideriis,
642 2810 690 2865 ubi

101 2893 181 2951 egra
195 2879 369 2950 quiescebat,
382 2881 559 2937 abstrahere.
572 2882 687 2937 Lectum

102 2966 172 3006 tero
197 2953 296 3006 tollere
317 2957 361 3008 est
382 2953 471 3022 ipsam
489 2968 603 3022 quoque
624 2968 689 3007 car-

102 3037 170 3078 nein
184 3038 233 3094 per
242 3023 424 3079 continentia·
437 3024 517 3078 frena
528 3031 688 3094 correptum

101 3107 152 3163 spe
182 3096 339 3151 coelestium
370 3096 563 3166 praemiorum,
584 3098 692 3151 deliciis

102 3166 217 3236 privare
250 3166 387 3236 terrenis;
413 3172 455 3223 est
481 3167 559 3223 enim
590 3169 690 3235 lectus,

102 3237 152 3363 θυι
175 3252 234 3363 Xer
259 3236 385 3309 singulas
414 3244 512 3295 noctes
537 3239 648 3295 lavatur
673 3256 691 3295 a

129 3309 172 3362 aii
196 3350 203 3378 ,
219 3309 302 3364 idest
316 3326 365 3380 pro
378 3311 596 3382 uniuscujusque
612 3326 690 3367 nurae

102 3381 222 3435 maculis
254 3383 340 3453 dignu
367 3385 540 3454 paenitentiae
571 3385 688 3439 flumine

102 3453 268 3532 castigatur.
286 3454 402 3512 Sublato
427 3462 523 3513 autern
542 3457 626 3522 lecto,
643 3458 691 3511 du·

103 3536 183 3603 nium
207 3539 259 3588 ire,
280 3530 316 3582 ad
337 3528 497 3595 paradisum
520 3528 613 3583 redire
628 3534 689 3594 est;

102 3606 163 3662 ipse
175 3601 218 3649 est
231 3595 307 3652 euim
322 3615 389 3654 vera
399 3600 511 3667 dumus,
523 3615 587 3669 quae
599 3600 689 3653 hunri-

102 3677 169 3718 nem
181 3665 271 3734 prima
285 3670 417 3738 suscepit,
433 3685 489 3723 nun
499 3670 563 3738 jure
576 3670 689 3734 amissa,

102 3736 155 3790 sed
169 3736 279 3809 fraude,
294 3740 467 3810 tandemque
489 3742 621 3794 restituta
640 3753 690 3808 per

746 475 822 530 eum,
835 459 884 530 qui
898 456 1078 514 fraudulento
1097 458 1170 515 hosti
1189 458 1263 517 nihil
1281 460 1333 519 de·

747 531 848 587 buit.»
868 529 919 586 Ubi
943 535 972 586 et
995 530 1143 586 Anselmcis
1164 549 1206 586 :c
1229 533 1287 589 Sed
1303 542 1334 592 et

746 604 862 659 domum
889 600 967 658 illam
996 616 1054 657 non
1083 604 1252 675 praeteribis,
1282 605 1333 663 uhi

746 690 796 745 per
823 673 931 800 teffiulas
952 673 1131 744 paralyticus,
1152 680 1220 731 aute
1243 675 1332 747 pedes

745 747 806 818 ejus
823 761 855 800 su
878 746 1009 816 mittitur,
1025 745 1072 800 ubi
1092 744 1180 815 pietas
1200 752 1229 802 et
1252 753 1333 817 poio-

744 825 801 874 stas
809 816 997 874 obviaverunt
1008 817 1073 873 sibi.
1089 818 1154 882 riu,
1169 817 1272 888 inquit,
1286 834 1332 875 re-

744 891 893 944 mittuntur
920 889 974 944 tici·
1030 893 1107 944 cauta
1134 889 1231 946 ἐρυθ
1257 889 1331 948 mira

745 960 910 1017 elemential
921 960 943 1017 0
955 962 983 1016 in
1005 959 1106 1016 icibilis
1121 961 1333 1019 misericordia!

744 1033 861 1103 Accepit
874 1031 938 1088 felix
949 1032 1143 1087 remissionem
1153 1039 1334 1102 peccatorum

746 1119 873 1172 suorum,
902 1119 988 1175 quarn
1016 1119 1072 1159 non
1102 1104 1226 1173 petebat,
1245 1118 1333 1176 quani

748 1191 803 1231 non
824 1180 1006 1246 praecesserat
1027 1174 1175 1238 confessio,
1191 1190 1248 1230 nun
1272 1191 1333 1232 me

747 1254 844 1304 ruerat
859 1247 1023 1314 satisfactio,
1040 1262 1097 1301 non
1114 1247 1245 1317 erigebat
1268 1262 1334 1303 con·

747 1318 840 1374 tritiul
858 1319 992 1388 Corporis
1008 1318 1128 1373 salutem
1141 1319 1331 1387 petebat,n0n

747 1389 850 1445 animae
858 1405 867 1459 ;
881 1395 910 1444 et
922 1390 1042 1444 salutern
1052 1388 1178 1459 eorporis
1190 1397 1220 1445 et
1229 1388 1334 1448 animae

747 1462 864 1530 recepit.
889 1461 973 1527 Vere,
997 1461 1128 1527 Domine,
1148 1462 1204 1515 vita
1231 1461 1261 1515 in
1285 1477 1333 1516 ro-

746 1529 854 1587 luntate
869 1536 918 1587 tua
933 1537 996 1600 est;
1012 1530 1036 1586 si
1050 1533 1209 1588 decreveris
1222 1533 1333 1589 salvare

746 1616 808 1670 nos,
822 1617 906 1657 nemo
922 1603 1025 1672 poterit
1040 1603 1206 1672 prohibere;
1221 1604 1244 1659 si
1255 1603 1334 1660 aliud

746 1673 914 1740 decreveris,
935 1688 993 1729 non
1013 1674 1118 1744 estqui
1138 1677 1241 1731 audeat
1256 1676 1334 1730 diee-

745 1760 777 1800 re
801 1764 808 1804 :
829 1746 885 1801 Cur
908 1745 946 1801 ita
975 1744 1059 1803 facis?
1087 1746 1239 1816 Pharisaee,
1265 1745 1334 1818 quid

747 1816 928 1875 murmuras?
946 1819 989 1872 An
1011 1817 1109 1874 oculus
1129 1824 1195 1873 tuus
1209 1832 1333 1889 nequam

745 1893 800 1953 est,
814 1890 880 1961 quia
895 1890 954 1961 ipsc
970 1892 1058 1946 bonus
1072 1890 1137 1945 est?
1149 1891 1230 1946 Certe
1247 1889 1334 1944 mise·

747 1969 825 2018 retur
841 1961 886 2018 eui
911 1964 969 2034 ipse
991 1963 1129 2029 iolrierit;
1148 1963 1289 2030 ploremus
1306 1965 1335 2014 et

746 2049 860 2090 oremus
882 2039 911 2090 ut
927 2034 1002 2091 velit.
1026 2031 1110 2088 Bonis
1132 2034 1218 2087 etiarn
1244 2030 1336 2103 operi-

746 2105 798 2160 bus
823 2109 987 2175 pinguescat
1004 2105 1105 2168 oratio,
1122 2112 1260 2169 augeatur
1287 2103 1334 2158 de·

746 2177 832 2239 votio,
846 2177 982 2228 excitetur
992 2172 1120 2237 dilectio,
1136 2172 1266 2226 leventur
1280 2188 1334 2241 pu-

745 2259 785 2298 rae
813 2257 913 2295 marius
941 2242 970 2293 in
995 2239 1142 2303 oratione,
1172 2255 1241 2307 quas
1273 2256 1332 2297 nun

743 2311 857 2379 sanguis
869 2306 1055 2362 immunditiae
1068 2308 1229 2376 maculavit,
1238 2313 1330 2366 taetus

743 2378 858 2433 illicitus
883 2392 941 2433 non
968 2376 1091 2446 loedaiit,
1122 2379 1241 2434 avaritia
1272 2395 1331 2437 non

743 2450 935 2518 exasperavit;
957 2448 1066 2504 leretur
1087 2457 1115 2505 et
1138 2467 1189 2506 cor
1209 2451 1271 2505 sine
1288 2451 1332 2508 ira

744 2526 773 2575 et
796 2521 1009 2591 disceptatione,
1033 2524 1109 2593 quud
1136 2523 1328 2593 tranquillitas

743 2593 862 2661 sedarit,
879 2610 933 2664 pax
954 2597 1122 2664 composuit,
1138 2606 1244 2665 puritas
1261 2611 1329 2650 cun-

743 2666 870 2721 scientias
889 2668 966 2723 lavit.
988 2664 1044 2724 Sed
1069 2665 1137 2720 nihii
1159 2669 1260 2720 hirurn
1279 2682 1328 2738 pa-

744 2738 877 2809 ralyticus
892 2738 939 2794 ille
960 2737 1064 2809 legitur
1080 2737 1257 2808 praemisisse,
1277 2738 1326 2809 qui

745 2817 840 2866 tauien
863 2809 968 2879 legitur
993 2811 1187 2865 remissionem
1203 2808 1329 2865 omnium

746 2887 926 2952 peccatorum
956 2882 1104 2937 meruisse.
1129 2886 1194 2935 ilaec
1213 2887 1256 2934 est
1282 2896 1331 2935 au·

745 2962 802 3009 tem
816 2951 967 3007 ineffabilis
981 2953 1184 3007 misericordiae
1199 2953 1259 3021 ejus
1274 2952 1331 3006 vir·

746 3032 801 3090 tus,
817 3023 863 3078 cui
883 3026 957 3079 sicut
970 3023 1165 3092 blasphemum
1188 3030 1231 3077 est
1250 3023 1332 3078 deru-

746 3112 824 3168 gare,
858 3095 897 3151 lta
925 3101 953 3150 et
987 3095 1041 3149 hoc
1069 3093 1123 3148 sibi
1159 3109 1331 3164 praesumere

745 3167 951 3224 stultissimum.
967 3168 1062 3222 Potest
1073 3167 1245 3235 quicumque
1261 3166 1330 3235 uult,

746 3247 775 3295 et
787 3242 841 3294 huc
854 3240 945 3308 ipsum
959 3237 1113 3293 efficaciter
1132 3240 1237 3307 dicere,
1254 3235 1330 3307 quud

745 3312 815 3366 dixit
843 3310 997 3382 paralytico
1022 3326 1032 3363 r
1062 3311 1247 3363 Dimittuntur
1273 3307 1327 3363 tilii·

764 3389 855 3439 eccutu
869 3387 934 3450 ταας
951 3381 1000 3437 sed
1013 3380 1185 3451 quicumque
1199 3384 1260 3434 sine
1275 3393 1326 3436 suo

743 3400 851 3523 saliere,
869 3455 914 3510 tel
941 3451 1122 3518 contritione,
1148 3452 1190 3506 vel
1215 3450 1327 3507 confes-

743 3528 834 3597 sione,
850 3526 894 3582 rel
908 3526 995 3580 etiam
1012 3521 1204 3579 satisfactione
1218 3528 1246 3577 et
1260 3538 1327 3578 ura-

743 3598 831 3664 tione,
857 3596 912 3652 sibi
927 3597 988 3652 baec
1018 3597 1137 3650 dicenda
1170 3598 1325 3664 exspectat,

743 3683 898 3737 numquam
912 3669 938 3722 ei
958 3664 1142 3723 remittuntur
1161 3670 1277 3737 peccata
1290 3681 1324 3720 :i

742 3738 976 3794 haecAirsefiiiiis.

650 3924 780 3982 mismo

136 4090 257 4145 Domine
277 4089 343 4145 lesu
357 4084 479 4156 Christe,
503 4086 554 4158 qui
573 4085 602 4141 iu
619 4088 751 4143 Passione
764 4092 815 4143 tua
828 4085 989 4142 naviculam
1007 4086 1100 4141 crucis
1113 4083 1272 4154 ascendisti,
1286 4084 1317 4142 itt

99 4160 319 4217 Resurrecticne
341 4159 539 4222 transfretasti,
563 4164 592 4214 et
616 4160 645 4213 in
668 4159 838 4215 Asceiisione
862 4158 892 4214 in
916 4159 1060 4213 civitatum
1085 4163 1163 4213 tuum
1191 4156 1314 4225 venisti3

98 4246 165 4288 ecee
183 4232 270 4288 timor
296 4233 330 4289 de
349 4231 479 4303 peccatis,
496 4230 532 4286 de
555 4228 598 4284 ira
623 4231 682 4299 Dei,
701 4231 735 4285 de
753 4231 877 4301 periculo
892 4232 1117 4299 supervenientis
1132 4228 1315 4308 infirmitatis,

98 4310 129 4362 st
140 4304 176 4361 de
189 4304 392 4361 incertitudine
405 4304 504 4359 mortis
518 4301 603 4359 offert
616 4303 670 4360 titii
684 4300 811 4360 animani
833 4304 941 4374 peccati
954 4302 1056 4358 morbo
1076 4301 1253 4357 dissolutam.
1265 4299 1317 4356 Dic
