2880 4942
151 343 199 396 att
504 343 612 397 Ptttttn'
640 342 761 396 rtutts
788 343 891 396 carui
920 343 1044 396 illiti

157 455 185 509 iu
207 452 389 519 abscondit03
409 450 564 518 innotesce,
592 455 619 505 et
638 465 744 522 appare

156 524 330 592 hominibus,
346 527 376 579 ut
401 522 511 578 laudari
534 521 624 593 possis
642 525 677 578 ab
693 523 743 578 lio·

156 599 290 654 minibus.
306 595 446 651 Putabam
458 593 532 648 eninr
547 594 622 665 quod
640 594 701 649 laus
717 599 745 649 ct

156 671 237 724 l'aror
250 666 346 724 mundi
364 672 437 721 esset
450 667 555 721 lructus
567 668 704 721 virtutum
717 671 745 721 ct

155 740 357 797 miraculorum
368 754 494 793 suorum.
511 739 553 803 Et,
567 738 633 808 quia
645 753 745 807 suege-

154 813 256 868 rebant
264 812 287 866 ei
300 808 523 875 maluur,seilicet
534 808 655 880 gloriam
666 825 745 865 muu-

154 884 258 941 dauam
273 898 419 954 quaerere3
433 879 497 937 ideo
514 880 649 937 Dominus
661 897 743 936 recu·

152 954 321 1024 sarit,eteis
332 952 590 1024 nonaequiorit,ut
605 955 686 1007 daret
697 970 744 1008 uo-

154 1027 196 1083 nis
209 1027 369 1098 exemplum
384 1041 441 1081 rron
457 1024 606 1096 quaerendi
623 1023 744 1096 gloriam

153 1098 358 1172 hujuscemodi.
379 1099 460 1153 biart
481 1096 557 1153 euim
582 1099 621 1151 eia
644 1099 742 1154 Jesus:

156 1175 271 1244 Tempus
296 1187 395 1239 meum,
419 1170 446 1224 id
474 1176 518 1225 cst
545 1167 644 1239 goma
673 1185 744 1224 mem

153 1244 379 1309 manifestandae,
399 1241 521 1297 noudum
536 1240 659 1309 aduenit,
675 1239 744 1312 quia

154 1324 219 1388 post
234 1313 470 1372 resurrectionem
486 1312 664 1369 solummodo
682 1328 743 1368 ma-

154 1386 449 1452 uilestarrdaerit3teur
472 1388 741 1453 usoutemeestrum,

154 1458 262 1516 seilicet
271 1459 423 1514 mundaum
435 1403 544 1529 gforiac,
556 1472 611 1526 ouo
620 1460 648 1512 et
659 1471 742 1512 muu-

154 1531 182 1587 di
195 1530 289 1597 laude,
300 1527 502 1599 bominumque
519 1526 614 1583 lavore
629 1534 657 1583 et
671 1544 743 1584 rana

153 1602 247 1673 gloria
266 1597 459 1670 decipiamini,
474 1615 580 1670 semper
598 1604 638 1655 est
654 1616 741 1670 poru-

153 1678 223 1741 tum,
245 1671 276 1728 id
303 1677 346 1728 est
374 1669 473 1726 muudi
505 1668 627 1743 gloriam
655 1687 742 1742 quarn

152 1744 295 1802 allectatis
309 1748 338 1801 et
352 1741 490 1815 quaeritis,
508 1757 620 1812 semper
632 1749 676 1798 est
689 1758 741 1871 Ka·

152 1823 215 1873 rata
240 1816 334 1874 robis.
350 1817 390 1871 lla
413 1816 501 1877 cuim.
518 1831 581 1885 quae
608 1813 684 1871 oumi
710 1831 741 1871 us

152 1886 231 1945 boris
250 1888 373 1945 mundus
393 1885 517 1952 exhibet,
532 1888 669 1959 quaeritis,
687 1888 740 1943 sei-

152 1959 220 2017 licet
237 1980 245 2016 :
260 1961 397 2030 bonoreS,
411 1958 535 2028 divitias,
554 1964 581 2015 ct
606 1957 739 2028 di·licias;

152 2039 183 2090 et
198 2031 262 2089 ideo
276 2034 350 2089 sicut
363 2049 412 2089 vos
423 2032 545 2104 tempori
556 2029 649 2103 parati
663 2033 739 2103 estis,

154 2105 194 2160 ita
209 2112 319 2176 ternpus
340 2111 469 2175 paratum
489 2112 532 2160 ost
554 2102 642 2159 rolris.
658 2105 740 2159 blun-

153 2175 219 2233 dani
236 2193 304 2248 ergo
320 2177 427 2232 liabent
442 2182 552 2246 tempus
570 2175 668 2246 gloriae
687 2192 739 2247 pa-

154 2257 256 2313 ratum,
273 2246 340 2318 qrria
357 2249 457 2303 cadem
472 2252 570 2302 aumut
583 2263 645 2319 qiam
662 2263 741 2303 ruun-

153 2320 217 2385 dus,
234 2327 262 2376 et
282 2320 389 2374 mundo
412 2316 651 2383 consentiente
676 2319 740 2374 ideo

174 2390 229 2446 uod
256 2394 399 2464 quaeruut,
425 2406 538 2460 semper
572 2389 738 2459 iureuimit;

153 2407 249 2522 §aucti
280 2478 358 2532 roro,
386 2460 435 2534 qui
483 2470 593 2518 uaeruut
619 2461 738 2535 gloriam

151 2535 341 2607 spiritualem,
357 2551 412 2590 riou
430 2478 537 2592 halem
558 2532 605 2591 bie
628 2539 740 2607 tempus

152 2615 296 2680 paratum,
313 2603 383 2680 quia
400 2604 562 2677 vituperant
576 2622 639 2677 qum
655 2622 737 2662 uanu-

153 2680 206 2736 dus
221 2685 308 2747 amat,
325 2686 354 2734 et
378 2679 515 2736 muudum
539 2683 737 2734 contemnunt.

152 2753 186 2807 Et
200 2751 263 2808 ideo
279 2750 347 2806 dieat
364 2766 371 2805 ε
386 2754 447 2807 Νοη
461 2755 549 2822 potest
563 2751 690 2820 mundus,
710 2749 738 2807 id

151 2828 195 2879 est
226 2820 374 2885 mundani,
394 2823 484 2877 odisse
507 2837 564 2889 eos,
583 2820 649 2891 quia
674 2837 737 2877 cum

151 2891 257 2949 mundo
281 2894 448 2960 convenitis,
465 2900 492 2948 et
512 2894 546 2947 de
562 2893 738 2949 amatoribus

150 2964 212 3037 ejus
228 2962 310 3032 eslis3
326 2968 354 3019 et
368 2963 503 3018 similium
527 2962 557 3018 iu
583 2961 737 3035 voluntate,

150 3044 179 3093 et
193 3041 269 3103 voto,
286 3042 315 3091 ct
329 3050 414 3106 opere
429 3051 487 3091 nou
504 3040 547 3091 est
563 3033 670 3101 odium,
687 3040 736 3092 scd

151 3106 411 3165 amoretamicitia.
424 3108 503 3164 Unde
513 3109 717 3177 chrysostomus
729 3125 734 3164 :

152 3199 166 3234 a
183 3178 310 3249 Qualiter
324 3196 373 3237 eos
388 3181 510 3236 muudus
524 3179 617 3236 odisse
635 3180 735 3252 possit,

150 3253 200 3324 qui
215 3252 314 3309 eadem
327 3268 392 3309 cum
406 3252 512 3309 mundo
527 3252 625 3308 roluut
640 3261 669 3308 et
682 3269 734 3325 pro

149 3341 183 3382 eo
198 3325 333 3382 studenti
346 3344 360 3378 u
374 3327 418 3382 lle
432 3330 522 3381 autem
532 3328 560 3381 et
573 3340 651 3381 meos
665 3326 734 3392 odit,

150 3401 267 3470 propter
282 3395 543 3454 dissimilitudinem
559 3413 623 3469 quae
647 3400 688 3455 est
706 3396 735 3452 iu

150 3470 306 3539 voluntate,
322 3475 398 3536 voto,
427 3477 455 3526 ct
481 3485 586 3541 opere;
612 3474 640 3525 et
667 3470 735 3539 quio

149 3556 197 3611 epo
214 3545 399 3598 testimouium
410 3543 551 3615 perhibeo,
567 3541 642 3612 quod
653 3557 735 3613 opero

148 3614 209 3681 ojus
233 3614 309 3670 molo
332 3619 408 3683 suut,
431 3614 458 3669 id
484 3618 535 3685 est,
560 3628 647 3685 opera
674 3615 734 3684 ejus

149 3682 224 3740 mala
249 3700 308 3739 nou
337 3685 537 3757 approbamus
567 3683 617 3742 sed
642 3687 734 3756 magis

151 3753 359 3827 redarguimus.

182 3831 200 3883 5
214 3826 319 3884 Gtoma
333 3844 364 3882 ur
373 3843 475 3883 unsrun
486 3844 600 3883 neraei.
611 3858 644 3868 —
656 3827 733 3884 Sicut

145 3903 242 3956 aulem
271 3898 334 3955 duae
362 3899 471 3970 glorim,
501 3900 540 3955 ita
567 3905 595 3954 et
622 3898 732 3956 diversa

146 3969 732 4029 suutlestalluudauieuimlmbeutlesta

147 4046 326 4116 temporalia,
342 4043 449 4099 scilieet
463 4045 597 4113 gaudere,
610 4043 730 4114 epulari,

147 4123 176 4171 ct
199 4114 394 4190 huiuscemodi
417 4116 532 4171 delicias
555 4119 729 4186 antenorea,

148 4188 244 4244 Sancti
262 4206 328 4245 rero
344 4189 452 4245 babent
474 4188 544 4243 lesia
560 4186 729 4259 spiritualia,

145 4274 210 4328 quae
226 4257 727 4333 consistuntindelectatiouibusspi-

145 4329 304 4390 ritualibus.
318 4334 351 4389 Et
362 4331 426 4390 ideo
451 4333 522 4391 bene
535 4330 649 4390 subdit:
664 4335 728 4399 Vos,

801 449 848 520 qui
860 449 979 520 gloriam
991 448 1086 505 mundi
1096 457 1123 505 et
1134 451 1208 506 testa
1219 452 1391 522 gaudiorum

801 522 1008 577 rmnnlauurum
1031 520 1168 592 (parueritis,
1187 525 1334 579 useemlitc
1358 527 1394 581 od

800 595 872 647 dicut
886 596 987 660 scutum
1012 594 1093 662 liutto,
1111 593 1140 649 in
1164 613 1223 666 quo
1249 595 1343 654 rideri
1366 605 1393 653 el

800 664 896 720 ridere
912 665 940 720 in
963 664 1087 721 vanitate
1104 674 1132 722 et
1155 669 1392 739 concupiscentia

800 736 893 804 vultis,
903 736 930 791 id
944 744 987 792 est
1001 736 1149 793 aelfestum
1163 738 1276 796 laetitiae
1289 749 1394 810 terrrpo

800 807 877 873 ralia,
897 807 944 864 ubi
973 810 1034 865 laus
1060 810 1188 865 lmmaua
1212 818 1242 867 et
1263 813 1392 881 voluptas

800 882 944 950 quaritur,
962 880 1010 937 ubi
1030 880 1157 937 earnalia
1171 883 1282 949 randia
1300 891 1390 942 exten·

799 954 919 1020 iteratum
935 968 983 1021 epo
997 951 1043 1024 qui
1059 953 1162 1009 talibus
1178 971 1238 1011 nou
1255 957 1389 1021 (tetrum,

798 1040 852 1079 nou
876 1025 1032 1093 ascendam,
1048 1024 1155 1081 seilicet
1176 1027 1344 1090 vobiscum.
1359 1031 1390 1083 od

799 1096 872 1150 diem
886 1099 987 1163 festum
1001 1100 1134 1163 istruu,et
1146 1098 1202 1154 lior.
1219 1103 1309 1157 modo
1325 1100 1388 1157 sirut

799 1184 848 1223 ros
864 1167 959 1235 ruitis,
975 1167 1081 1225 scilicet
1092 1186 1232 1239 quaereus
1247 1172 1385 1244 gloriam:

799 1242 866 1309 quio
893 1257 980 1295 ericum
1013 1246 1128 1312 tempus,
1150 1241 1179 1297 id
1210 1251 1265 1307 cst.
1294 1244 1385 1316 gloria

799 1327 869 1367 ruem
894 1317 1030 1383 quantum
1051 1314 1087 1369 ad
1108 1313 1333 1385 humanitatem,
1355 1316 1384 1372 ad

798 1399 882 1454 quam
903 1384 1125 1452 perveniendum
1140 1391 1182 1443 est
1200 1386 1322 1459 impura
1335 1388 1383 1460 pri-

797 1472 831 1511 us
848 1454 1016 1522 bumilitate,
1032 1459 1151 1513 auridum
1167 1464 1208 1514 est
1226 1462 1382 1531 impletarum·

797 1527 941 1584 nonenim
952 1527 1006 1584 nisi
1020 1526 1136 1602 impleta
1146 1529 1312 1589 bumilitate
1324 1536 1381 1588 l’as·

797 1600 886 1656 sionis
901 1605 930 1656 et
941 1603 1048 1669 mortis,
1059 1605 1189 1673 sequitur
1204 1611 1319 1677 tempus
1328 1606 1382 1675 glo·

798 1674 848 1726 riae
865 1676 892 1727 et
906 1671 1138 1729 immortalitatis
1151 1675 1213 1743 Vel,
1225 1692 1286 1741 cos,
1301 1693 1383 1733 asceu-

798 1743 855 1798 dite
872 1744 908 1798 ud
923 1746 994 1800 dicut
1013 1748 1114 1813 festum
1128 1747 1211 1811 bunc,
1228 1746 1258 1802 id
1281 1754 1334 1815 esi,
1352 1747 1384 1805 ad

796 1814 967 1886 principium
992 1816 1179 1874 solemnitatis
1204 1819 1304 1891 liujus.
1324 1819 1384 1893 quia

797 1886 890 1942 ludaei
906 1887 996 1959 magis
1011 1892 1149 1946 cacabant
1165 1891 1259 1962 epulis
1275 1900 1304 1949 ct
1318 1892 1383 1949 tati-

797 1957 842 2014 tia:
861 1958 889 2013 iu
907 1959 1047 2032 principio
1064 1961 1138 2028 lusti,
1155 1979 1243 2033 quam
1262 1962 1293 2021 iu
1312 1965 1381 2034 snre;

797 2048 845 2099 epo
860 2040 951 2087 autem
965 2050 1018 2087 riou
1032 2035 1177 2090 rescandum
1193 2036 1232 2090 ud
1252 2036 1326 2092 diem
1343 2039 1382 2105 le·

797 2105 1382 2179 stumistum,scilicetprimum,quietem·

796 2192 848 2246 pus
856 2177 975 2231 reuredum
983 2183 1021 2231 cst
1030 2180 1181 2249 impletum:
1192 2180 1381 2252 lempusenlrn

798 2252 896 2315 aptum
911 2247 1104 2317 praedicationi
1120 2249 1260 2308 doetrinae
1270 2260 1300 2309 ct
1312 2254 1382 2309 reri·

796 2317 871 2386 tatis,
883 2326 999 2391 propter
1014 2336 1099 2392 quam
1115 2321 1245 2378 Salvator
1258 2330 1382 2393 venerat,

795 2407 852 2446 riou
868 2397 930 2447 erat
946 2390 985 2447 sic
1002 2390 1029 2447 in
1043 2392 1182 2466 principio
1195 2395 1383 2453 solemnitatis

796 2472 913 2535 propter
926 2463 1071 2535 praedicta,
1087 2464 1159 2521 sictut
1178 2465 1257 2523 circa
1277 2468 1380 2525 linem:

795 2533 863 2661 fluia
885 2540 952 2590 tuuc
968 2536 1127 2608 paratiores
1141 2543 1207 2594 sutri
1227 2555 1329 2597 ornnes
1348 2542 1381 2597 ad

816 2604 966 2662 octriuam.
984 2607 1108 2665 lliceudo
1133 2616 1240 2681 autem,
1262 2628 1322 2681 vos,
1338 2629 1381 2670 as·

795 2678 917 2748 condite,
940 2696 995 2736 iton
1016 2680 1144 2749 eomedit,
1165 2697 1217 2739 uec
1242 2683 1381 2767 praeripit,

795 2765 848 2805 uec
862 2766 910 2806 eos
924 2752 958 2807 ad
976 2751 1042 2808 talia
1054 2752 1172 2822 iuvitat3
1189 2755 1239 2811 sed
1256 2756 1382 2827 praedicit

795 2828 823 2877 et
855 2822 1012 2893 promittit,
1029 2830 1056 2880 et
1082 2826 1208 2882 ostendit
1231 2827 1302 2899 quid
1331 2828 1381 2901 ipsi

794 2895 971 2964 qrrarrebaut,
987 2895 1035 2967 qui
1051 2898 1194 2954 mundana
1209 2900 1303 2955 adbuc
1319 2906 1380 2957 tau·

794 2972 856 3022 tum
871 2966 1029 3039 sapiebant.
1047 2971 1094 3024 lsti
1114 2986 1228 3041 semper
1249 2973 1381 3030 volebant

794 3054 853 3093 esse
875 3039 902 3093 iu
930 3039 1012 3107 sesto,
1033 3045 1136 3098 utnon
1156 3040 1185 3098 iu
1207 3041 1317 3115 vigilia,
1334 3042 1378 3117 qul

793 3125 908 3181 semper
927 3111 1057 3168 solebant
1075 3113 1181 3171 babere
1200 3114 1301 3174 muudi
1321 3116 1378 3173 lau·

793 3181 857 3237 dem
882 3188 910 3237 ct
929 3184 1111 3253 voluptatem,
1127 3191 1155 3241 et
1175 3186 1285 3244 unllam
1306 3188 1377 3245 terre

793 3253 890 3309 muudi
906 3255 1073 3313 arrolestiam.
1090 3256 1203 3314 Similes
1219 3260 1287 3316 sunl
1298 3259 1376 3318 multi

792 3326 821 3379 iu
844 3326 977 3396 praesenti
996 3327 1064 3397 rita,
1081 3328 1127 3400 qui
1149 3346 1265 3403 semper
1281 3333 1376 3389 volunt

791 3397 896 3454 babere
911 3399 992 3469 festa,
1005 3408 1032 3455 ct
1044 3400 1108 3457 ideo
1122 3402 1150 3458 iu
1162 3403 1260 3459 tuturo
1274 3405 1376 3462 sacient

791 3466 916 3540 vigiliam
934 3487 939 3526 :
957 3471 1057 3528 volunt
1073 3472 1148 3529 euim
1169 3476 1255 3531 modo
1271 3491 1333 3534 esse
1349 3475 1374 3533 iu

790 3542 1080 3614 delineationem
1098 3544 1247 3617 ebrietate,
1265 3564 1299 3604 ae
1318 3551 1373 3605 risu

790 3618 817 3668 ct
832 3613 975 3684 vanitate,
992 3622 1019 3672 et
1035 3615 1097 3674 ideo
1113 3633 1226 3690 semper
1245 3625 1334 3677 eruut
1347 3619 1375 3676 iu

788 3684 874 3756 tarne,
891 3692 919 3742 ct
933 3686 988 3755 siti,
1004 3693 1031 3744 ct
1044 3690 1124 3759 lietu,
1140 3697 1168 3747 et
1180 3691 1374 3749 tribulatione.

788 3757 865 3838 Istud
889 3764 984 3816 autem
1008 3759 1109 3817 festum
1132 3762 1308 3821 diabolicum
1327 3765 1376 3821 tri·

788 3828 851 3895 pirri
871 3829 905 3886 de
921 3847 1005 3888 eausa
1020 3849 1076 3889 nou
1096 3837 1140 3890 est
1154 3833 1330 3894 laciendum.
1345 3867 1376 3877 -

789 3902 895 3970 l‘rimo,
911 3903 977 3974 quia
989 3904 1050 3961 lime
1065 3902 1121 3960 rita
1135 3910 1178 3962 est
1192 3905 1301 3978 uigilia,
1314 3907 1375 3965 idco

788 3973 924 4031 (iubemus
940 3976 1082 4048 jejunare,
1096 3982 1124 4033 et
1144 3984 1260 4048 peccata
1279 3989 1375 4037 nostra

787 4044 944 4118 plangere,
975 4052 1003 4103 ut
1032 4048 1172 4120 possimus
1201 4052 1237 4107 ad
1270 4053 1374 4109 lustum

787 4117 908 4175 ecelesiis
928 4118 1025 4187 patriae
1041 4123 1199 4192 pervenire,
1214 4126 1290 4181 uuile
1307 4126 1374 4181 llat-

787 4191 877 4245 tliaus
893 4207 899 4244 :
914 4193 994 4246 Bruti
1009 4197 1059 4263 qui
1073 4196 1177 4264 Iupeut.
1189 4212 1255 4252 ecce
1266 4196 1372 4271 vigilia,

786 4264 916 4332 quonium
934 4266 989 4335 ipsi
1004 4267 1227 4338 coruolobuutur,
1245 4284 1310 4327 ecce
1331 4269 1372 4325 le·

785 4337 871 4392 stum.
891 4335 945 4393 Sed
964 4336 1030 4394 rani
1049 4338 1181 4397 homiues
1204 4339 1305 4399 solunt
1327 4341 1372 4398 bic
