2880 4942
99 371 133 429 28
449 374 564 428 Pallia
589 373 715 430 Pltnls
741 374 848 428 CAPUT
874 371 973 428 XLIX.

107 481 194 538 bomo
208 482 315 539 habere
327 495 378 566 pro
388 480 470 551 eulpa
479 496 539 538 sua.
553 484 589 538 Et
600 483 691 550 tetigit
744 478 876 552 gendam,
892 485 920 535 et
946 478 1008 560 ejus
1034 478 1069 535 de
1091 478 1241 559 sanatione
1261 475 1328 559 lilia

107 554 247 624 fimbriam
265 553 419 609 vestamenti
432 552 500 622 ejus,
522 568 579 608 nou
599 552 690 608 solum
744 567 802 608 suae
828 558 1077 607 assecurationem.
1108 549 1142 604 Et
1170 549 1329 606 dicentibus

108 630 186 681 tactu
213 622 378 695 corporali,
408 624 457 680 sed
486 628 515 680 ct
541 622 691 680 devotione
746 622 888 693 discipulis
903 621 989 692 quod,
1004 621 1096 677 turbae
1111 636 1177 676 eum
1203 620 1329 691 compri-

109 695 187 764 fidei,
202 693 232 750 in
251 711 306 766 quo
329 694 471 752 laudanda
485 699 527 751 est
546 694 692 751 humilitas
744 700 865 762 merent,
884 693 976 749 dixit:
1004 695 1106 764 Tetipit
1133 708 1176 748 me
1199 694 1328 763 aliquia:

109 768 179 837 ejus,
194 767 261 836 quia
271 766 416 838 indignam
429 782 459 822 se
468 766 689 893 reputabattan-
744 782 808 821 acm
821 771 849 821 et
864 781 912 835 epo
931 766 996 820 noui
1009 766 1139 846 virtutem
1153 764 1254 845 claime
1267 765 1329 820 aci·

110 851 176 909 gere
191 837 277 907 pedes
290 837 412 906 Domini,
429 837 473 893 rel
486 837 690 908 penitudinem
745 839 808 905 isse,
822 836 850 892 id
870 842 913 892 est
925 835 1057 891 effectum
1072 840 1183 891 virtutis
1197 851 1225 890 in
1245 850 1329 891 cura·

109 909 279 966 vestimenti.
306 908 435 965 Habebat
464 910 540 965 enim
561 909 692 966 Christus
745 907 822 963 tione
847 906 1028 964 infirmitatis.
1046 906 1116 963 Nam
1132 907 1198 963 lieet
1223 906 1327 976 turbae,

110 976 690 1051 fimbriasjuxtaconsuetudinemiudaeo
744 994 808 1050 quae
823 979 952 1049 inipsum
963 994 1021 1050 prm
1030 978 1180 1034 devotione
1190 978 1340 1034 audiendi·

109 1064 184 1119 rum,
211 1052 367 1107 seeundum
398 1052 435 1107 Le
458 1052 480 1107 is
506 1057 689 1122 praeceptum.
745 1051 902 1120 irruebant,
917 1065 982 1106 eum
1004 1050 1235 1120 comprimerent,
1251 1054 1280 1105 et
1298 1048 1329 1106 iu

110 1120 181 1178 Eece
200 1123 266 1193 quia
285 1138 342 1178 non
361 1068 485 1180 babebat
503 1123 640 1180 Dominus
650 1124 693 1195 ja·
744 1121 794 1178 tali
810 1137 940 1194 pressura
956 1121 1143 1194 corporaliter
1159 1125 1328 1203 tangerent}

108 1193 224 1259 nitores,
238 1194 281 1249 rel
292 1194 451 1265 stipatores,
464 1211 514 1251 seu
530 1196 689 1264 masserios,
744 1199 914 1250 nontamen
933 1193 1089 1264 tangebant
1109 1208 1174 1248 eum
1196 1207 1260 1248 eum
1275 1191 1328 1248 talx

108 1278 161 1319 neo
178 1265 302 1336 aliquem
320 1267 369 1338 qui
386 1267 606 1338 comprimentes
624 1281 689 1322 eum
745 1265 894 1321 devotione
918 1270 946 1319 et
970 1264 1037 1331 ilde,
1061 1264 1135 1319 sicut
1156 1264 1209 1318 ista
1224 1261 1329 1344 mulier

102 1334 276 1404 verberaret,
292 1337 355 1392 ideo
384 1337 473 1395 libere
492 1337 595 1395 mulier
609 1353 689 1393 acce-
744 1336 877 1407 tetigerat
885 1353 894 1405 ;
904 1341 933 1392 et
943 1335 978 1392 de
992 1335 1041 1391 tali
1053 1340 1130 1391 tactu
1144 1335 1328 1407 singulariter

104 1405 155 1476 dit,
170 1412 201 1462 et
212 1408 303 1463 turbae
317 1408 516 1479 comprimunt.
534 1409 585 1465 Ubi
601 1410 690 1466 Remi·
744 1406 880 1462 Dominus
913 1405 1069 1477 quaerebat.
1103 1406 1206 1463 Videas
1235 1409 1328 1461 nutem

107 1478 171 1544 pius
184 1495 193 1532 ε
206 1478 252 1533 clu
261 1478 396 1548 quotides
410 1478 494 1549 buius
505 1478 690 1535 mulierisad-
743 1479 843 1533 mulier
861 1480 928 1548 quic
942 1494 996 1534 aon
1015 1479 1098 1533 latuit
1111 1478 1214 1533 timens
1228 1477 1326 1547 corde,

103 1546 235 1602 miranda
248 1548 535 1630 est,quiadesperans
545 1550 580 1605 de
596 1550 687 1606 salute
743 1555 772 1604 et
787 1552 902 1604 tremens
913 1565 1031 1620 corpore
1039 1549 1076 1604 ad
1092 1550 1268 1621 majestatem
1280 1548 1327 1603 di·

103 1617 291 1689 medicorum,
311 1634 426 1691 inques
441 1634 493 1675 sua
509 1626 687 1692 erogaverat,
743 1620 877 1685 vinitatis,
894 1621 973 1691 eujus
986 1621 1120 1676 virtutem
1134 1622 1199 1676 inse
1212 1625 1327 1690 experta

107 1686 246 1745 intellexit
263 1690 404 1747 roelestem
423 1691 519 1747 adesse
534 1692 686 1761 medicum,
743 1689 805 1760 luit,
822 1694 907 1760 venit,
926 1696 952 1747 et
971 1692 1093 1763 procidit
1107 1698 1170 1748 onte
1192 1692 1275 1763 pedes
1291 1691 1327 1747 it-

104 1763 132 1813 et
147 1758 176 1814 iu
187 1776 221 1815 eo
236 1766 324 1818 totam
339 1776 419 1817 suam
427 1761 613 1818 intentionem
627 1762 687 1820 col·
742 1764 808 1831 lius,
822 1768 847 1822 et
862 1778 975 1819 eausam
987 1769 1078 1819 tactus
1087 1780 1120 1820 ac
1136 1765 1326 1833 sanationem,

103 1826 217 1901 locarit,
234 1840 263 1888 et
281 1832 345 1890 ideo
360 1832 464 1890 salvari
489 1834 687 1905 promeruit.»
743 1851 834 1891 corum
856 1838 930 1890 omar¹
950 1836 1053 1907 populo
1077 1836 1223 1905 indicavit,
1241 1832 1326 1890 eond-

103 1901 182 1959 Unde
192 1906 355 1962 othobonus
364 1906 592 1964 :cDocctmulier
601 1922 689 1979 quau·
744 1909 830 1963 tendo
844 1908 993 1963 veritatem
1007 1908 1041 1963 de
1057 1908 1215 1978 quantitate
1227 1912 1255 1962 et
1264 1920 1327 1976 pro

105 1977 165 2029 tum
181 1976 218 2031 sit
231 1992 332 2050 corpus
351 1977 464 2048 Christi,
487 1979 563 2049 quod
578 1979 608 2036 in
623 1979 688 2036 lim·
744 1977 852 2036 lixitate
866 1978 1039 2036 infirmitatis
1054 1979 1131 2035 etde
1146 1978 1327 2049 perceptione

109 2044 291 2106 briatantaru
308 2050 688 2108 demonstraritessevirtu·
746 2051 864 2124 iutegrae
885 2052 1012 2108 sanitatis
1021 2067 1031 2120 ;
1061 2051 1115 2107 boc
1134 2052 1210 2105 enim
1230 2046 1326 2104 Domi·

104 2121 173 2197 tem.
190 2119 262 2186 Quid
273 2137 341 2191 ergo
354 2136 407 2177 uos
419 2137 534 2192 sperare
542 2122 687 2188 debemus,

102 2198 228 2256 quinon
252 2192 344 2245 solum
372 2191 480 2260 Corpus
509 2192 688 2247 Dominicum

103 2258 304 2328 contingimus,
318 2259 368 2314 sed
381 2259 548 2314 coullcimus
562 2267 590 2315 et
601 2262 689 2316 sumi·

103 2324 188 2384 mus?
209 2329 260 2384 llla
278 2328 393 2400 quidem
412 2329 584 2385 medicinam
603 2345 686 2386 acce-

103 2395 147 2467 pit
158 2413 192 2454 ex
210 2398 327 2455 vulnere
344 2415 352 2454 r
372 2414 414 2455 vae
434 2398 491 2455 illis
512 2400 614 2470 quibus
626 2399 687 2470 ipsa

102 2468 245 2526 medicina
254 2470 284 2526 in
297 2469 399 2527 vulnus
408 2470 597 2527 convertitur!
611 2489 625 2523 n
640 2474 688 2528 Di-

103 2540 270 2599 ecbatanam
289 2545 363 2598 intra
378 2557 417 2608 se,
438 2542 559 2599 firmiter
580 2542 688 2600 scilicet

105 2616 246 2671 credendo
267 2637 274 2672 ε
295 2617 327 2672 Si
345 2617 457 2684 tetipero
479 2619 586 2671 tontum
601 2618 686 2671 oesti-

104 2691 225 2742 meatum
252 2687 322 2757 ejus,
350 2688 430 2742 solua
458 2685 495 2742 ab
522 2685 687 2742 infirmitate

106 2771 170 2812 mea
184 2774 247 2824 ero,-
271 2772 328 2812 non
354 2759 421 2827 quia
442 2758 610 2813 vestimenta
633 2758 686 2813 ali-

104 2841 192 2896 quam
221 2828 354 2882 virtutem
384 2828 503 2884 sanandi
531 2828 685 2899 habebant,

104 2896 153 2976 sed
170 2896 237 2968 quia
261 2914 312 2969 per
336 2898 390 2954 boc
417 2898 578 2955 declaratur
595 2900 686 2957 uirtus

103 2967 229 3037 allorum,
260 2984 380 3039 quorum
415 2970 583 3026 vestimenta
609 2978 685 3027 sunt.

101 3039 232 3111 Tangeris
250 3044 357 3110 autem,
372 3042 514 3109 consestim
528 3046 568 3097 est
585 3047 686 3099 sanato

104 3111 219 3181 apiago
232 3126 305 3181 suo,·
320 3116 350 3167 et
360 3119 402 3169 est
412 3110 537 3169 notabile
549 3114 627 3185 quod
641 3130 687 3170 ac-

105 3183 198 3253 cessit,
213 3185 352 3239 accedens
370 3182 449 3256 dixit,
469 3181 564 3241 diceus
580 3185 683 3258 tetigit,

102 3256 223 3328 tangens
252 3256 429 3313 curationem
462 3255 590 3328 accepit,
618 3258 686 3328 quia

104 3322 148 3382 his
159 3327 259 3398 tribus,
286 3326 418 3387 scilieet:
448 3328 547 3400 verbo,
570 3326 637 3394 lide,
658 3334 687 3385 et

104 3412 202 3470 opere,
215 3398 308 3456 omnis
319 3400 395 3456 salus
408 3400 576 3472 acquiritur.

139 3473 274 3529 USaasns
301 3488 464 3535 ouasrxonrs
483 3472 593 3530 ornan
611 3490 686 3530 suaa

35 3602 39 3609 ¹
102 3557 233 3600 nonanus
252 3561 313 3607 onis
340 3562 394 3602 nux
422 3561 571 3601 rurxoxxur.
597 3573 632 3587 —
650 3548 686 3601 ut

100 3624 260 3678 mpnosoens
277 3617 356 3668 Jesus
370 3617 509 3680 virmtern,
527 3631 588 3684 pua
608 3618 684 3669 eate-

97 3684 145 3734 rot
161 3681 194 3734 de
212 3682 272 3748 tito,
286 3683 379 3738 aiebam
393 3701 402 3738 r
418 3684 485 3749 Quis
502 3699 545 3738 me
567 3686 684 3753 tetigit?

99 3749 161 3805 Nou
180 3753 284 3821 quaerit
302 3766 336 3806 ex
355 3752 517 3823 ignorantia
530 3759 562 3807 ut
580 3754 682 3809 docea-

100 3824 163 3888 tur,
178 3821 228 3875 sed
249 3825 279 3875 ut
298 3821 402 3877 mulier
425 3829 526 3878 sauata
545 3822 683 3879 conlitea-

744 2137 798 2177 nus
816 2123 883 2176 sciri
908 2123 1006 2188 noluit,
1024 2120 1060 2175 ad
1082 2120 1194 2174 laudem
1222 2120 1283 2187 Dei,
1298 2123 1328 2175 et

742 2192 864 2245 aliorum
891 2191 1052 2244 utilitatem.
1082 2188 1136 2242 Sed
1165 2188 1204 2241 ibi
1223 2190 1329 2257 quaerit

743 2261 957 2327 chrysostomus,
968 2272 1056 2329 quare
1063 2256 1151 2328 ipsam
1165 2256 1327 2312 manifestat

744 2329 828 2398 Deus,
844 2343 909 2383 cum
928 2330 989 2399 ipsa
1011 2328 1133 2384 latenter
1151 2329 1326 2385 accesserit?

742 2399 776 2453 Et
801 2398 985 2471 respondeus,
1004 2400 1082 2470 ponit
1095 2399 1132 2456 ad
1146 2400 1199 2455 hoc
1214 2415 1261 2455 sex
1277 2416 1325 2457 ra·

742 2471 855 2525 tiones:
877 2471 969 2540 prima
981 2476 1024 2527 est
1041 2478 1072 2527 ut
1095 2472 1196 2527 mulier
1210 2473 1326 2543 sangui·

742 2540 823 2598 naria
849 2540 992 2598 Christum
1005 2549 1135 2616 tangens,
1149 2560 1207 2599 uon
1223 2543 1326 2602 babeat

743 2614 1324 2684 indeconscientiaeremorsum;seeunda,

744 2692 775 2741 ut
787 2687 934 2741 mulierem
948 2688 1090 2756 emendet,
1105 2688 1238 2757 quoniam
1251 2688 1325 2743 aesti·

743 2756 838 2812 mabat
859 2758 913 2812 hoo
938 2757 1027 2813 latere
1047 2758 1207 2827 Christum;
1229 2758 1322 2825 tertia,

743 2835 776 2884 ut
794 2826 880 2883 fidem
903 2829 964 2900 ejus
978 2829 1108 2885 ostendat
1126 2832 1267 2897 omnibus,
1287 2829 1324 2887 ad

743 2901 886 2970 exemplar
901 2898 1032 2957 celeriter
1041 2900 1194 2971 credendi,
1211 2907 1323 2972 quarta,

742 2978 773 3027 ut
792 2976 930 3027 monstret
948 2986 1018 3027 seco
1040 2972 1162 3027 nitorem
1184 2973 1322 3042 omnium,

742 3043 852 3125 quinta,
878 3048 911 3098 ut
932 2987 1065 3124 ostendat
1090 3042 1166 3114 quod
1195 3051 1224 3097 ut
1251 3045 1325 3124 Deus

742 3119 815 3170 sistit
839 3128 984 3183 sauguinis
1002 3115 1128 3182 lluxum;
1144 3119 1230 3183 sexta,
1245 3121 1278 3169 ut
1294 3129 1324 3170 ru

741 3186 828 3241 iidem
844 3186 947 3259 dirigat
965 3186 1237 3258 Archispnagogum.

777 3261 794 3326 l
808 3257 1010 3314 Hauonauoxcx
1021 3274 1140 3313 xxeruxns
1154 3273 1275 3314 rnorrnn
1288 3273 1325 3313 rr·

742 3345 796 3385 nux
811 3345 962 3388 munerun.
984 3359 1018 3373 -·
1032 3329 1072 3385 At
1086 3331 1164 3385 lesus
1180 3343 1325 3384 coroneris

742 3401 878 3457 atridem
893 3418 963 3472 eom,
978 3401 1007 3457 id
1019 3408 1060 3457 est
1069 3400 1228 3472 approbans
1239 3399 1325 3471 ipsius

742 3473 840 3544 sidem,
860 3472 930 3530 dixit
952 3472 993 3529 illi
1009 3490 1016 3530 :
1033 3473 1151 3544 Confido,
1166 3473 1237 3543 titio,
1256 3472 1325 3543 {ides

742 3549 792 3600 tua
807 3550 833 3600 te
852 3547 959 3601 saluom
982 3547 1060 3614 tecit,
1083 3545 1112 3599 id
1132 3543 1259 3599 esthauc
1273 3543 1325 3600 tibi

741 3618 862 3670 salutem
883 3614 996 3671 meruit.
1013 3615 1084 3670 Cum
1101 3616 1176 3671 euim
1196 3613 1324 3685 operatio

741 3683 912 3739 miraculosa
930 3685 968 3739 sit
990 3700 1076 3755 supra
1097 3692 1240 3754 naturam,
1254 3685 1323 3741 fidei

740 3754 873 3809 attribuit
884 3769 958 3825 eam,
967 3770 1000 3811 eo
1010 3757 1086 3827 quod
1096 3757 1167 3814 fides
1177 3763 1220 3811 est
1230 3758 1265 3811 de
1280 3756 1325 3813 his

740 3839 804 3894 quae
817 3829 885 3880 suut
897 3841 982 3897 supra
994 3833 1136 3887 naturam.
1159 3828 1211 3884 Ubi
1226 3829 1323 3886 uteo-

100 3893 157 3959 tur,
180 3897 209 3946 et
234 3905 285 3961 per
313 3891 520 3949 contessionem
547 3900 683 3964 appareat
739 3910 858 3965 nomas:
876 3915 890 3949 c
906 3900 968 3953 Non
990 3904 1086 3955 autem
1101 3900 1180 3971 dixit,
1201 3901 1269 3972 quia
1288 3903 1323 3972 p·

100 3961 171 4019 tides
184 3962 255 4033 ejus,
264 3967 293 4016 et
306 3977 323 4018 a
335 3961 446 4019 Christo
457 3966 681 4030 commendetur,
738 3967 786 4022 des
799 3972 848 4023 tua
862 3972 888 4024 te
901 3968 1007 4026 salvam
1023 3968 1132 4027 lactura
1146 3973 1254 4036 cst,sed
1262 3972 1324 4028 sol·

98 4040 160 4092 tum
171 4039 291 4163 propter
313 4032 439 4091 mulieris
463 4036 610 4105 meritum,
630 4053 682 4108 per
738 4043 891 4108 eumfacit.
912 4041 995 4108 Quasi
1007 4042 1115 4098 diceret
1129 4060 1136 4099 :
1151 4045 1183 4098 lu
1198 4059 1231 4098 eo
1246 4042 1323 4114 quod

99 4105 235 4162 humxem
250 4103 464 4177 consessionem,
486 4113 547 4164 tum
566 4115 683 4179 propter

100 4177 273 4234 adstantium
291 4176 520 4247 aedificationem,
540 4185 599 4235 tum
615 4194 680 4250 pro·

98 4253 165 4320 pter
178 4250 228 4304 Dei
247 4251 359 4306 laudem
382 4255 410 4306 et
431 4249 680 4323 glorificationem,

103 4326 164 4375 tum
179 4327 294 4393 propter
305 4336 384 4395 spem
395 4322 616 4398 Archisynagogi
630 4340 681 4381 au-

739 4108 895 4180 credidisti,
906 4113 966 4183 jam
985 4114 1062 4169 salva
1081 4113 1155 4171 lacta
1177 4131 1217 4170 es.
1241 4135 1252 4165 r
1271 4112 1323 4171 Ubi

739 4188 767 4238 et
781 4182 985 4252 chrysostomus
1000 4203 1009 4240 r
1024 4204 1038 4238 «
1054 4186 1125 4253 Quia
1139 4184 1324 4243 formidolosa

739 4261 800 4310 erat
825 4256 887 4311 baec
906 4254 1018 4327 mulier,
1037 4265 1151 4330 propter
1169 4259 1223 4315 boc
1250 4257 1292 4313 ait
1312 4272 1319 4315 :

739 4326 857 4400 Confido,
878 4331 907 4385 et
925 4326 1013 4387 liliam
1028 4345 1092 4388 eam
1111 4329 1191 4389 dicit.
1214 4328 1320 4388 Filiam
