2880 4942
135 281 182 335 tta
513 278 621 332 Puluis
648 276 766 329 rinus
795 275 899 329 elcut
927 274 999 327 txu

131 387 420 461 pienumscumentum
436 387 467 439 ia
481 385 579 455 spica3
597 384 653 440 hoc.
668 388 721 451 cst,
777 382 847 453 ejus,
863 381 940 453 quod
964 379 1022 462 scio
1044 397 1108 437 eum
1130 381 1201 437 velle
1221 380 1250 437 in
1278 381 1376 459 hemis

135 458 292 516 secundum
304 455 722 527 Glossemtimorempoeniten-
777 470 846 510 nuru
860 469 1045 509 conversione
1060 456 1088 508 et
1098 453 1306 524 redemptione,
1322 467 1371 525 qui

135 531 204 588 tiam
221 535 249 584 et
266 527 413 584 caritatem
428 544 434 596 ;
452 526 575 598 primum
599 526 723 598 pertinet
777 528 836 580 vult
855 541 945 579 omnes
960 527 1080 579 tornines
1105 527 1196 579 sulcos
1209 529 1271 594 lieri
1289 531 1315 580 et
1335 526 1372 581 od

133 602 171 660 ad
194 599 374 672 incipientes,
399 598 555 655 secundum
580 599 616 655 ad
636 597 723 669 proli·
777 596 1376 669 aperitionemejusaenirc.l'oluntasquippe

134 670 416 746 cintes,terliumad
439 671 589 741 perlectos.
613 670 724 726 Delioc
779 667 872 724 Patris
899 672 951 736 est,
982 672 1011 722 ut
1045 667 1073 723 in
1099 667 1199 723 Filium
1226 669 1288 740 ejus
1313 685 1375 725 cre·

133 743 253 801 habebis
268 742 354 798 latius
372 741 447 798 inira
462 746 524 813 post
540 757 662 813 sequens
676 757 724 796 ca·
780 740 897 807 damus3
914 754 984 866 qpus
999 755 1066 820 vero
1083 738 1175 820 Patris
1190 745 1233 794 est
1248 739 1375 811 provisio

133 815 265 888 pituluiu,
278 813 304 869 in
323 814 446 870 secunda
456 813 604 886 parabola,
612 829 674 884 quae
683 816 727 868 est
780 817 885 867 nostrce
895 827 924 867 re
945 810 1108 881 emptionis.
1120 812 1374 883 Cibusergoetpo·

135 887 171 944 de
184 885 300 941 zizania.
781 888 837 952 tus,
849 882 877 938 id
888 886 930 938 est
941 882 1116 938 delectabilis
1127 882 1244 938 relectio
1256 882 1374 951 Christi,

170 980 186 1029 9
211 958 292 1013 Ciues
311 957 421 1013 Camari
434 975 533 1014 recens
552 973 729 1013 consumunt
752 1004 755 1021 ,
782 953 1375 1025 nostraestlidesetnostraestsalusquam

136 1030 244 1085 Psrms.
255 1028 727 1098 -Eeterantereohominesdeci-
783 1026 921 1098 ipserum
936 1041 1039 1095 magno
1055 1027 1200 1096 quaerebat
1219 1026 1374 1094 desiderio,

134 1103 220 1156 vitate
234 1102 341 1157 Sielicm
359 1107 384 1156 et
402 1102 547 1156 veniebant
564 1101 601 1156 ed
619 1103 728 1157 lesum.

134 1177 166 1230 ut
195 1171 414 1244 presentialiter
438 1173 572 1229 audirent
599 1189 669 1227 cum.
698 1174 730 1226 ln

136 1259 192 1316 quo
208 1245 292 1299 datur
310 1242 430 1314 intelligi
447 1245 533 1316 quod,
555 1243 577 1300 si
595 1245 630 1299 ad
651 1242 730 1300 Chri-

135 1320 212 1372 stum
227 1315 356 1370 volumus
372 1314 423 1385 ire,
440 1320 551 1387 oportet
566 1332 618 1372 nos
633 1314 730 1370 civita-

134 1391 192 1444 tem
200 1387 286 1453 exire,
294 1387 321 1441 id
331 1391 372 1441 est
382 1402 509 1443 amorem
521 1387 642 1443 carnaIIs
650 1387 730 1456 cupi-

135 1457 233 1514 ditatis
245 1459 524 1527 deponeredntercu,
543 1457 648 1513 scilicet
662 1458 729 1512 dum

135 1529 237 1585 mulier
252 1529 365 1583 abesset
378 1545 411 1583 ac
424 1527 533 1584 civilius
548 1527 728 1600 praedicaret,

134 1603 163 1655 et
177 1604 330 1669 antequam
356 1598 526 1655 Samaritani
548 1600 663 1656 adeum
680 1615 727 1653 ve-

133 1668 253 1734 nissent,
274 1670 408 1737 repedent
428 1686 499 1739 eum,
523 1686 606 1742 quem
627 1671 728 1739 latiga-

131 1744 192 1796 tum
207 1740 352 1808 vidi-bant,
369 1742 511 1813 discipuli,
528 1742 576 1813 qui
592 1741 670 1798 cibos
686 1747 728 1797 at-

130 1811 265 1875 tulerant,
274 1817 303 1867 ut
312 1812 495 1869 manducaret
508 1814 627 1869 dicentes
639 1833 647 1868 ε
660 1814 730 1869 lind·

133 1884 171 1948 bi,
184 1885 320 1939 meirduce
333 1901 340 1939 :
354 1883 420 1956 quia
434 1885 506 1941 hora
520 1885 686 1943 comedendi
702 1889 731 1940 et

135 1955 216 2012 locus
229 1956 265 2012 ad
287 1957 340 2011 lioe
355 1962 437 2027 aptus
461 1961 532 2025 erat,
548 1962 577 2014 et
601 1957 732 2014 similiter

135 2031 248 2100 tempus
260 2034 356 2100 aptum
371 2028 406 2084 ad
422 2028 574 2100 prandium
583 2029 612 2086 in
626 2030 729 2085 absen-

134 2099 174 2155 tia
193 2101 325 2156 aliorum.
348 2099 450 2157 Habita
472 2107 568 2158 autem
583 2103 732 2157 occasione

134 2186 168 2226 ex
179 2171 241 2227 cilio
255 2171 405 2241 corporali,
419 2171 518 2243 incipit
529 2172 605 2242 loqui
620 2174 656 2227 de
668 2173 731 2226 cibo

135 2239 285 2312 spirituali,
305 2241 412 2296 scilicet
426 2241 462 2297 de
476 2243 660 2299 conversione
685 2245 732 2298 Sa·

138 2310 357 2375 maritanorum,
377 2310 427 2381 qui
443 2328 494 2383 per
511 2313 573 2383 ejus
589 2312 729 2385 prcedica·

137 2380 244 2437 tionem
256 2387 321 2436 sunt
336 2381 557 2456 eiincorporati;
574 2383 648 2439 unde
664 2384 731 2439 sub-

139 2451 197 2509 dit:
213 2456 271 2522 qu
287 2453 377 2508 cilum
389 2454 484 2523 italico,
498 2471 530 2510 ex
546 2454 639 2511 Patris
654 2453 731 2511 ordi-

138 2522 265 2594 natione,
276 2526 452 2595 manducare,
463 2525 491 2582 id
503 2533 545 2583 est
557 2526 625 2582 mihi
638 2525 730 2583 incor-

137 2612 253 2669 porare,
265 2614 344 2668 quem
353 2614 399 2653 cos
408 2602 529 2654 nescitis.
537 2599 621 2668 Quasi
633 2598 709 2655 dicat
723 2615 729 2654 :

137 2669 215 2726 Alius
238 2668 327 2738 cilius,
351 2668 459 2727 scilicet
484 2670 631 2728 conversio
653 2672 731 2728 Gen-

138 2739 220 2806 tium,
242 2740 304 2810 plus
327 2757 372 2796 me
393 2740 524 2810 delectat,
545 2759 630 2815 quam
650 2742 731 2799 cibus

136 2825 189 2882 per
210 2826 260 2864 vos
280 2810 347 2865 mihi
372 2816 547 2882 apportatus.
569 2812 621 2869 Ubi
643 2816 729 2869 Tice-

134 2881 230 3008 qliilus
245 2899 252 2933 :
270 2902 284 2930 «
306 2883 457 2936 llominum
484 2884 604 2939 salutem
622 2883 666 2939 hir
689 2884 729 2940 ci·

160 2965 207 3007 um
223 2950 343 3018 vocavit,
357 2951 509 3008 ostendens
524 2960 659 3025 quantum
679 2956 728 3011 de-

138 3019 274 3079 siderium
293 3022 379 3077 halect
402 3027 507 3079 nostrae
525 3024 634 3081 salutis.
652 3025 730 3083 Sicut

136 3091 213 3151 enirn
232 3092 314 3173 nobis
330 3092 551 3165 concupiscibile
572 3102 616 3152 est
634 3113 728 3154 come·

136 3164 216 3234 dere,
232 3170 272 3219 ita
287 3163 314 3220 ei
331 3165 442 3236 salvare
455 3182 522 3223 nos:
534 3189 549 3219 »
566 3169 627 3225 hac
645 3172 729 3225 Theo·

133 3238 240 3311 philus.
258 3235 358 3294 Dicant
377 3253 445 3309 ergo
464 3239 518 3296 hoc
542 3239 651 3312 praelati
678 3244 728 3297 Ec·

136 3309 241 3379 clesiae,
252 3310 379 3382 exemplo
396 3308 518 3380 Domini,
533 3327 596 3369 cum
610 3312 729 3370 eisotie·

134 3387 237 3440 runtuc
263 3380 382 3438 enxenia
406 3381 535 3439 ciborum
551 3389 579 3440 et
601 3385 730 3458 hujusce·

135 3452 213 3511 modi
229 3471 235 3509 :
249 3457 307 3523 aee
334 3455 424 3511 eibum
441 3455 525 3512 iudeo
551 3459 728 3523 munducare,

136 3541 214 3597 quem
248 3542 295 3582 ees
318 3529 455 3595 nescitis3
484 3531 513 3583 et
544 3534 730 3587 contemnant

135 3596 232 3677 opleta
248 3599 299 3664 eis,
316 3597 383 3670 quia
397 3603 542 3655 excaecant
556 3601 653 3658 oculos
668 3618 731 3658 coi·-

136 3665 190 3748 dis.
205 3668 484 3792 Etadq'lungitlesus:
498 3673 575 3727 Meus
591 3674 667 3728 eidus
677 3677 728 3742 est,

134 3736 165 3792 id
181 3741 225 3792 est
239 3754 268 3792 m
303 3755 336 3794 oc
351 3743 394 3794 est
417 3756 482 3797 mea
500 3742 618 3799 reiectio
635 3749 664 3799 et
678 3744 727 3800 de-

132 3808 258 3878 lectatio,
274 3823 307 3864 ac
322 3808 444 3866 firmitas
459 3815 487 3867 et
501 3813 682 3884 sustentatio,
696 3819 729 3871 ut

133 3879 729 3958 noneuransdecorporalicommodopro·
748 3879 752 3887 '

133 3955 198 4025 pter
217 3952 354 4021 salutem3
370 3951 400 4009 in
439 3970 475 4010 uo
494 3954 581 4013 etiam
600 3957 730 4029 sequitur

133 4024 295 4152 exemplum
314 3969 528 4097 Aposto?orum,
549 4027 608 4101 qui,
623 4031 729 4086 relictio

134 4100 209 4152 omni
229 4112 270 4165 us,
308 4100 394 4153 secuti
426 4103 491 4155 sunt
523 4102 728 4171 Dominum....,

133 4170 284 4236 etfaciam
298 4170 466 4226 uoluntatem
496 4170 568 4241 ejus,
584 4176 635 4243 qui
650 4176 728 4230 misit

134 4252 186 4305 me,
203 4244 235 4296 et
252 4243 395 4312 perficiam
419 4244 448 4299 et
473 4242 631 4317 compleam
659 4260 728 4318 opus

119 4590 275 4662 A

784 1103 819 1154 do
834 1114 890 1170 quo
900 1096 1035 1170 scriptum
1047 1102 1088 1152 est
1099 1114 1105 1151 :
1117 1099 1228 1152 Ucticiae
1241 1114 1306 1154 mea
1320 1114 1376 1153 esse

784 1187 844 1226 cum
868 1171 935 1240 litiis
955 1171 1104 1224 hominem.
1125 1171 1201 1224 Tunc
1221 1185 1289 1242 ergo
1318 1171 1375 1225 Deo

784 1241 878 1298 cilium
893 1239 1068 1312 spiritualem
1094 1239 1240 1296 ollorimus
1256 1240 1374 1312 quaudo

783 1329 836 1439 per
848 1311 1070 1384 prceveuientem
1092 1311 1214 1381 gratiam
1229 1313 1265 1368 ab
1282 1328 1316 1368 eo
1333 1328 1376 1368 sa·

797 1390 871 1440 utem
885 1389 1011 1439 nostram
1024 1384 1176 1455 poscimus,
1192 1400 1256 1439 cum
1269 1383 1377 1440 scilicet

784 1455 924 1527 petimus:
940 1457 1003 1510 Fiut
1027 1457 1154 1510 celeritas
1179 1461 1238 1521 tuo,
1260 1458 1332 1510 sicut
1346 1457 1375 1510 in

784 1528 847 1582 celo
862 1533 887 1582 et
902 1531 932 1581 ia
948 1531 1031 1582 terra.
1049 1527 1210 1582 Secundum
1221 1527 1376 1595 origenem.

784 1597 876 1654 omnis
898 1598 984 1652 homo
1005 1596 1052 1668 qui
1074 1600 1146 1654 bene
1173 1604 1319 1668 operatur,
1340 1597 1376 1654 ad

783 1669 839 1726 duo
850 1669 934 1725 debet
946 1668 1070 1739 dirigere
1085 1685 1164 1725 suam
1177 1668 1376 1735 intentionem,

785 1740 891 1797 scilicet
904 1740 941 1796 ad
956 1741 1094 1796 honorem
1109 1741 1158 1796 [lei
1173 1745 1202 1796 et
1226 1739 1377 1796 utilitatem

783 1811 915 1885 proximi,
925 1811 990 1882 quia
1000 1815 1200 1884 finispraecepti
1213 1818 1254 1868 est
1263 1815 1377 1879 ceritas,

785 1900 848 1956 quae
859 1883 984 1940 continet
995 1900 1122 1939 amorem
1132 1885 1180 1939 Dei
1196 1888 1223 1939 et
1237 1882 1377 1955 proximi3

786 1961 813 2012 et
829 1955 869 2012 sic
895 1955 1008 2027 quando
1031 1955 1138 2025 aliquid
1166 1954 1287 2012 lecimus
1315 1970 1380 2026 pro

785 2027 1045 2100 pterDeum,s1nis
1063 2026 1195 2098 praecepti
1214 2032 1257 2083 est
1283 2029 1378 2093 Deus3

787 2099 903 2170 quando
927 2115 994 2155 vero
1012 2105 1127 2169 propter
1151 2097 1302 2154 utilitatem
1316 2113 1380 2170 pro

786 2170 865 2236 ximi,
881 2169 947 2225 finis
959 2169 1092 2242 praecepti
1104 2175 1147 2225 est
1161 2169 1316 2241 proximus.
1330 2171 1380 2225 Fa·

787 2241 825 2297 cit
839 2258 907 2311 ergo
924 2243 1061 2297 [lominus
1076 2242 1250 2298 voluntatem
1272 2239 1378 2310 Patris,

787 2312 916 2368 docendo
941 2313 1057 2368 credere
1082 2312 1111 2368 in
1138 2330 1183 2381 se;
1214 2312 1279 2369 lacit
1306 2328 1380 2384 opus

788 2386 859 2454 ejus,
876 2383 1085 2440 manifestando
1103 2384 1268 2441 misterium
1282 2386 1378 2441 lucar-

786 2454 922 2524 nationis,
937 2471 1084 2527 quousque
1096 2442 1155 2584 per
1170 2455 1335 2512 Passionem
1351 2460 1381 2512 et

787 2533 882 2584 cetera
900 2526 1032 2600 perficiat
1045 2527 1094 2584 illu
1130 2533 1158 2584 et
1179 2528 1382 2598 complanabit

787 2599 863 2670 quod
877 2599 964 2656 instet
977 2604 1088 2670 tempus
1108 2601 1162 2656 hoc
1188 2598 1320 2668 laciendi,
1337 2614 1383 2655 os·

787 2670 878 2727 tendit
890 2671 987 2728 dicens
997 2688 1004 2726 :
1016 2674 1111 2730 Nonne
1120 2688 1167 2726 vos
1181 2672 1288 2740 dicitis,
1304 2670 1381 2742 quod

787 2744 877 2798 adhuc
892 2749 1010 2813 qccotuor
1024 2759 1126 2798 menses
1143 2749 1217 2814 suat,
1235 2749 1261 2798 ct
1281 2745 1381 2798 messis

785 2817 885 2869 uenit?
915 2813 995 2869 Unde
1023 2815 1220 2887 perpenditur,
1250 2813 1323 2871 sicut
1351 2812 1381 2870 in

786 2884 955 2941 scholastica
968 2883 1088 2941 historia
1102 2886 1214 2956 dicitur,
1230 2886 1307 2958 quod
1319 2884 1381 2943 hie-

785 2955 840 3012 mis
855 2963 984 3028 tempore
1007 2957 1061 3013 hoc
1086 2958 1192 3015 iactum
1216 2963 1270 3027 est,
1292 2962 1321 3015 et
1341 2955 1381 3013 vi·

786 3028 870 3084 detur
884 3027 960 3100 quod
976 3028 1081 3085 tactum
1108 3029 1145 3085 sit
1168 3029 1312 3086 inmense
1334 3031 1382 3086 la·

784 3098 878 3155 nuarii
895 3115 903 3154 ι
923 3097 991 3171 quia
1019 3101 1048 3156 in
1074 3101 1123 3157 illa
1144 3100 1237 3157 calida
1263 3099 1382 3172 regione

785 3185 892 3227 messes
912 3175 979 3227 snnt
1001 3172 1193 3243 tempestivae3
1216 3173 1294 3230 unde
1308 3178 1337 3229 et
1351 3172 1382 3229 in

786 3243 857 3298 festo
868 3243 1253 3301 Pentecostesotlereliantur
1266 3244 1380 3316 frugum

785 3313 928 3385 primitiae.
942 3314 1027 3382 Quasi
1042 3315 1116 3372 dicat
1136 3317 1263 3372 Christus
1279 3333 1286 3371 :
1303 3316 1382 3373 Licet

785 3392 898 3458 tempus
922 3386 1023 3444 messis
1045 3387 1201 3459 corporalis
1226 3388 1321 3444 adhue
1339 3386 1382 3444 di·

787 3463 852 3528 stet,
868 3466 980 3530 tempus
994 3463 1090 3517 tamen
1106 3459 1207 3516 messis
1223 3457 1383 3531 spiritualis

783 3532 844 3604 jam
858 3531 955 3588 instat.
974 3530 1082 3588 Dicitur
1106 3531 1182 3588 enirn
1205 3530 1307 3587 messis
1323 3545 1383 3587 ma·

786 3601 895 3659 terialis
905 3606 933 3683 et
947 3602 1103 3685 corporalis
1112 3603 1241 3661 collectio
1252 3603 1381 3684 frugum

787 3678 815 3729 et
828 3673 864 3730 ad
884 3674 969 3742 hujus
984 3674 1200 3731 similitudinem
1222 3690 1324 3731 messis
1337 3674 1382 3729 in·

786 3743 941 3815 telligibilis
965 3748 993 3800 et
1007 3745 1162 3817 spiritualis
1181 3745 1284 3803 dicitur
1302 3759 1384 3801 voca·

786 3814 827 3871 tio
854 3820 883 3871 et
909 3814 1038 3873 collectio
1055 3817 1202 3874 hominum
1221 3818 1257 3874 ad
1283 3816 1383 3880 fldem.

785 3901 837 4014 qer
865 3900 949 3957 quam
976 3893 1186 3961 congregantur
1213 3888 1243 3946 in
1269 3885 1384 3945 Domini

806 3972 930 4014 orreum.
951 3957 1029 4015 Unde
1053 3959 1209 4033 sequitur:
1238 3963 1306 4016 Eece
1320 3959 1383 4015 dieo

785 4029 885 4085 velis:
907 4030 1007 4085 Lwate
1033 4034 1123 4088 oculos
1146 4037 1259 4097 vestros,
1275 4029 1384 4088 scilicet

786 4098 959 4172 spirituales,
974 4106 1000 4156 et
1014 4103 1104 4159 videte
1116 4107 1250 4173 repiones,
1266 4101 1304 4159 ad
1326 4101 1384 4158 iru-

785 4177 863 4229 ctum
884 4170 952 4228 ndei
977 4170 1139 4254 dispositas,
1164 4175 1310 4246 quiajam
1337 4173 1383 4254 ol·

787 4244 826 4302 lla
839 4248 915 4314 sunt,
947 4243 1054 4303 scilicet
1068 4247 1193 4305 candore
1221 4244 1385 4305 devotionis
