2880 4942
325 355 367 410 DE
393 354 503 411 SURDO
531 355 570 410 ΕΤ
596 356 685 411 utro
709 358 729 415 b
757 356 896 415 auduus
924 359 1105 417 iussisse.
1288 359 1336 417 tat

103 464 179 522 Beda
194 484 203 522 .·
219 482 233 518 o
251 463 358 523 Surdus
371 467 399 521 et
409 467 566 532 mutusest,
579 464 627 535 qul
640 479 691 521 nec
743 463 799 523 lira
812 482 866 525 sua
880 467 989 539 tangit3
1006 471 1096 538 sexto,
1111 465 1142 524 in
1156 464 1262 524 coelum
1277 481 1334 525 su·

102 551 188 595 aures
207 537 293 595 babet
312 535 446 596 audiendi
464 536 551 594 rerba
570 537 620 593 Dei
639 551 692 594 nce
743 552 757 594 s
778 536 844 610 icit;
858 539 990 612 septimo,
1006 539 1109 612 gemit3
1122 544 1233 609 octavo,
1245 538 1332 599 dicit:

102 624 135 667 os
160 610 252 683 aperit
271 624 322 682 pro
346 607 506 681 loquendo;
524 608 623 681 quales
639 624 692 665 ne·
767 611 1002 683 pipincensem
1027 628 1104 671 nono
1121 610 1253 669 infirmus
1304 627 1332 668 r-

102 696 183 739 cesse
199 685 251 748 est,
267 684 299 739 ut
313 679 342 737 bi
359 680 407 754 qui
432 679 511 762 loqui
523 680 629 754 jemet
645 696 692 738 au·
743 680 846 741 lectam
877 683 1027 743 sanitatem
1063 682 1180 757 recepit.
1211 684 1246 740 Et
1266 627 1336 741 boec

102 751 164 809 dire
190 752 287 810 diviua
314 752 429 826 eloquia
451 751 611 811 didicerunt
638 754 692 810 Do·
743 756 851 823 omnia,
868 754 944 814 circa
959 754 1140 814 sanationem
1155 755 1240 826 buJus
1253 753 1334 815 indr-

102 823 179 883 mino
204 824 358 884 salvandos
377 825 510 883 oticrent.
528 845 542 877 n
564 794 645 882 Unde
663 826 693 881 et
742 823 782 885 mi
806 831 887 898 gesta
907 824 1106 911 corporaliter,
1130 827 1282 898 explentur
1304 825 1336 885 iu

101 896 267 966 dreponns:
284 915 297 952 a
313 896 370 956 Sed
384 895 429 954 cui
444 912 529 955 aures
541 895 636 954 cordis
654 894 692 955 ad
742 896 902 960 minuens
920 898 1072 971 ciquslibet
1091 903 1222 958 nostrum
1250 895 1335 970 spiri·

101 968 293 1027 obediendum
313 973 420 1040 apertae
437 967 554 1037 luerint,
575 983 609 1025 ex
623 968 691 1026 sub·
741 968 868 1029 tualiter.
883 1000 918 1015 -
932 970 1040 1053 Primo,
1054 986 1123 1044 crgo
1141 970 1179 1030 ud
1199 969 1335 1028 salvatio·

101 1040 235 1110 sequenti
259 1039 356 1111 procul
381 1039 467 1096 dubio
482 1038 568 1097 etiam
586 1037 692 1111 lingum
742 1056 811 1099 nem
825 1041 984 1116 peccatoris
997 1041 1128 1114 exigitur,
1145 1048 1176 1100 ut
1191 1040 1334 1102 salvatori

102 1111 167 1183 ejus
185 1111 331 1168 vinculum
345 1109 474 1180 solvitur,
490 1115 522 1168 ut
535 1113 610 1168 boue
626 1127 691 1184 quas
742 1112 912 1184 adducatur,
932 1112 1008 1187 quod
1027 1113 1060 1170 lit
1079 1112 1207 1186 pluribus
1221 1112 1334 1173 modis:

104 1180 166 1255 ipse
189 1182 297 1246 lecerit,
319 1182 405 1241 eliam
422 1181 548 1239 facienda
568 1182 632 1241 aliis
646 1183 690 1239 lo·
743 1183 899 1257 aliquando
912 1184 1016 1243 virtute
1031 1183 1266 1258 praedicationis3
1282 1184 1336 1241 ali·

104 1259 218 1381 quatur.
237 1275 250 1305 i
269 1254 347 1311 Unde
363 1256 475 1311 etbene
487 1253 617 1313 subditur
632 1272 639 1312 :
655 1258 692 1313 Et
744 1257 856 1328 qeando
883 1256 1062 1329 correptione
1094 1254 1283 1326 infirmitatis,
1308 1258 1338 1313 et

115 1327 268 1396 oqncbctur
289 1332 369 1383 recte.
386 1326 435 1383 lllo
453 1325 530 1382 enlin
555 1331 631 1383 recte
651 1326 690 1383 lo·
743 1327 888 1400 praecipue
902 1344 966 1387 cum
980 1328 1145 1385 limeturne
1160 1326 1195 1384 sit
1209 1327 1248 1383 ad
1262 1342 1337 1385 mor·

103 1397 201 1468 quitur
216 1399 368 1455 Dominum
383 1399 557 1464 confitendo,
568 1398 611 1455 vel
626 1397 691 1455 aliis
744 1404 820 1469 tem;
836 1400 990 1472 aliquando
1007 1401 1060 1456 boc
1074 1400 1106 1456 lit
1121 1398 1250 1470 exemplo
1267 1398 1337 1456 alte·

102 1468 297 1540 praedicando,
314 1470 360 1540 qui
377 1468 455 1541 prius
471 1469 631 1526 obediendo
647 1470 690 1526 le·
742 1472 804 1527 rius
831 1470 918 1529 vitam
940 1470 1116 1544 praeteritam
1144 1469 1315 1541 corrigentis
1326 1487 1334 1539 ;
1371 1500 1373 1505 ·

102 1540 184 1608 ecrit,
205 1557 268 1611 quae
296 1540 437 1609 loquendo
466 1540 599 1596 admonet
627 1557 689 1599 esse
742 1541 897 1613 aliquando
917 1543 949 1599 tit
970 1545 1218 1614 eleemosynarum
1246 1541 1334 1614 largi-

101 1610 241 1668 iacieuda.
273 1611 397 1680 Quilibet
426 1611 512 1668 etiam
538 1616 688 1683 peccator,
741 1612 1008 1687 tionezaliquando
1028 1612 1244 1685 ductuproprie
1263 1630 1333 1671 coii-

100 1683 193 1754 quoad
207 1685 308 1752 Deum,
324 1683 427 1740 surdus
442 1689 496 1751 est,
513 1683 560 1755 qui
575 1684 690 1741 obturat
742 1683 878 1744 scientia.
894 1717 929 1728 -
948 1685 1088 1749 Secundo,
1103 1686 1233 1744 Salvator
1246 1700 1330 1756 roga·

100 1770 185 1812 aures
205 1771 272 1812 suas
298 1770 331 1811 nc
350 1754 448 1813 audiat
466 1756 556 1812 Deum
576 1754 629 1812 sibi
646 1755 687 1812 lo·
741 1762 798 1824 tur,
812 1772 878 1815 nam
905 1773 981 1830 saepe
1005 1757 1142 1829 precibus
1162 1757 1333 1816 Sanctorum

101 1831 246 1897 quantem,
277 1825 337 1884 sire
363 1843 415 1899 per
444 1826 688 1899 predicationem,
742 1827 819 1885 salus
842 1828 928 1888 alicui
952 1829 1137 1899 impetratur;
1155 1830 1230 1885 Deus
1256 1828 1334 1885 enim

100 1897 160 1955 sive
175 1915 225 1971 per
241 1898 427 1971 scripturam,
444 1897 504 1957 sive
520 1914 572 1981 per
585 1897 688 1956 iasiiu-
742 1898 802 1957 vult
819 1900 928 1983 rogari,
942 1901 1007 1957 licet
1027 1905 1126 1957 tamen
1142 1899 1212 1956 reltt
1226 1899 1331 1958 tacere.

99 1975 176 2027 ctum
186 1970 330 2029 internum
341 1989 348 2029 ι
358 1970 403 2029 his
411 1969 487 2027 enim
498 1972 589 2028 tribus
597 1970 689 2028 modis
744 2003 776 2012 —
787 1973 893 2040 Tertio,
905 1971 1037 2029 inllrmus
1049 1987 1067 2027 a
1078 1971 1161 2028 turba
1172 1975 1335 2042 sequestra·

101 2043 177 2099 Deus
202 2041 329 2115 loquitur
352 2042 446 2113 uobis,
466 2047 494 2100 et
520 2042 597 2100 surdi
622 2048 690 2100 sunt
742 2047 801 2114 tur,
826 2043 904 2126 quod
926 2043 968 2112 llt,
988 2058 1051 2100 cum
1075 2041 1214 2100 Dominus
1233 2057 1333 2112 quem-

102 2112 150 2186 qui
178 2130 243 2170 cuin
269 2131 326 2170 nori
347 2113 477 2171 audiunt.
502 2114 574 2172 Sunt
601 2114 689 2172 etiam
742 2113 812 2171 libet
832 2114 951 2187 impium
965 2113 1125 2187 justificans
1141 2113 1177 2171 de
1198 2113 1335 2173 societate

101 2185 183 2253 muti,
202 2185 249 2258 qui
275 2188 333 2243 lieo
354 2202 407 2259 per
433 2185 522 2243 multa
548 2185 690 2245 beneficia
742 2187 817 2244 male
832 2185 987 2244 viventium
1002 2184 1113 2256 dividit,
1128 2185 1172 2242 vel
1187 2200 1334 2242 acousue-

101 2273 151 2315 eos
176 2257 212 2315 ad
237 2273 268 2314 se
292 2258 413 2327 vocanti,
429 2274 487 2315 uon
514 2258 690 2341 respondent
742 2257 877 2339 tismalis
894 2257 1022 2316 moribus
1037 2261 1136 2315 evocat
1154 2263 1183 2315 et
1202 2256 1332 2326 retrahit,

100 2328 688 2402 peigratiarumactionemetdebitamre
742 2345 819 2401 quia,
841 2330 1000 2388 seeundum
1025 2331 1231 2399 Hieronymum,
1252 2344 1333 2386 seor·

100 2400 303 2473 cognitionem.
324 2402 465 2470 Quantum
482 2401 518 2459 ad
537 2407 690 2474 utrumque
742 2417 805 2458 suin
829 2418 973 2474 sempera
989 2400 1159 2460 turbulentis
1182 2399 1334 2472 cogitatio-

99 2472 242 2531 del'ectum
265 2472 449 2546 conqueritur
471 2472 608 2530 Dominus
638 2489 689 2549 per
743 2472 837 2542 nibus,
853 2480 882 2530 ct
902 2473 1014 2531 actibus
1033 2471 1206 2530 inordinatis
1222 2487 1331 2530 sermo·

100 2543 214 2616 lsaiaui,
229 2544 327 2603 dicens
342 2561 349 2602 :
365 2547 484 2603 Locutus
497 2560 568 2607 suu.
584 2543 688 2617 iuquit,
743 2543 884 2617 nibusque
894 2544 1101 2616 incompositis,
1113 2543 1194 2616 quasi
1204 2544 1333 2602 deturba

100 2623 125 2674 et
138 2634 193 2674 non
208 2618 373 2688 audierunt;
393 2619 500 2687 uocaui,
518 2625 544 2673 et
557 2633 612 2674 non
630 2622 690 2674 nat
742 2616 872 2674 educitur
886 2617 933 2690 qui
949 2619 1043 2675 sanari
1060 2623 1196 2673 meretur.
1215 2617 1266 2673 llic
1280 2615 1332 2672 de·

100 2692 151 2772 qui
176 2689 360 2761 responderet.
386 2688 494 2746 Surdus
529 2687 618 2760 igitur
645 2694 689 2746 est
742 2694 790 2745 tur
816 2687 1250 2761 documentumpoenitentibus‚
1266 2687 1333 2744 abs-

99 2760 278 2824 inobcdiens,
299 2765 328 2817 et
347 2766 442 2817 mutus
458 2760 556 2818 laudes
577 2759 689 2817 debitas
743 2760 876 2818 trahendi
898 2777 928 2819 se
952 2777 970 2818 a
998 2759 1092 2833 pravis
1120 2759 1333 2817 mundanorum

99 2832 150 2889 Del
167 2832 312 2903 omittens,
323 2836 352 2888 et
365 2848 418 2888 nce
431 2847 527 2901 aures,
540 2848 591 2889 nec
605 2849 636 2891 os
651 2833 688 2891 ad
741 2832 890 2891 bominum
906 2832 1099 2891 societatibus.
1113 2831 1178 2897 Sed,
1194 2834 1260 2903 quia
1274 2847 1333 2889 non

100 2903 152 2962 Dei
172 2905 259 2962 acrba
273 2903 416 2961 audienda
429 2912 457 2961 et
473 2902 688 2987 pronuntianda
741 2920 841 2964 omues
855 2905 905 2977 qui
918 2904 1173 2979 perpoenitentiam
1185 2905 1333 2963 adducun-

100 2975 250 3048 aperiens;
267 2975 316 3034 sed
328 2981 402 3033 tactu
418 2976 519 3034 Cbristi
535 2982 688 3049 utrumque
742 2982 787 3035 tur
802 2977 951 3049 educam,
967 2982 1087 3051 possunt
1099 2993 1130 3036 se
1143 2993 1174 3036 se
1184 2991 1334 3050 gregareu

99 3047 209 3105 tollitur
221 3046 465 3119 impedimentum,
479 3048 687 3132 quoniameum
741 3050 834 3108 turbis
850 3051 916 3121 iuga
927 3051 1079 3123 corporali,
1096 3050 1197 3108 saltem
1213 3051 1268 3107 hoc
1283 3048 1332 3105 de·

101 3119 231 3177 Chi-istus
248 3136 298 3176 sua
313 3118 405 3192 gratie
420 3126 511 3192 tangit
525 3137 574 3177 cor
594 3120 687 3177 bomi·
742 3122 811 3178 bent
833 3122 926 3177 tacere
946 3121 1138 3179 abstractione
1159 3119 1289 3187 mentali,
1304 3121 1334 3174 et

101 3191 157 3257 nis,
172 3191 204 3250 tlt
217 3191 361 3248 buiriiliter
376 3191 523 3258 obediens,
540 3196 569 3246 et
587 3190 688 3245 devote
743 3190 848 3247 sulilcit
862 3191 900 3245 ad
914 3191 1045 3247 salutem.
1061 3220 1095 3233 -
1109 3192 1225 3257 Quarto,
1238 3190 1334 3246 Salva-

102 3265 190 3319 Deum
215 3263 350 3333 laudnns;
369 3263 433 3317 talis
453 3277 519 3316 vero
538 3259 689 3315 adducitur
743 3264 789 3314 tor
804 3258 909 3328 digitos
928 3276 995 3316 suos
1017 3261 1047 3315 lu
1069 3260 1214 3315 auriculas
1233 3273 1332 3329 pecca-

103 3340 132 3392 et
147 3341 264 3391 sanatur
279 3334 306 3391 iii
327 3331 483 3406 provincia,
497 3329 544 3387 ubl
565 3335 630 3386 sunt
643 3329 690 3385 de·
744 3328 814 3384 toris
845 3327 946 3396 mittit;
969 3329 1044 3400 quod
1065 3332 1097 3383 lit
1120 3329 1235 3399 quando
1260 3332 1334 3383 lteus

102 3423 164 3465 cem
182 3409 267 3464 urbes
293 3405 466 3473 De.z÷ilogum
484 3400 688 3471 significantes.
744 3397 1004 3479 considerationem
1019 3406 1201 3479 peccatorum
1216 3413 1334 3455 suorum

137 3484 154 3547 4
182 3480 302 3536 Seniani
331 3491 501 3535 rscciionsii
532 3487 630 3527 sonus.
659 3500 690 3509 -
744 3486 769 3526 ci
794 3474 931 3535 immittit,
953 3474 982 3524 ut
999 3470 1078 3540 quasi
1100 3485 1198 3526 omina
1216 3473 1334 3540 peccatu

101 3549 229 3620 Qualiter
250 3556 344 3608 autem
369 3550 500 3620 peccator
517 3542 553 3599 de
569 3549 691 3613 utroque
744 3556 795 3598 sua
813 3540 842 3596 in
862 3540 948 3596 corde
967 3556 1020 3596 suo
1042 3540 1131 3612 digito
1154 3540 1204 3598 Dei
1228 3539 1334 3612 scripta

100 3622 224 3690 delectu,
243 3637 294 3694 per
307 3619 432 3677 divinam
448 3614 627 3673 clementiam
642 3629 689 3670 cu·
744 3612 848 3669 videat.
863 3609 1024 3680 -Quinto,
1037 3613 1167 3669 Salvator
1181 3611 1334 3669 salivasua

100 3693 159 3751 rari
175 3694 289 3760 debeat,
305 3706 455 3765 processus
468 3686 625 3745 sanationis
641 3687 692 3742 bu·
743 3685 871 3757 linguam
891 3681 1015 3763 bominis
1030 3682 1132 3754 tangit,
1151 3700 1216 3741 curn
1242 3683 1334 3755 ipsum

96 3766 147 3837 jus
176 3764 284 3822 iiiliririi
312 3761 490 3831 declarat,iu
515 3775 570 3833 quo
595 3761 691 3831 plures
745 3757 780 3813 ad
810 3755 1018 3811 contessionem
1046 3754 1171 3812 instruit.
1196 3759 1229 3813 Et
1257 3760 1334 3811 rccte

100 3842 277 3895 concurrunt
295 3832 517 3892 circumstantie
543 3830 692 3903 signanter
744 3826 939 3900 cognitionem
962 3826 1090 3883 veritatis
1110 3826 1201 3909 digito
1214 3826 1263 3884 liei
1283 3841 1335 3911 per

101 3909 307 3967 attendendae:
342 3907 413 3964 ririio
423 3905 500 3963 cuim
515 3904 645 3961 infirmus
655 3901 692 3958 ad
744 3917 831 3959 aures
845 3899 1003 3957 immissam
1022 3899 1107 3955 debet
1122 3915 1203 3971 sequi
1218 3900 1335 3954 contes-

103 3982 280 4038 Salvatoreni
295 3925 463 4047 adducitum
479 3975 614 4042 secundo,
630 3973 691 4030 Sal·
746 3975 798 4040 sio,
815 3988 878 4044 quae
891 3988 942 4045 per
957 3977 1062 4053 tactum
1074 3970 1179 4041 linguae
1191 3967 1336 4052 siguifica-

102 4058 186 4110 aator
200 4070 252 4126 pro
269 4052 345 4109 illius
366 4048 538 4107 salutatione
559 4052 690 4116 rogatum
745 4052 800 4103 tur.
816 4047 865 4101 Est
876 4052 971 4102 autem
993 4044 1094 4114 triplex
1111 4042 1263 4123 confessio,
1280 4057 1335 4120 sci·

103 4122 540 4183 teitloiullrmuseSalvatore
563 4134 692 4189 compre·
747 4117 812 4173 licet
835 4135 842 4173 :
866 4123 1057 4189 pcccatorum,
1085 4114 1151 4169 fidel
1184 4117 1212 4194 et
1243 4112 1336 4168 laudis

103 4197 249 4263 heriditiir,
274 4202 302 4251 et
329 4211 346 4250 a
374 4196 457 4250 turba
485 4208 571 4263 seque
587 4197 691 4258 tratur;
746 4188 860 4245 divinae.
876 4221 911 4230 —
926 4192 1019 4255 seito,
1036 4186 1165 4243 Salvator
1184 4201 1212 4239 iu
1233 4184 1336 4241 coslum

105 4276 217 4341 quarto.
235 4272 364 4326 Salvator
383 4265 487 4337 digitos
508 4265 536 4320 iu
551 4265 693 4320 auriculas
746 4260 872 4332 suspicit,
889 4260 993 4316 docens
1010 4274 1060 4329 per
1084 4259 1136 4313 lior
1156 4262 1335 4337 peccatorem

105 4341 168 4414 ejus
183 4339 286 4412 mittit,
303 4337 412 4415 quinto,
427 4337 554 4415 linguam
571 4336 632 4409 ejus
647 4349 693 4392 sa·
747 4348 914 4390 conversum
928 4331 1025 4389 oculos
1038 4327 1205 4389 intentionis
1216 4333 1246 4384 et
1258 4327 1334 4385 desi·
