<?xml version="1.0" encoding="UTF-8"?>
<!DOCTYPE html PUBLIC "-//W3C//DTD XHTML 1.0 Transitional//EN"
    "http://www.w3.org/TR/xhtml1/DTD/xhtml1-transitional.dtd">
<html xmlns="http://www.w3.org/1999/xhtml" xml:lang="en" lang="en">
 <head>
  <title>
</title>
<meta http-equiv="Content-Type" content="text/html;charset=utf-8" />
  <meta name='ocr-system' content='tesseract 3.04.00' />
  <meta name='ocr-capabilities' content='ocr_page ocr_carea ocr_par ocr_line ocrx_word'/>
</head>
<body>
  <div class='ocr_page' id='page_1' title='image "./vitajesuchristi00ludogoog_0086.png"; bbox 0 0 2880 4942; ppageno 0'>
   <div class='ocr_carea' id='block_1_1' title="bbox 237 362 1191 422">
    <p class='ocr_par' dir='ltr' id='par_1_1' title="bbox 237 362 1191 422">
     <span class='ocr_line' id='line_1_1' title="bbox 237 362 1191 422; baseline 0.006 -6"><span class='ocrx_word' id='word_1_1' title='bbox 237 363 276 416; x_wconf 80' lang='lat' dir='ltr'>btt</span> <span class='ocrx_word' id='word_1_2' title='bbox 304 362 427 422; x_wconf 81' lang='lat' dir='ltr'>OUAEST.</span> <span class='ocrx_word' id='word_1_3' title='bbox 455 363 592 417; x_wconf 80' lang='lat' dir='ltr'>tutntts</span> <span class='ocrx_word' id='word_1_4' title='bbox 620 363 715 418; x_wconf 79' lang='lat' dir='ltr'>BlPT.</span> <span class='ocrx_word' id='word_1_5' title='bbox 743 364 761 416; x_wconf 79' lang='lat' dir='ltr'>l</span> <span class='ocrx_word' id='word_1_6' title='bbox 789 362 933 418; x_wconf 82' lang='lat' dir='ltr'>cttntsm</span> <span class='ocrx_word' id='word_1_7' title='bbox 960 366 1191 422; x_wconf 70' lang='lat' dir='ltr'>constabunt.</span> 
     </span>
    </p>
   </div>
   <div class='ocr_carea' id='block_1_2' title="bbox 86 466 1324 2469">
    <p class='ocr_par' dir='ltr' id='par_1_2' title="bbox 86 466 1324 2469">
     <span class='ocr_line' id='line_1_2' title="bbox 86 466 1319 597; baseline 0.004 -65"><span class='ocrx_word' id='word_1_8' title='bbox 86 470 257 544; x_wconf 86' lang='lat' dir='ltr'>depurando</span> <span class='ocrx_word' id='word_1_9' title='bbox 274 474 399 524; x_wconf 89' lang='lat' dir='ltr'>mentem</span> <span class='ocrx_word' id='word_1_10' title='bbox 411 466 576 548; x_wconf 80' lang='lat' dir='ltr'>omnimodo</span> <span class='ocrx_word' id='word_1_11' title='bbox 587 484 605 524; x_wconf 91' lang='lat' dir='ltr'>a</span> <span class='ocrx_word' id='word_1_12' title='bbox 617 468 675 524; x_wconf 89' lang='lat' dir='ltr'>cul·</span> <span class='ocrx_word' id='word_1_13' title='bbox 699 471 703 597; x_wconf 67' lang='grc' dir='ltr'>ι</span> <span class='ocrx_word' id='word_1_14' title='bbox 733 469 1319 548; x_wconf 84' lang='lat' dir='ltr'>tendebantur,quialoannesinoperibus</span> 
     </span>
     <span class='ocr_line' id='line_1_3' title="bbox 87 539 1320 620; baseline 0.007 -20"><span class='ocrx_word' id='word_1_15' title='bbox 87 543 232 620; x_wconf 78' lang='lat' dir='ltr'>pabilibus</span> <span class='ocrx_word' id='word_1_16' title='bbox 259 539 674 620; x_wconf 28' lang='lat' dir='ltr'>detortibns&#39;quibuscumque</span> <span class='ocrx_word' id='word_1_17' title='bbox 700 604 703 611; x_wconf 27' lang='lat'>¹</span> <span class='ocrx_word' id='word_1_18' title='bbox 733 542 826 611; x_wconf 88' lang='lat' dir='ltr'>major</span> <span class='ocrx_word' id='word_1_19' title='bbox 837 542 972 598; x_wconf 78' lang='lat' dir='ltr'>clarebat.</span> <span class='ocrx_word' id='word_1_20' title='bbox 988 544 1072 610; x_wconf 82' lang='lat' dir='ltr'>Quasi</span> <span class='ocrx_word' id='word_1_21' title='bbox 1087 545 1260 606; x_wconf 89' lang='lat' dir='ltr'>eisdiceret:</span> <span class='ocrx_word' id='word_1_22' title='bbox 1276 552 1320 609; x_wconf 88' lang='lat' dir='ltr'>Vi·</span> 
     </span>
     <span class='ocr_line' id='line_1_4' title="bbox 91 611 1319 691; baseline 0.006 -21"><span class='ocrx_word' id='word_1_23' title='bbox 91 649 123 658; x_wconf 96' lang='lat'>-</span> <span class='ocrx_word' id='word_1_24' title='bbox 139 614 261 684; x_wconf 84' lang='lat' dir='ltr'>Quidam</span> <span class='ocrx_word' id='word_1_25' title='bbox 276 617 342 667; x_wconf 93' lang='lat' dir='ltr'>sunt</span> <span class='ocrx_word' id='word_1_26' title='bbox 356 611 435 691; x_wconf 78' lang='lat' dir='ltr'>surdi</span> <span class='ocrx_word' id='word_1_27' title='bbox 452 627 502 680; x_wconf 92' lang='lat' dir='ltr'>per</span> <span class='ocrx_word' id='word_1_28' title='bbox 513 612 608 668; x_wconf 83' lang='lat' dir='ltr'>cordis</span> <span class='ocrx_word' id='word_1_29' title='bbox 624 611 676 667; x_wconf 91' lang='lat' dir='ltr'>du·</span> <span class='ocrx_word' id='word_1_30' title='bbox 733 614 798 669; x_wconf 90' lang='lat' dir='ltr'>dete</span> <span class='ocrx_word' id='word_1_31' title='bbox 815 630 849 668; x_wconf 89' lang='lat' dir='ltr'>ne</span> <span class='ocrx_word' id='word_1_32' title='bbox 870 614 1100 672; x_wconf 83' lang='lat' dir='ltr'>scandalizemini</span> <span class='ocrx_word' id='word_1_33' title='bbox 1116 618 1144 673; x_wconf 95' lang='lat' dir='ltr'>in</span> <span class='ocrx_word' id='word_1_34' title='bbox 1160 635 1215 683; x_wconf 80' lang='lat' dir='ltr'>nte,</span> <span class='ocrx_word' id='word_1_35' title='bbox 1230 628 1259 677; x_wconf 90' lang='lat' dir='ltr'>et</span> <span class='ocrx_word' id='word_1_36' title='bbox 1282 641 1319 681; x_wconf 85' lang='lat' dir='ltr'>no</span> 
     </span>
     <span class='ocr_line' id='line_1_5' title="bbox 88 682 1244 755; baseline 0.001 -9"><span class='ocrx_word' id='word_1_37' title='bbox 88 688 185 746; x_wconf 78' lang='lat' dir='ltr'>titiam</span> <span class='ocrx_word' id='word_1_38' title='bbox 206 690 235 742; x_wconf 92' lang='lat' dir='ltr'>et</span> <span class='ocrx_word' id='word_1_39' title='bbox 258 682 537 749; x_wconf 83' lang='lat' dir='ltr'>immisericordiam,</span> <span class='ocrx_word' id='word_1_40' title='bbox 558 682 617 739; x_wconf 85' lang='lat' dir='ltr'>sive</span> <span class='ocrx_word' id='word_1_41' title='bbox 639 682 676 739; x_wconf 89' lang='lat' dir='ltr'>ad</span> <span class='ocrx_word' id='word_1_42' title='bbox 701 742 704 755; x_wconf 67' lang='grc'>,</span> <span class='ocrx_word' id='word_1_43' title='bbox 732 684 763 741; x_wconf 92' lang='lat' dir='ltr'>in</span> <span class='ocrx_word' id='word_1_44' title='bbox 778 683 873 755; x_wconf 80' lang='lat' dir='ltr'>aliquo</span> <span class='ocrx_word' id='word_1_45' title='bbox 886 686 921 741; x_wconf 91' lang='lat' dir='ltr'>de</span> <span class='ocrx_word' id='word_1_46' title='bbox 937 702 982 742; x_wconf 93' lang='lat' dir='ltr'>me</span> <span class='ocrx_word' id='word_1_47' title='bbox 999 687 1093 744; x_wconf 90' lang='lat' dir='ltr'>miuus</span> <span class='ocrx_word' id='word_1_48' title='bbox 1106 690 1244 748; x_wconf 89' lang='lat' dir='ltr'>sentiatis.</span> 
     </span>
     <span class='ocr_line' id='line_1_6' title="bbox 90 754 1317 835; baseline 0.002 -18"><span class='ocrx_word' id='word_1_49' title='bbox 90 755 305 833; x_wconf 78' lang='lat' dir='ltr'>praedicationis</span> <span class='ocrx_word' id='word_1_50' title='bbox 323 770 430 820; x_wconf 90' lang='lat' dir='ltr'>vocem,</span> <span class='ocrx_word' id='word_1_51' title='bbox 445 754 504 835; x_wconf 24' lang='lat' dir='ltr'>siste</span> <span class='ocrx_word' id='word_1_52' title='bbox 518 755 554 810; x_wconf 92' lang='lat' dir='ltr'>ad</span> <span class='ocrx_word' id='word_1_53' title='bbox 569 770 676 825; x_wconf 90' lang='lat' dir='ltr'>paupe·</span> <span class='ocrx_word' id='word_1_54' title='bbox 701 764 703 769; x_wconf 87' lang='lat'>&#39;</span> <span class='ocrx_word' id='word_1_55' title='bbox 769 762 784 812; x_wconf 82' lang='lat'><strong>5</strong></span> <span class='ocrx_word' id='word_1_56' title='bbox 803 757 859 813; x_wconf 86' lang='lat' dir='ltr'>Cun</span> <span class='ocrx_word' id='word_1_57' title='bbox 875 759 997 814; x_wconf 79' lang='lat' dir='ltr'>[loursus</span> <span class='ocrx_word' id='word_1_58' title='bbox 1012 761 1138 816; x_wconf 68' lang='lat' dir='ltr'>luanus-u</span> <span class='ocrx_word' id='word_1_59' title='bbox 1158 780 1317 822; x_wconf 71' lang='lat' dir='ltr'>conuersus-</span> 
     </span>
     <span class='ocr_line' id='line_1_7' title="bbox 89 826 1318 895; baseline 0.005 -7"><span class='ocrx_word' id='word_1_60' title='bbox 89 847 153 888; x_wconf 90' lang='lat' dir='ltr'>rum</span> <span class='ocrx_word' id='word_1_61' title='bbox 173 830 328 886; x_wconf 91' lang='lat' dir='ltr'>clamorem</span> <span class='ocrx_word' id='word_1_62' title='bbox 350 842 357 881; x_wconf 90' lang='lat'>:</span> <span class='ocrx_word' id='word_1_63' title='bbox 379 843 450 895; x_wconf 78' lang='lat' dir='ltr'>quos</span> <span class='ocrx_word' id='word_1_64' title='bbox 472 827 574 882; x_wconf 82' lang='lat' dir='ltr'>liberat</span> <span class='ocrx_word' id='word_1_65' title='bbox 596 826 676 882; x_wconf 85' lang='lat' dir='ltr'>Chri·</span> <span class='ocrx_word' id='word_1_66' title='bbox 733 846 822 895; x_wconf 81' lang='lat' dir='ltr'>venir,</span> <span class='ocrx_word' id='word_1_67' title='bbox 850 847 882 883; x_wconf 86' lang='lat' dir='ltr'>nr</span> <span class='ocrx_word' id='word_1_68' title='bbox 911 847 939 884; x_wconf 81' lang='lat' dir='ltr'>nr</span> <span class='ocrx_word' id='word_1_69' title='bbox 969 848 1100 888; x_wconf 69' lang='lat' dir='ltr'>assensn</span> <span class='ocrx_word' id='word_1_70' title='bbox 1123 851 1318 894; x_wconf 78' lang='lat' dir='ltr'>urscrrunoauu</span> 
     </span>
     <span class='ocr_line' id='line_1_8' title="bbox 90 897 1317 965; baseline 0.002 -5"><span class='ocrx_word' id='word_1_71' title='bbox 90 907 136 965; x_wconf 81' lang='lat' dir='ltr'>tus</span> <span class='ocrx_word' id='word_1_72' title='bbox 151 899 315 958; x_wconf 84' lang='lat' dir='ltr'>inclinando</span> <span class='ocrx_word' id='word_1_73' title='bbox 339 904 463 952; x_wconf 89' lang='lat' dir='ltr'>mentem</span> <span class='ocrx_word' id='word_1_74' title='bbox 481 898 517 954; x_wconf 91' lang='lat' dir='ltr'>ad</span> <span class='ocrx_word' id='word_1_75' title='bbox 536 897 613 954; x_wconf 86' lang='lat' dir='ltr'>verbi</span> <span class='ocrx_word' id='word_1_76' title='bbox 627 897 677 954; x_wconf 86' lang='lat' dir='ltr'>Dei</span> <span class='ocrx_word' id='word_1_77' title='bbox 702 918 704 941; x_wconf 77' lang='lat'><em>÷</em></span> <span class='ocrx_word' id='word_1_78' title='bbox 734 901 865 957; x_wconf 78' lang='lat' dir='ltr'>musl-</span> <span class='ocrx_word' id='word_1_79' title='bbox 881 900 958 958; x_wconf 84' lang='lat' dir='ltr'>Sicut</span> <span class='ocrx_word' id='word_1_80' title='bbox 980 908 1075 958; x_wconf 88' lang='lat' dir='ltr'>antem</span> <span class='ocrx_word' id='word_1_81' title='bbox 1095 905 1259 962; x_wconf 85' lang='lat' dir='ltr'>Praecursor</span> <span class='ocrx_word' id='word_1_82' title='bbox 1273 911 1317 965; x_wconf 93' lang='lat' dir='ltr'>in-</span> 
     </span>
     <span class='ocr_line' id='line_1_9' title="bbox 91 968 1319 1050; baseline 0.002 -17"><span class='ocrx_word' id='word_1_83' title='bbox 91 980 119 1033; x_wconf 78' lang='lat' dir='ltr'>at</span> <span class='ocrx_word' id='word_1_84' title='bbox 137 986 296 1046; x_wconf 83' lang='lat' dir='ltr'>pauperum</span> <span class='ocrx_word' id='word_1_85' title='bbox 315 969 540 1050; x_wconf 83' lang='lat' dir='ltr'>obauditionem.</span> <span class='ocrx_word' id='word_1_86' title='bbox 556 1000 592 1012; x_wconf 89' lang='lat'>—</span> <span class='ocrx_word' id='word_1_87' title='bbox 610 968 677 1036; x_wconf 85' lang='lat' dir='ltr'>Qui·</span> <span class='ocrx_word' id='word_1_88' title='bbox 702 976 704 1021; x_wconf 91' lang='lat' dir='ltr'>t</span> <span class='ocrx_word' id='word_1_89' title='bbox 733 973 868 1028; x_wconf 89' lang='lat' dir='ltr'>tendebat</span> <span class='ocrx_word' id='word_1_90' title='bbox 888 988 1054 1030; x_wconf 88' lang='lat' dir='ltr'>amoverea</span> <span class='ocrx_word' id='word_1_91' title='bbox 1079 974 1224 1047; x_wconf 75' lang='lat' dir='ltr'>discipulis</span> <span class='ocrx_word' id='word_1_92' title='bbox 1237 979 1319 1037; x_wconf 91' lang='lat' dir='ltr'>dnbi-</span> 
     </span>
     <span class='ocr_line' id='line_1_10' title="bbox 89 1041 1317 1121; baseline 0.005 -21"><span class='ocrx_word' id='word_1_93' title='bbox 89 1045 158 1105; x_wconf 79' lang='lat' dir='ltr'>dam</span> <span class='ocrx_word' id='word_1_94' title='bbox 173 1050 241 1101; x_wconf 90' lang='lat' dir='ltr'>sunt</span> <span class='ocrx_word' id='word_1_95' title='bbox 251 1047 352 1099; x_wconf 81' lang='lat' dir='ltr'>mortui</span> <span class='ocrx_word' id='word_1_96' title='bbox 369 1047 536 1111; x_wconf 82' lang='lat' dir='ltr'>perpeccatr</span> <span class='ocrx_word' id='word_1_97' title='bbox 548 1041 677 1121; x_wconf 83' lang='lat' dir='ltr'>mortalis</span> <span class='ocrx_word' id='word_1_98' title='bbox 733 1043 870 1100; x_wconf 88' lang='lat' dir='ltr'>tationem</span> <span class='ocrx_word' id='word_1_99' title='bbox 898 1045 933 1100; x_wconf 94' lang='lat' dir='ltr'>de</span> <span class='ocrx_word' id='word_1_100' title='bbox 959 1045 1082 1115; x_wconf 89' lang='lat' dir='ltr'>Christo,</span> <span class='ocrx_word' id='word_1_101' title='bbox 1109 1046 1150 1102; x_wconf 90' lang='lat' dir='ltr'>sic</span> <span class='ocrx_word' id='word_1_102' title='bbox 1178 1050 1317 1120; x_wconf 72' lang='lat' dir='ltr'>Salvator,</span> 
     </span>
     <span class='ocr_line' id='line_1_11' title="bbox 91 1112 1317 1190; baseline 0.002 -16"><span class='ocrx_word' id='word_1_103' title='bbox 91 1115 313 1174; x_wconf 80' lang='lat' dir='ltr'>obstinationem</span> <span class='ocrx_word' id='word_1_104' title='bbox 331 1129 422 1182; x_wconf 80' lang='lat' dir='ltr'>:quos</span> <span class='ocrx_word' id='word_1_105' title='bbox 438 1112 538 1168; x_wconf 91' lang='lat' dir='ltr'>liberat</span> <span class='ocrx_word' id='word_1_106' title='bbox 551 1112 678 1168; x_wconf 82' lang='lat' dir='ltr'>Christus</span> <span class='ocrx_word' id='word_1_107' title='bbox 703 1116 705 1187; x_wconf 67' lang='grc' dir='ltr'>ζ</span> <span class='ocrx_word' id='word_1_108' title='bbox 734 1114 794 1170; x_wconf 84' lang='lat' dir='ltr'>vice</span> <span class='ocrx_word' id='word_1_109' title='bbox 818 1131 909 1183; x_wconf 81' lang='lat' dir='ltr'>versa,</span> <span class='ocrx_word' id='word_1_110' title='bbox 927 1131 945 1170; x_wconf 91' lang='lat' dir='ltr'>a</span> <span class='ocrx_word' id='word_1_111' title='bbox 962 1116 1053 1172; x_wconf 92' lang='lat' dir='ltr'>turbis</span> <span class='ocrx_word' id='word_1_112' title='bbox 1070 1118 1106 1173; x_wconf 90' lang='lat' dir='ltr'>de</span> <span class='ocrx_word' id='word_1_113' title='bbox 1124 1120 1317 1190; x_wconf 79' lang='lat' dir='ltr'>Praecursore3</span> 
     </span>
     <span class='ocr_line' id='line_1_12' title="bbox 91 1184 1318 1259; baseline 0.005 -16"><span class='ocrx_word' id='word_1_114' title='bbox 91 1185 263 1243; x_wconf 78' lang='lat' dir='ltr'>vivificando</span> <span class='ocrx_word' id='word_1_115' title='bbox 278 1189 306 1239; x_wconf 91' lang='lat' dir='ltr'>et</span> <span class='ocrx_word' id='word_1_116' title='bbox 321 1184 486 1239; x_wconf 84' lang='lat' dir='ltr'>renovando</span> <span class='ocrx_word' id='word_1_117' title='bbox 512 1188 634 1239; x_wconf 92' lang='lat' dir='ltr'>mentem</span> <span class='ocrx_word' id='word_1_118' title='bbox 650 1188 679 1239; x_wconf 92' lang='lat' dir='ltr'>et</span> <span class='ocrx_word' id='word_1_119' title='bbox 704 1192 706 1238; x_wconf 93' lang='lat' dir='ltr'>l</span> <span class='ocrx_word' id='word_1_120' title='bbox 735 1186 936 1242; x_wconf 90' lang='lat' dir='ltr'>commendans</span> <span class='ocrx_word' id='word_1_121' title='bbox 960 1203 1025 1242; x_wconf 91' lang='lat' dir='ltr'>eum</span> <span class='ocrx_word' id='word_1_122' title='bbox 1045 1189 1235 1259; x_wconf 91' lang='lat' dir='ltr'>multipliciter</span> <span class='ocrx_word' id='word_1_123' title='bbox 1259 1200 1318 1249; x_wconf 92' lang='lat' dir='ltr'>tur-</span> 
     </span>
     <span class='ocr_line' id='line_1_13' title="bbox 93 1250 1319 1335; baseline 0.003 -20"><span class='ocrx_word' id='word_1_124' title='bbox 93 1254 425 1335; x_wconf 81' lang='lat' dir='ltr'>bomineminteriorem.</span> <span class='ocrx_word' id='word_1_125' title='bbox 441 1254 599 1335; x_wconf 82' lang='lat' dir='ltr'>-Quidam</span> <span class='ocrx_word' id='word_1_126' title='bbox 613 1258 679 1311; x_wconf 88' lang='lat' dir='ltr'>suut</span> <span class='ocrx_word' id='word_1_127' title='bbox 704 1250 706 1313; x_wconf 85' lang='lat' dir='ltr'>l</span> <span class='ocrx_word' id='word_1_128' title='bbox 735 1256 789 1324; x_wconf 89' lang='lat' dir='ltr'>bis,</span> <span class='ocrx_word' id='word_1_129' title='bbox 805 1273 868 1327; x_wconf 80' lang='lat' dir='ltr'>quae</span> <span class='ocrx_word' id='word_1_130' title='bbox 895 1257 1062 1313; x_wconf 86' lang='lat' dir='ltr'>nesciebant</span> <span class='ocrx_word' id='word_1_131' title='bbox 1084 1261 1250 1330; x_wconf 77' lang='lat' dir='ltr'>mysterium</span> <span class='ocrx_word' id='word_1_132' title='bbox 1277 1279 1319 1319; x_wconf 89' lang='lat' dir='ltr'>se·</span> 
     </span>
     <span class='ocr_line' id='line_1_14' title="bbox 94 1326 1318 1404; baseline 0.002 -17"><span class='ocrx_word' id='word_1_133' title='bbox 94 1344 236 1402; x_wconf 87' lang='lat' dir='ltr'>pauperes</span> <span class='ocrx_word' id='word_1_134' title='bbox 250 1343 267 1383; x_wconf 95' lang='lat' dir='ltr'>a</span> <span class='ocrx_word' id='word_1_135' title='bbox 282 1326 446 1382; x_wconf 68' lang='lat' dir='ltr'>coelestibus</span> <span class='ocrx_word' id='word_1_136' title='bbox 460 1326 559 1395; x_wconf 84' lang='lat' dir='ltr'>gratiis</span> <span class='ocrx_word' id='word_1_137' title='bbox 579 1331 607 1381; x_wconf 91' lang='lat' dir='ltr'>et</span> <span class='ocrx_word' id='word_1_138' title='bbox 622 1326 678 1381; x_wconf 87' lang='lat' dir='ltr'>vir·</span> <span class='ocrx_word' id='word_1_139' title='bbox 705 1348 707 1383; x_wconf 84' lang='grc' dir='ltr'>ι</span> <span class='ocrx_word' id='word_1_140' title='bbox 736 1333 857 1394; x_wconf 88' lang='lat' dir='ltr'>cretum,</span> <span class='ocrx_word' id='word_1_141' title='bbox 874 1344 924 1385; x_wconf 90' lang='lat' dir='ltr'>seu</span> <span class='ocrx_word' id='word_1_142' title='bbox 944 1344 1058 1385; x_wconf 86' lang='lat' dir='ltr'>causam</span> <span class='ocrx_word' id='word_1_143' title='bbox 1078 1329 1318 1404; x_wconf 77' lang='lat' dir='ltr'>interrogationis,</span> 
     </span>
     <span class='ocr_line' id='line_1_15' title="bbox 92 1397 1319 1471; baseline 0.003 -14"><span class='ocrx_word' id='word_1_144' title='bbox 92 1402 202 1458; x_wconf 83' lang='lat' dir='ltr'>tutibus</span> <span class='ocrx_word' id='word_1_145' title='bbox 216 1397 281 1455; x_wconf 92' lang='lat' dir='ltr'>nudi</span> <span class='ocrx_word' id='word_1_146' title='bbox 299 1403 327 1454; x_wconf 92' lang='lat' dir='ltr'>et</span> <span class='ocrx_word' id='word_1_147' title='bbox 342 1397 536 1467; x_wconf 80' lang='lat' dir='ltr'>miseri2quos</span> <span class='ocrx_word' id='word_1_148' title='bbox 550 1397 678 1454; x_wconf 86' lang='lat' dir='ltr'>Christus</span> <span class='ocrx_word' id='word_1_149' title='bbox 738 1416 774 1456; x_wconf 91' lang='lat' dir='ltr'>ne</span> <span class='ocrx_word' id='word_1_150' title='bbox 807 1401 897 1457; x_wconf 79' lang='lat' dir='ltr'>turbae</span> <span class='ocrx_word' id='word_1_151' title='bbox 933 1399 1145 1471; x_wconf 89' lang='lat' dir='ltr'>suspicarentur</span> <span class='ocrx_word' id='word_1_152' title='bbox 1179 1407 1319 1462; x_wconf 86' lang='lat' dir='ltr'>loannem</span> 
     </span>
     <span class='ocr_line' id='line_1_16' title="bbox 90 1469 1319 1548; baseline 0.003 -18"><span class='ocrx_word' id='word_1_153' title='bbox 90 1471 197 1530; x_wconf 84' lang='lat' dir='ltr'>liberat</span> <span class='ocrx_word' id='word_1_154' title='bbox 222 1469 341 1526; x_wconf 80' lang='lat' dir='ltr'>ditando</span> <span class='ocrx_word' id='word_1_155' title='bbox 375 1476 500 1524; x_wconf 87' lang='lat' dir='ltr'>memem</span> <span class='ocrx_word' id='word_1_156' title='bbox 526 1469 627 1537; x_wconf 81' lang='lat' dir='ltr'>gratiis</span> <span class='ocrx_word' id='word_1_157' title='bbox 652 1473 681 1525; x_wconf 91' lang='lat' dir='ltr'>et</span> <span class='ocrx_word' id='word_1_158' title='bbox 706 1514 708 1525; x_wconf 92' lang='lat'>.</span> <span class='ocrx_word' id='word_1_159' title='bbox 738 1470 812 1528; x_wconf 88' lang='lat' dir='ltr'>male</span> <span class='ocrx_word' id='word_1_160' title='bbox 832 1478 940 1527; x_wconf 92' lang='lat' dir='ltr'>motum</span> <span class='ocrx_word' id='word_1_161' title='bbox 956 1472 1053 1539; x_wconf 89' lang='lat' dir='ltr'>luisse,</span> <span class='ocrx_word' id='word_1_162' title='bbox 1068 1478 1096 1529; x_wconf 91' lang='lat' dir='ltr'>et</span> <span class='ocrx_word' id='word_1_163' title='bbox 1111 1473 1175 1531; x_wconf 91' lang='lat' dir='ltr'>ideo</span> <span class='ocrx_word' id='word_1_164' title='bbox 1196 1476 1319 1548; x_wconf 87' lang='lat' dir='ltr'>discipu-</span> 
     </span>
     <span class='ocr_line' id='line_1_17' title="bbox 91 1539 1319 1614; baseline 0.005 -15"><span class='ocrx_word' id='word_1_165' title='bbox 91 1559 158 1601; x_wconf 90' lang='lat' dir='ltr'>eam</span> <span class='ocrx_word' id='word_1_166' title='bbox 174 1541 321 1597; x_wconf 89' lang='lat' dir='ltr'>vestiendo</span> <span class='ocrx_word' id='word_1_167' title='bbox 337 1539 495 1596; x_wconf 87' lang='lat' dir='ltr'>virtutibus.</span> <span class='ocrx_word' id='word_1_168' title='bbox 513 1543 570 1596; x_wconf 87' lang='lat' dir='ltr'>lsta</span> <span class='ocrx_word' id='word_1_169' title='bbox 584 1546 680 1596; x_wconf 90' lang='lat' dir='ltr'>autem</span> <span class='ocrx_word' id='word_1_170' title='bbox 707 1554 709 1600; x_wconf 65' lang='grc' dir='ltr'>ὲ</span> <span class='ocrx_word' id='word_1_171' title='bbox 738 1542 780 1598; x_wconf 86' lang='lat' dir='ltr'>los</span> <span class='ocrx_word' id='word_1_172' title='bbox 808 1542 928 1609; x_wconf 90' lang='lat' dir='ltr'>misisse,</span> <span class='ocrx_word' id='word_1_173' title='bbox 943 1560 977 1598; x_wconf 91' lang='lat' dir='ltr'>ac</span> <span class='ocrx_word' id='word_1_174' title='bbox 995 1560 1045 1614; x_wconf 93' lang='lat' dir='ltr'>per</span> <span class='ocrx_word' id='word_1_175' title='bbox 1063 1546 1117 1601; x_wconf 91' lang='lat' dir='ltr'>hoc</span> <span class='ocrx_word' id='word_1_176' title='bbox 1142 1545 1236 1603; x_wconf 88' lang='lat' dir='ltr'>nrinus</span> <span class='ocrx_word' id='word_1_177' title='bbox 1255 1565 1319 1605; x_wconf 85' lang='lat' dir='ltr'>cre·</span> 
     </span>
     <span class='ocr_line' id='line_1_18' title="bbox 92 1611 1318 1691; baseline 0.002 -20"><span class='ocrx_word' id='word_1_178' title='bbox 92 1611 681 1691; x_wconf 80' lang='lat' dir='ltr'>miraculaspiritualiasuntmajoraquam</span> <span class='ocrx_word' id='word_1_179' title='bbox 707 1636 709 1687; x_wconf 68' lang='lat' dir='ltr'>r</span> <span class='ocrx_word' id='word_1_180' title='bbox 737 1613 1318 1684; x_wconf 66' lang='lat' dir='ltr'>derentpraeteritistestimoniisloannis.</span> 
     </span>
     <span class='ocr_line' id='line_1_19' title="bbox 91 1683 1320 1757; baseline 0.003 -14"><span class='ocrx_word' id='word_1_181' title='bbox 91 1684 264 1757; x_wconf 88' lang='lat' dir='ltr'>corporalia.</span> <span class='ocrx_word' id='word_1_182' title='bbox 286 1683 375 1753; x_wconf 83' lang='lat' dir='ltr'>llagis</span> <span class='ocrx_word' id='word_1_183' title='bbox 398 1699 475 1738; x_wconf 86' lang='lat' dir='ltr'>euun</span> <span class='ocrx_word' id='word_1_184' title='bbox 497 1690 550 1751; x_wconf 91' lang='lat' dir='ltr'>est,</span> <span class='ocrx_word' id='word_1_185' title='bbox 582 1700 682 1740; x_wconf 89' lang='lat' dir='ltr'>secun·</span> <span class='ocrx_word' id='word_1_186' title='bbox 707 1698 710 1717; x_wconf 84' lang='grc'>·</span> <span class='ocrx_word' id='word_1_187' title='bbox 738 1685 892 1742; x_wconf 82' lang='lat' dir='ltr'>Audientes</span> <span class='ocrx_word' id='word_1_188' title='bbox 906 1686 981 1741; x_wconf 91' lang='lat' dir='ltr'>enim</span> <span class='ocrx_word' id='word_1_189' title='bbox 998 1688 1186 1757; x_wconf 81' lang='lat' dir='ltr'>quaestionem</span> <span class='ocrx_word' id='word_1_190' title='bbox 1202 1707 1218 1746; x_wconf 90' lang='lat' dir='ltr'>a</span> <span class='ocrx_word' id='word_1_191' title='bbox 1233 1691 1320 1747; x_wconf 90' lang='lat' dir='ltr'>disci·</span> 
     </span>
     <span class='ocr_line' id='line_1_20' title="bbox 91 1754 1319 1832; baseline 0.002 -17"><span class='ocrx_word' id='word_1_192' title='bbox 91 1754 679 1826; x_wconf 77' lang='lat' dir='ltr'>dnmtunusttnom,jusuticareimpium,</span> <span class='ocrx_word' id='word_1_193' title='bbox 738 1757 812 1828; x_wconf 90' lang='lat' dir='ltr'>pulis</span> <span class='ocrx_word' id='word_1_194' title='bbox 834 1756 953 1813; x_wconf 89' lang='lat' dir='ltr'>loannis</span> <span class='ocrx_word' id='word_1_195' title='bbox 984 1758 1095 1815; x_wconf 86' lang='lat' dir='ltr'>Christo</span> <span class='ocrx_word' id='word_1_196' title='bbox 1124 1763 1319 1832; x_wconf 84' lang='lat' dir='ltr'>propositam,</span> 
     </span>
     <span class='ocr_line' id='line_1_21' title="bbox 91 1826 1320 1901; baseline 0.003 -17"><span class='ocrx_word' id='word_1_197' title='bbox 91 1843 179 1901; x_wconf 86' lang='lat' dir='ltr'>quam</span> <span class='ocrx_word' id='word_1_198' title='bbox 197 1842 295 1883; x_wconf 89' lang='lat' dir='ltr'>creare</span> <span class='ocrx_word' id='word_1_199' title='bbox 311 1827 414 1881; x_wconf 70' lang='lat' dir='ltr'>coelum</span> <span class='ocrx_word' id='word_1_200' title='bbox 431 1833 459 1881; x_wconf 92' lang='lat' dir='ltr'>et</span> <span class='ocrx_word' id='word_1_201' title='bbox 474 1831 598 1893; x_wconf 90' lang='lat' dir='ltr'>terram;</span> <span class='ocrx_word' id='word_1_202' title='bbox 616 1826 682 1897; x_wconf 89' lang='lat' dir='ltr'>plus</span> <span class='ocrx_word' id='word_1_203' title='bbox 733 1828 839 1899; x_wconf 80' lang='lat' dir='ltr'>&#39;putare</span> <span class='ocrx_word' id='word_1_204' title='bbox 867 1834 998 1898; x_wconf 90' lang='lat' dir='ltr'>poterant</span> <span class='ocrx_word' id='word_1_205' title='bbox 1023 1832 1163 1886; x_wconf 90' lang='lat' dir='ltr'>loannem</span> <span class='ocrx_word' id='word_1_206' title='bbox 1186 1833 1275 1888; x_wconf 86' lang='lat' dir='ltr'>levem</span> <span class='ocrx_word' id='word_1_207' title='bbox 1293 1833 1320 1888; x_wconf 90' lang='lat' dir='ltr'>in</span> 
     </span>
     <span class='ocr_line' id='line_1_22' title="bbox 92 1895 1321 1971; baseline 0.001 -14"><span class='ocrx_word' id='word_1_208' title='bbox 92 1905 138 1957; x_wconf 88' lang='lat' dir='ltr'>est</span> <span class='ocrx_word' id='word_1_209' title='bbox 153 1898 314 1971; x_wconf 75' lang='lat' dir='ltr'>iustificare</span> <span class='ocrx_word' id='word_1_210' title='bbox 338 1895 463 1953; x_wconf 89' lang='lat' dir='ltr'>animam</span> <span class='ocrx_word' id='word_1_211' title='bbox 488 1896 517 1952; x_wconf 93' lang='lat' dir='ltr'>in</span> <span class='ocrx_word' id='word_1_212' title='bbox 542 1903 682 1954; x_wconf 73' lang='lat' dir='ltr'>aeternum</span> <span class='ocrx_word' id='word_1_213' title='bbox 709 1906 711 1951; x_wconf 88' lang='lat' dir='ltr'>t</span> <span class='ocrx_word' id='word_1_214' title='bbox 739 1899 806 1965; x_wconf 88' lang='lat' dir='ltr'>lide,</span> <span class='ocrx_word' id='word_1_215' title='bbox 824 1904 852 1954; x_wconf 89' lang='lat' dir='ltr'>et</span> <span class='ocrx_word' id='word_1_216' title='bbox 867 1899 981 1954; x_wconf 89' lang='lat' dir='ltr'>mollem</span> <span class='ocrx_word' id='word_1_217' title='bbox 998 1899 1026 1955; x_wconf 91' lang='lat' dir='ltr'>iu</span> <span class='ocrx_word' id='word_1_218' title='bbox 1038 1900 1104 1967; x_wconf 84' lang='lat' dir='ltr'>vita,</span> <span class='ocrx_word' id='word_1_219' title='bbox 1123 1901 1189 1971; x_wconf 89' lang='lat' dir='ltr'>quia</span> <span class='ocrx_word' id='word_1_220' title='bbox 1205 1903 1321 1959; x_wconf 82' lang='lat' dir='ltr'>videba-</span> 
     </span>
     <span class='ocr_line' id='line_1_23' title="bbox 92 1967 1318 2041; baseline -0.003 -14"><span class='ocrx_word' id='word_1_221' title='bbox 92 1970 243 2036; x_wconf 78' lang='lat' dir='ltr'>victuram,</span> <span class='ocrx_word' id='word_1_222' title='bbox 255 1985 339 2039; x_wconf 90' lang='lat' dir='ltr'>quarn</span> <span class='ocrx_word' id='word_1_223' title='bbox 353 1968 489 2023; x_wconf 89' lang='lat' dir='ltr'>suscitare</span> <span class='ocrx_word' id='word_1_224' title='bbox 501 1984 614 2024; x_wconf 90' lang='lat' dir='ltr'>carnem</span> <span class='ocrx_word' id='word_1_225' title='bbox 628 1967 682 2024; x_wconf 92' lang='lat' dir='ltr'>ite·</span> <span class='ocrx_word' id='word_1_226' title='bbox 709 1984 711 2031; x_wconf 85' lang='grc' dir='ltr'>ι</span> <span class='ocrx_word' id='word_1_227' title='bbox 739 1975 786 2026; x_wconf 91' lang='lat' dir='ltr'>tur</span> <span class='ocrx_word' id='word_1_228' title='bbox 800 1968 888 2041; x_wconf 90' lang='lat' dir='ltr'>prius,</span> <span class='ocrx_word' id='word_1_229' title='bbox 903 1970 971 2025; x_wconf 93' lang='lat' dir='ltr'>dum</span> <span class='ocrx_word' id='word_1_230' title='bbox 984 1977 1046 2026; x_wconf 89' lang='lat' dir='ltr'>erat</span> <span class='ocrx_word' id='word_1_231' title='bbox 1062 1971 1144 2040; x_wconf 91' lang='lat' dir='ltr'>liber,</span> <span class='ocrx_word' id='word_1_232' title='bbox 1159 1973 1195 2028; x_wconf 89' lang='lat' dir='ltr'>de</span> <span class='ocrx_word' id='word_1_233' title='bbox 1207 1973 1318 2028; x_wconf 81' lang='lat' dir='ltr'>Gliristo</span> 
     </span>
     <span class='ocr_line' id='line_1_24' title="bbox 90 2039 1321 2112; baseline -0.002 -11"><span class='ocrx_word' id='word_1_234' title='bbox 90 2057 159 2101; x_wconf 78' lang='lat' dir='ltr'>rum</span> <span class='ocrx_word' id='word_1_235' title='bbox 173 2039 522 2110; x_wconf 88' lang='lat' dir='ltr'>morituram;plusestin</span> <span class='ocrx_word' id='word_1_236' title='bbox 536 2039 630 2096; x_wconf 87' lang='lat' dir='ltr'>anima</span> <span class='ocrx_word' id='word_1_237' title='bbox 641 2056 684 2096; x_wconf 91' lang='lat' dir='ltr'>re·</span> <span class='ocrx_word' id='word_1_238' title='bbox 709 2064 711 2083; x_wconf 71' lang='grc' dir='ltr'>ι</span> <span class='ocrx_word' id='word_1_239' title='bbox 740 2041 909 2108; x_wconf 86' lang='lat' dir='ltr'>affirmasse,</span> <span class='ocrx_word' id='word_1_240' title='bbox 938 2056 1001 2109; x_wconf 71' lang='lat' dir='ltr'>quas</span> <span class='ocrx_word' id='word_1_241' title='bbox 1032 2043 1116 2098; x_wconf 92' lang='lat' dir='ltr'>modo</span> <span class='ocrx_word' id='word_1_242' title='bbox 1146 2042 1321 2112; x_wconf 87' lang='lat' dir='ltr'>incarcere,</span> 
     </span>
     <span class='ocr_line' id='line_1_25' title="bbox 91 2086 1323 2183; baseline 0.001 -13"><span class='ocrx_word' id='word_1_243' title='bbox 91 2113 219 2170; x_wconf 81' lang='lat' dir='ltr'>formare</span> <span class='ocrx_word' id='word_1_244' title='bbox 234 2111 386 2181; x_wconf 85' lang='lat' dir='ltr'>imaginem</span> <span class='ocrx_word' id='word_1_245' title='bbox 404 2111 463 2177; x_wconf 86' lang='lat' dir='ltr'>llei,</span> <span class='ocrx_word' id='word_1_246' title='bbox 480 2127 565 2182; x_wconf 86' lang='lat' dir='ltr'>quam</span> <span class='ocrx_word' id='word_1_247' title='bbox 581 2111 609 2166; x_wconf 93' lang='lat' dir='ltr'>in</span> <span class='ocrx_word' id='word_1_248' title='bbox 624 2127 684 2166; x_wconf 91' lang='lat' dir='ltr'>cor·</span> <span class='ocrx_word' id='word_1_249' title='bbox 709 2086 711 2151; x_wconf 63' lang='lat' dir='ltr'>l</span> <span class='ocrx_word' id='word_1_250' title='bbox 740 2111 818 2183; x_wconf 86' lang='lat' dir='ltr'>quasi</span> <span class='ocrx_word' id='word_1_251' title='bbox 836 2112 1006 2168; x_wconf 85' lang='lat' dir='ltr'>adversitate</span> <span class='ocrx_word' id='word_1_252' title='bbox 1022 2112 1058 2168; x_wconf 90' lang='lat' dir='ltr'>sit</span> <span class='ocrx_word' id='word_1_253' title='bbox 1078 2115 1194 2182; x_wconf 70' lang='lat' dir='ltr'>tractus</span> <span class='ocrx_word' id='word_1_254' title='bbox 1212 2115 1323 2171; x_wconf 85' lang='lat' dir='ltr'>videtur</span> 
     </span>
     <span class='ocr_line' id='line_1_26' title="bbox 92 2178 1320 2258; baseline -0.001 -16"><span class='ocrx_word' id='word_1_255' title='bbox 92 2201 166 2258; x_wconf 91' lang='lat' dir='ltr'>pore</span> <span class='ocrx_word' id='word_1_256' title='bbox 178 2184 333 2240; x_wconf 78' lang='lat' dir='ltr'>reformare</span> <span class='ocrx_word' id='word_1_257' title='bbox 345 2182 494 2238; x_wconf 87' lang='lat' dir='ltr'>materiam</span> <span class='ocrx_word' id='word_1_258' title='bbox 510 2182 599 2238; x_wconf 91' lang='lat' dir='ltr'>nostri</span> <span class='ocrx_word' id='word_1_259' title='bbox 610 2181 680 2238; x_wconf 91' lang='lat' dir='ltr'>limi.</span> <span class='ocrx_word' id='word_1_260' title='bbox 708 2178 710 2243; x_wconf 82' lang='lat' dir='ltr'>l</span> <span class='ocrx_word' id='word_1_261' title='bbox 740 2198 877 2253; x_wconf 73' lang='lat' dir='ltr'>quaerere.</span> <span class='ocrx_word' id='word_1_262' title='bbox 899 2184 1021 2253; x_wconf 77' lang='lat' dir='ltr'>LevitaS,</span> <span class='ocrx_word' id='word_1_263' title='bbox 1048 2186 1085 2241; x_wconf 88' lang='lat' dir='ltr'>ad</span> <span class='ocrx_word' id='word_1_264' title='bbox 1111 2185 1320 2242; x_wconf 73' lang='lat' dir='ltr'>haesitationem</span> 
     </span>
     <span class='ocr_line' id='line_1_27' title="bbox 136 2248 1321 2329; baseline 0.002 -17"><span class='ocrx_word' id='word_1_265' title='bbox 136 2261 152 2324; x_wconf 73' lang='lat' dir='ltr'>d</span> <span class='ocrx_word' id='word_1_266' title='bbox 183 2257 260 2312; x_wconf 80' lang='lat' dir='ltr'>Nerio</span> <span class='ocrx_word' id='word_1_267' title='bbox 286 2272 313 2309; x_wconf 82' lang='lat' dir='ltr'>rs</span> <span class='ocrx_word' id='word_1_268' title='bbox 343 2256 460 2310; x_wconf 83' lang='lat' dir='ltr'>Cunrsro</span> <span class='ocrx_word' id='word_1_269' title='bbox 491 2271 681 2310; x_wconf 76' lang='lat' dir='ltr'>scaunnntzanr</span> <span class='ocrx_word' id='word_1_270' title='bbox 708 2248 710 2303; x_wconf 82' lang='lat' dir='ltr'>l</span> <span class='ocrx_word' id='word_1_271' title='bbox 739 2254 867 2320; x_wconf 68' lang='lat' dir='ltr'>rationis</span> <span class='ocrx_word' id='word_1_272' title='bbox 893 2255 1037 2324; x_wconf 88' lang='lat' dir='ltr'>mollities,</span> <span class='ocrx_word' id='word_1_273' title='bbox 1058 2257 1095 2313; x_wconf 94' lang='lat' dir='ltr'>ad</span> <span class='ocrx_word' id='word_1_274' title='bbox 1121 2257 1321 2329; x_wconf 89' lang='lat' dir='ltr'>concupiscen-</span> 
     </span>
     <span class='ocr_line' id='line_1_28' title="bbox 94 2318 1324 2401; baseline 0.002 -17"><span class='ocrx_word' id='word_1_275' title='bbox 94 2344 193 2384; x_wconf 79' lang='lat' dir='ltr'>nnsnr.</span> <span class='ocrx_word' id='word_1_276' title='bbox 206 2357 240 2367; x_wconf 89' lang='lat'><em>-</em></span> <span class='ocrx_word' id='word_1_277' title='bbox 252 2324 361 2382; x_wconf 86' lang='lat' dir='ltr'>Deinde</span> <span class='ocrx_word' id='word_1_278' title='bbox 373 2325 519 2398; x_wconf 70' lang='lat' dir='ltr'>subjungit</span> <span class='ocrx_word' id='word_1_279' title='bbox 528 2327 679 2385; x_wconf 88' lang='lat' dir='ltr'>Dominus:</span> <span class='ocrx_word' id='word_1_280' title='bbox 706 2318 709 2375; x_wconf 82' lang='lat' dir='ltr'>l</span> <span class='ocrx_word' id='word_1_281' title='bbox 737 2326 806 2384; x_wconf 88' lang='lat' dir='ltr'>tiam</span> <span class='ocrx_word' id='word_1_282' title='bbox 827 2326 980 2397; x_wconf 89' lang='lat' dir='ltr'>voluptatis</span> <span class='ocrx_word' id='word_1_283' title='bbox 998 2328 1137 2399; x_wconf 85' lang='lat' dir='ltr'>pertinet,</span> <span class='ocrx_word' id='word_1_284' title='bbox 1159 2335 1187 2385; x_wconf 92' lang='lat' dir='ltr'>et</span> <span class='ocrx_word' id='word_1_285' title='bbox 1204 2336 1324 2401; x_wconf 85' lang='lat' dir='ltr'>utraque</span> 
     </span>
     <span class='ocr_line' id='line_1_29' title="bbox 96 2390 1323 2469; baseline 0.001 -12"><span class='ocrx_word' id='word_1_286' title='bbox 96 2401 134 2457; x_wconf 79' lang='lat' dir='ltr'>m</span> <span class='ocrx_word' id='word_1_287' title='bbox 150 2399 245 2454; x_wconf 84' lang='lat' dir='ltr'>beatus</span> <span class='ocrx_word' id='word_1_288' title='bbox 260 2400 363 2467; x_wconf 81' lang='lat' dir='ltr'>estqui</span> <span class='ocrx_word' id='word_1_289' title='bbox 377 2414 429 2452; x_wconf 85' lang='lat' dir='ltr'>non</span> <span class='ocrx_word' id='word_1_290' title='bbox 442 2402 529 2464; x_wconf 82' lang='lat' dir='ltr'>suerit</span> <span class='ocrx_word' id='word_1_291' title='bbox 542 2399 682 2454; x_wconf 83' lang='lat' dir='ltr'>scanduli-</span> <span class='ocrx_word' id='word_1_292' title='bbox 705 2390 708 2437; x_wconf 62' lang='lat'>³</span> <span class='ocrx_word' id='word_1_293' title='bbox 737 2397 874 2455; x_wconf 89' lang='lat' dir='ltr'>Dominus</span> <span class='ocrx_word' id='word_1_294' title='bbox 886 2415 903 2454; x_wconf 91' lang='lat' dir='ltr'>a</span> <span class='ocrx_word' id='word_1_295' title='bbox 914 2402 1025 2457; x_wconf 89' lang='lat' dir='ltr'>Joanne</span> <span class='ocrx_word' id='word_1_296' title='bbox 1037 2401 1179 2457; x_wconf 91' lang='lat' dir='ltr'>concludit</span> <span class='ocrx_word' id='word_1_297' title='bbox 1191 2420 1197 2469; x_wconf 92' lang='lat'>;</span> <span class='ocrx_word' id='word_1_298' title='bbox 1215 2408 1242 2457; x_wconf 89' lang='lat' dir='ltr'>et</span> <span class='ocrx_word' id='word_1_299' title='bbox 1258 2417 1323 2458; x_wconf 93' lang='lat' dir='ltr'>eum</span> 
     </span>
    </p>
   </div>
   <div class='ocr_carea' id='block_1_3' title="bbox 1288 371 1319 426">
    <p class='ocr_par' dir='ltr' id='par_1_3' title="bbox 1288 371 1319 426">
     <span class='ocr_line' id='line_1_30' title="bbox 1288 371 1319 426; baseline 0.161 -5"><span class='ocrx_word' id='word_1_300' title='bbox 1288 371 1319 426; x_wconf 77' lang='lat' dir='ltr'>&#39;li</span> 
     </span>
    </p>
   </div>
   <div class='ocr_carea' id='block_1_4' title="bbox 94 2450 1324 2615">
    <p class='ocr_par' dir='ltr' id='par_1_4' title="bbox 94 2450 1324 2615">
     <span class='ocr_line' id='line_1_31' title="bbox 96 2450 1324 2541; baseline 0 -14"><span class='ocrx_word' id='word_1_301' title='bbox 96 2474 182 2528; x_wconf 72' lang='lat' dir='ltr'>sotus</span> <span class='ocrx_word' id='word_1_302' title='bbox 194 2472 224 2525; x_wconf 82' lang='lat' dir='ltr'>ia</span> <span class='ocrx_word' id='word_1_303' title='bbox 236 2485 288 2530; x_wconf 85' lang='lat' dir='ltr'>me,</span> <span class='ocrx_word' id='word_1_304' title='bbox 304 2467 411 2524; x_wconf 90' lang='lat' dir='ltr'>scilicet</span> <span class='ocrx_word' id='word_1_305' title='bbox 425 2467 453 2523; x_wconf 96' lang='lat' dir='ltr'>in</span> <span class='ocrx_word' id='word_1_306' title='bbox 468 2468 634 2525; x_wconf 87' lang='lat' dir='ltr'>infirmitate</span> <span class='ocrx_word' id='word_1_307' title='bbox 652 2473 680 2525; x_wconf 91' lang='lat' dir='ltr'>et</span> <span class='ocrx_word' id='word_1_308' title='bbox 705 2450 708 2521; x_wconf 75' lang='lat' dir='ltr'>l</span> <span class='ocrx_word' id='word_1_309' title='bbox 736 2469 771 2526; x_wconf 92' lang='lat' dir='ltr'>de</span> <span class='ocrx_word' id='word_1_310' title='bbox 785 2471 944 2537; x_wconf 71' lang='lat' dir='ltr'>contrariis</span> <span class='ocrx_word' id='word_1_311' title='bbox 956 2475 984 2527; x_wconf 91' lang='lat' dir='ltr'>et</span> <span class='ocrx_word' id='word_1_312' title='bbox 994 2471 1163 2541; x_wconf 88' lang='lat' dir='ltr'>quibusdam</span> <span class='ocrx_word' id='word_1_313' title='bbox 1174 2472 1237 2528; x_wconf 86' lang='lat' dir='ltr'>aliis</span> <span class='ocrx_word' id='word_1_314' title='bbox 1249 2489 1324 2528; x_wconf 91' lang='lat' dir='ltr'>com-</span> 
     </span>
     <span class='ocr_line' id='line_1_32' title="bbox 94 2536 1322 2615; baseline -0.001 -17"><span class='ocrx_word' id='word_1_315' title='bbox 94 2540 274 2598; x_wconf 87' lang='lat' dir='ltr'>bumanitate</span> <span class='ocrx_word' id='word_1_316' title='bbox 296 2555 368 2607; x_wconf 90' lang='lat' dir='ltr'>mea,</span> <span class='ocrx_word' id='word_1_317' title='bbox 388 2540 544 2596; x_wconf 90' lang='lat' dir='ltr'>dubitando</span> <span class='ocrx_word' id='word_1_318' title='bbox 564 2541 599 2595; x_wconf 91' lang='lat' dir='ltr'>de</span> <span class='ocrx_word' id='word_1_319' title='bbox 617 2540 678 2595; x_wconf 88' lang='lat' dir='ltr'>dei·</span> <span class='ocrx_word' id='word_1_320' title='bbox 704 2536 707 2615; x_wconf 73' lang='lat' dir='ltr'>l</span> <span class='ocrx_word' id='word_1_321' title='bbox 737 2541 862 2596; x_wconf 87' lang='lat' dir='ltr'>mendat.</span> <span class='ocrx_word' id='word_1_322' title='bbox 875 2541 1069 2612; x_wconf 79' lang='lat' dir='ltr'>lingisautem</span> <span class='ocrx_word' id='word_1_323' title='bbox 1082 2542 1322 2597; x_wconf 88' lang='lat' dir='ltr'>voluitcommen·</span> 
     </span>
    </p>
   </div>
   <div class='ocr_carea' id='block_1_5' title="bbox 91 2610 1324 3467">
    <p class='ocr_par' dir='ltr' id='par_1_5' title="bbox 91 2610 1324 3467">
     <span class='ocr_line' id='line_1_33' title="bbox 93 2610 1323 2683; baseline -0.002 -13"><span class='ocrx_word' id='word_1_324' title='bbox 93 2617 156 2670; x_wconf 87' lang='lat' dir='ltr'>tate</span> <span class='ocrx_word' id='word_1_325' title='bbox 175 2616 203 2668; x_wconf 92' lang='lat' dir='ltr'>et</span> <span class='ocrx_word' id='word_1_326' title='bbox 224 2610 320 2667; x_wconf 84' lang='lat' dir='ltr'>divina</span> <span class='ocrx_word' id='word_1_327' title='bbox 341 2610 478 2683; x_wconf 71' lang='lat' dir='ltr'>potentia,</span> <span class='ocrx_word' id='word_1_328' title='bbox 497 2612 616 2667; x_wconf 91' lang='lat' dir='ltr'>credens</span> <span class='ocrx_word' id='word_1_329' title='bbox 634 2627 679 2668; x_wconf 93' lang='lat' dir='ltr'>me</span> <span class='ocrx_word' id='word_1_330' title='bbox 736 2612 804 2668; x_wconf 87' lang='lat' dir='ltr'>dare</span> <span class='ocrx_word' id='word_1_331' title='bbox 819 2615 958 2668; x_wconf 85' lang='lat' dir='ltr'>loannem</span> <span class='ocrx_word' id='word_1_332' title='bbox 976 2610 1006 2667; x_wconf 89' lang='lat' dir='ltr'>in</span> <span class='ocrx_word' id='word_1_333' title='bbox 1021 2613 1152 2669; x_wconf 87' lang='lat' dir='ltr'>absentia</span> <span class='ocrx_word' id='word_1_334' title='bbox 1170 2613 1323 2683; x_wconf 86' lang='lat' dir='ltr'>discipulo·</span> 
     </span>
     <span class='ocr_line' id='line_1_34' title="bbox 91 2638 1322 2767; baseline -0.002 -27"><span class='ocrx_word' id='word_1_335' title='bbox 91 2699 198 2767; x_wconf 85' lang='lat' dir='ltr'>purum</span> <span class='ocrx_word' id='word_1_336' title='bbox 213 2682 359 2738; x_wconf 86' lang='lat' dir='ltr'>hominem</span> <span class='ocrx_word' id='word_1_337' title='bbox 375 2699 446 2742; x_wconf 87' lang='lat' dir='ltr'>esse.</span> <span class='ocrx_word' id='word_1_338' title='bbox 464 2682 532 2752; x_wconf 78' lang='lat' dir='ltr'>quia</span> <span class='ocrx_word' id='word_1_339' title='bbox 547 2698 591 2738; x_wconf 89' lang='lat' dir='ltr'>me</span> <span class='ocrx_word' id='word_1_340' title='bbox 603 2681 680 2738; x_wconf 85' lang='lat' dir='ltr'>ridet</span> <span class='ocrx_word' id='word_1_341' title='bbox 704 2638 707 2731; x_wconf 54' lang='lat' dir='ltr'>l</span> <span class='ocrx_word' id='word_1_342' title='bbox 736 2699 798 2740; x_wconf 91' lang='lat' dir='ltr'>rum</span> <span class='ocrx_word' id='word_1_343' title='bbox 814 2683 885 2753; x_wconf 90' lang='lat' dir='ltr'>ejus,</span> <span class='ocrx_word' id='word_1_344' title='bbox 903 2699 988 2754; x_wconf 87' lang='lat' dir='ltr'>quam</span> <span class='ocrx_word' id='word_1_345' title='bbox 1004 2683 1033 2739; x_wconf 92' lang='lat' dir='ltr'>in</span> <span class='ocrx_word' id='word_1_346' title='bbox 1046 2699 1144 2740; x_wconf 92' lang='lat' dir='ltr'>eorum</span> <span class='ocrx_word' id='word_1_347' title='bbox 1159 2682 1322 2755; x_wconf 76' lang='lat' dir='ltr'>praesentia,</span> 
     </span>
     <span class='ocr_line' id='line_1_35' title="bbox 93 2753 1323 2882; baseline 0 -71"><span class='ocrx_word' id='word_1_348' title='bbox 93 2771 128 2812; x_wconf 90' lang='lat' dir='ltr'>m</span> <span class='ocrx_word' id='word_1_349' title='bbox 125 2753 266 2882; x_wconf 46' lang='lat' dir='ltr'>(passibili</span> <span class='ocrx_word' id='word_1_350' title='bbox 280 2770 381 2821; x_wconf 88' lang='lat' dir='ltr'>rarne;</span> <span class='ocrx_word' id='word_1_351' title='bbox 396 2756 496 2811; x_wconf 90' lang='lat' dir='ltr'>beatus</span> <span class='ocrx_word' id='word_1_352' title='bbox 507 2753 553 2824; x_wconf 85' lang='lat' dir='ltr'>qui</span> <span class='ocrx_word' id='word_1_353' title='bbox 568 2769 612 2809; x_wconf 87' lang='lat' dir='ltr'>me</span> <span class='ocrx_word' id='word_1_354' title='bbox 620 2753 678 2824; x_wconf 91' lang='lat' dir='ltr'>pati</span> <span class='ocrx_word' id='word_1_355' title='bbox 736 2760 767 2810; x_wconf 89' lang='lat' dir='ltr'>ut</span> <span class='ocrx_word' id='word_1_356' title='bbox 785 2754 847 2825; x_wconf 89' lang='lat' dir='ltr'>ejus</span> <span class='ocrx_word' id='word_1_357' title='bbox 865 2754 1073 2811; x_wconf 88' lang='lat' dir='ltr'>commendatio</span> <span class='ocrx_word' id='word_1_358' title='bbox 1103 2771 1159 2811; x_wconf 92' lang='lat' dir='ltr'>non</span> <span class='ocrx_word' id='word_1_359' title='bbox 1177 2772 1209 2811; x_wconf 89' lang='lat' dir='ltr'>ex</span> <span class='ocrx_word' id='word_1_360' title='bbox 1228 2755 1323 2811; x_wconf 87' lang='lat' dir='ltr'>lavore</span> 
     </span>
     <span class='ocr_line' id='line_1_36' title="bbox 94 2824 1323 2897; baseline 0.002 -15"><span class='ocrx_word' id='word_1_361' title='bbox 94 2824 123 2882; x_wconf 81' lang='lat' dir='ltr'>ri</span> <span class='ocrx_word' id='word_1_362' title='bbox 146 2824 234 2882; x_wconf 89' lang='lat' dir='ltr'>eritet</span> <span class='ocrx_word' id='word_1_363' title='bbox 252 2841 296 2880; x_wconf 92' lang='lat' dir='ltr'>me</span> <span class='ocrx_word' id='word_1_364' title='bbox 313 2825 503 2895; x_wconf 72' lang='lat' dir='ltr'>normegabit,</span> <span class='ocrx_word' id='word_1_365' title='bbox 520 2824 678 2896; x_wconf 72' lang='lat' dir='ltr'>cuiuslidei</span> <span class='ocrx_word' id='word_1_366' title='bbox 736 2827 872 2893; x_wconf 87' lang='lat' dir='ltr'>humano,</span> <span class='ocrx_word' id='word_1_367' title='bbox 882 2827 925 2882; x_wconf 85' lang='lat' dir='ltr'>vel</span> <span class='ocrx_word' id='word_1_368' title='bbox 937 2842 969 2882; x_wconf 83' lang='lat' dir='ltr'>ex</span> <span class='ocrx_word' id='word_1_369' title='bbox 979 2826 1153 2897; x_wconf 90' lang='lat' dir='ltr'>adulatione,</span> <span class='ocrx_word' id='word_1_370' title='bbox 1166 2828 1214 2883; x_wconf 87' lang='lat' dir='ltr'>sed</span> <span class='ocrx_word' id='word_1_371' title='bbox 1225 2843 1323 2884; x_wconf 91' lang='lat' dir='ltr'>amore</span> 
     </span>
     <span class='ocr_line' id='line_1_37' title="bbox 94 2895 1321 2969; baseline 0.002 -16"><span class='ocrx_word' id='word_1_372' title='bbox 94 2895 171 2955; x_wconf 85' lang='lat' dir='ltr'>nihil</span> <span class='ocrx_word' id='word_1_373' title='bbox 188 2895 356 2952; x_wconf 87' lang='lat' dir='ltr'>tentamenti</span> <span class='ocrx_word' id='word_1_374' title='bbox 372 2898 494 2952; x_wconf 85' lang='lat' dir='ltr'>atl&#39;erunt</span> <span class='ocrx_word' id='word_1_375' title='bbox 509 2913 586 2964; x_wconf 86' lang='lat' dir='ltr'>crux,</span> <span class='ocrx_word' id='word_1_376' title='bbox 602 2913 679 2953; x_wconf 90' lang='lat' dir='ltr'>mors</span> <span class='ocrx_word' id='word_1_377' title='bbox 737 2898 828 2953; x_wconf 91' lang='lat' dir='ltr'>solum</span> <span class='ocrx_word' id='word_1_378' title='bbox 844 2897 971 2954; x_wconf 81' lang='lat' dir='ltr'>veritatis</span> <span class='ocrx_word' id='word_1_379' title='bbox 986 2901 1140 2969; x_wconf 87' lang='lat' dir='ltr'>procedere</span> <span class='ocrx_word' id='word_1_380' title='bbox 1159 2899 1321 2961; x_wconf 83' lang='lat' dir='ltr'>videretnr;</span> 
     </span>
     <span class='ocr_line' id='line_1_38' title="bbox 96 2967 1320 3043; baseline 0.001 -17"><span class='ocrx_word' id='word_1_381' title='bbox 96 2973 186 3040; x_wconf 80' lang='lat' dir='ltr'>etque</span> <span class='ocrx_word' id='word_1_382' title='bbox 205 2967 362 3038; x_wconf 90' lang='lat' dir='ltr'>sepultura.</span> <span class='ocrx_word' id='word_1_383' title='bbox 380 2969 457 3023; x_wconf 88' lang='lat' dir='ltr'>Unde</span> <span class='ocrx_word' id='word_1_384' title='bbox 483 2973 511 3024; x_wconf 93' lang='lat' dir='ltr'>et</span> <span class='ocrx_word' id='word_1_385' title='bbox 530 2968 602 3024; x_wconf 88' lang='lat' dir='ltr'>latro</span> <span class='ocrx_word' id='word_1_386' title='bbox 627 2967 680 3024; x_wconf 92' lang='lat' dir='ltr'>luit</span> <span class='ocrx_word' id='word_1_387' title='bbox 737 2975 766 3025; x_wconf 91' lang='lat' dir='ltr'>et</span> <span class='ocrx_word' id='word_1_388' title='bbox 780 2985 831 3041; x_wconf 89' lang='lat' dir='ltr'>per</span> <span class='ocrx_word' id='word_1_389' title='bbox 848 2970 901 3025; x_wconf 85' lang='lat' dir='ltr'>lroc</span> <span class='ocrx_word' id='word_1_390' title='bbox 916 2970 1014 3028; x_wconf 89' lang='lat' dir='ltr'>docuit</span> <span class='ocrx_word' id='word_1_391' title='bbox 1036 2988 1089 3027; x_wconf 91' lang='lat' dir='ltr'>nos</span> <span class='ocrx_word' id='word_1_392' title='bbox 1108 2972 1206 3043; x_wconf 81' lang='lat' dir='ltr'>sugere</span> <span class='ocrx_word' id='word_1_393' title='bbox 1224 2978 1320 3027; x_wconf 89' lang='lat' dir='ltr'>notam</span> 
     </span>
     <span class='ocr_line' id='line_1_39' title="bbox 95 3038 1321 3110; baseline -0.001 -12"><span class='ocrx_word' id='word_1_394' title='bbox 95 3040 211 3107; x_wconf 86' lang='lat' dir='ltr'>beatus,</span> <span class='ocrx_word' id='word_1_395' title='bbox 224 3038 291 3110; x_wconf 89' lang='lat' dir='ltr'>quia</span> <span class='ocrx_word' id='word_1_396' title='bbox 317 3055 374 3094; x_wconf 91' lang='lat' dir='ltr'>uon</span> <span class='ocrx_word' id='word_1_397' title='bbox 395 3038 448 3095; x_wconf 91' lang='lat' dir='ltr'>luit</span> <span class='ocrx_word' id='word_1_398' title='bbox 462 3039 678 3096; x_wconf 89' lang='lat' dir='ltr'>scandalizatus.</span> <span class='ocrx_word' id='word_1_399' title='bbox 706 3061 708 3109; x_wconf 66' lang='lat' dir='ltr'>t</span> <span class='ocrx_word' id='word_1_400' title='bbox 739 3040 910 3097; x_wconf 88' lang='lat' dir='ltr'>adulationis</span> <span class='ocrx_word' id='word_1_401' title='bbox 930 3041 960 3098; x_wconf 94' lang='lat' dir='ltr'>in</span> <span class='ocrx_word' id='word_1_402' title='bbox 985 3043 1232 3099; x_wconf 89' lang='lat' dir='ltr'>commendatione</span> <span class='ocrx_word' id='word_1_403' title='bbox 1251 3042 1321 3099; x_wconf 89' lang='lat' dir='ltr'>alio·</span> 
     </span>
     <span class='ocr_line' id='line_1_40' title="bbox 94 3109 1321 3185; baseline 0.001 -17"><span class='ocrx_word' id='word_1_404' title='bbox 94 3109 183 3180; x_wconf 85' lang='lat' dir='ltr'>Quasi</span> <span class='ocrx_word' id='word_1_405' title='bbox 198 3110 306 3165; x_wconf 91' lang='lat' dir='ltr'>diceret</span> <span class='ocrx_word' id='word_1_406' title='bbox 326 3109 423 3166; x_wconf 87' lang='lat' dir='ltr'>:Licet</span> <span class='ocrx_word' id='word_1_407' title='bbox 442 3127 543 3182; x_wconf 89' lang='lat' dir='ltr'>operer</span> <span class='ocrx_word' id='word_1_408' title='bbox 560 3116 591 3167; x_wconf 95' lang='lat' dir='ltr'>ut</span> <span class='ocrx_word' id='word_1_409' title='bbox 608 3113 681 3167; x_wconf 86' lang='lat' dir='ltr'>Deus</span> <span class='ocrx_word' id='word_1_410' title='bbox 706 3128 709 3137; x_wconf 70' lang='lat'><strong>⁴</strong></span> <span class='ocrx_word' id='word_1_411' title='bbox 739 3128 813 3179; x_wconf 91' lang='lat' dir='ltr'>rum,</span> <span class='ocrx_word' id='word_1_412' title='bbox 829 3119 858 3168; x_wconf 94' lang='lat' dir='ltr'>et</span> <span class='ocrx_word' id='word_1_413' title='bbox 873 3113 993 3171; x_wconf 80' lang='lat' dir='ltr'>manime</span> <span class='ocrx_word' id='word_1_414' title='bbox 1012 3131 1191 3183; x_wconf 79' lang='lat' dir='ltr'>magnorum,</span> <span class='ocrx_word' id='word_1_415' title='bbox 1208 3115 1236 3169; x_wconf 91' lang='lat' dir='ltr'>iu</span> <span class='ocrx_word' id='word_1_416' title='bbox 1251 3130 1321 3185; x_wconf 78' lang='lat' dir='ltr'>prm·</span> 
     </span>
     <span class='ocr_line' id='line_1_41' title="bbox 95 3180 1322 3255; baseline -0.002 -16"><span class='ocrx_word' id='word_1_417' title='bbox 95 3180 250 3248; x_wconf 89' lang='lat' dir='ltr'>mirabilia,</span> <span class='ocrx_word' id='word_1_418' title='bbox 265 3181 333 3252; x_wconf 83' lang='lat' dir='ltr'>quin</span> <span class='ocrx_word' id='word_1_419' title='bbox 348 3187 453 3249; x_wconf 92' lang='lat' dir='ltr'>tamen,</span> <span class='ocrx_word' id='word_1_420' title='bbox 470 3188 500 3238; x_wconf 93' lang='lat' dir='ltr'>ut</span> <span class='ocrx_word' id='word_1_421' title='bbox 519 3183 604 3239; x_wconf 90' lang='lat' dir='ltr'>bomo</span> <span class='ocrx_word' id='word_1_422' title='bbox 619 3198 683 3238; x_wconf 90' lang='lat' dir='ltr'>snm</span> <span class='ocrx_word' id='word_1_423' title='bbox 741 3184 832 3239; x_wconf 89' lang='lat' dir='ltr'>sentia</span> <span class='ocrx_word' id='word_1_424' title='bbox 845 3184 979 3255; x_wconf 91' lang='lat' dir='ltr'>ipsorum.</span> <span class='ocrx_word' id='word_1_425' title='bbox 997 3186 1077 3241; x_wconf 92' lang='lat' dir='ltr'>Unde</span> <span class='ocrx_word' id='word_1_426' title='bbox 1093 3187 1297 3254; x_wconf 74' lang='lat' dir='ltr'>chrysostomus</span> <span class='ocrx_word' id='word_1_427' title='bbox 1313 3204 1322 3237; x_wconf 89' lang='lat'>:</span> 
     </span>
     <span class='ocr_line' id='line_1_42' title="bbox 94 3253 1324 3324; baseline -0.001 -12"><span class='ocrx_word' id='word_1_428' title='bbox 94 3253 318 3323; x_wconf 80' lang='lat' dir='ltr'>crucifigendus,</span> <span class='ocrx_word' id='word_1_429' title='bbox 344 3254 501 3309; x_wconf 82' lang='lat' dir='ltr'>cavendnm</span> <span class='ocrx_word' id='word_1_430' title='bbox 531 3261 575 3308; x_wconf 89' lang='lat' dir='ltr'>est</span> <span class='ocrx_word' id='word_1_431' title='bbox 600 3254 683 3309; x_wconf 87' lang='lat' dir='ltr'>valde</span> <span class='ocrx_word' id='word_1_432' title='bbox 709 3264 712 3321; x_wconf 55' lang='lat'>¹,</span> <span class='ocrx_word' id='word_1_433' title='bbox 742 3256 862 3322; x_wconf 77' lang='lat' dir='ltr'>«Quam</span> <span class='ocrx_word' id='word_1_434' title='bbox 886 3256 1181 3322; x_wconf 85' lang='lat' dir='ltr'>bene,reee‹lentibus</span> <span class='ocrx_word' id='word_1_435' title='bbox 1200 3255 1324 3324; x_wconf 82' lang='lat' dir='ltr'>discipu·</span> 
     </span>
     <span class='ocr_line' id='line_1_43' title="bbox 96 3322 1324 3396; baseline -0.002 -14"><span class='ocrx_word' id='word_1_436' title='bbox 96 3323 274 3390; x_wconf 91' lang='lat' dir='ltr'>hominibus,</span> <span class='ocrx_word' id='word_1_437' title='bbox 290 3340 327 3379; x_wconf 91' lang='lat' dir='ltr'>ne</span> <span class='ocrx_word' id='word_1_438' title='bbox 343 3322 372 3379; x_wconf 90' lang='lat' dir='ltr'>in</span> <span class='ocrx_word' id='word_1_439' title='bbox 393 3340 436 3380; x_wconf 90' lang='lat' dir='ltr'>me</span> <span class='ocrx_word' id='word_1_440' title='bbox 453 3331 574 3380; x_wconf 92' lang='lat' dir='ltr'>mortem</span> <span class='ocrx_word' id='word_1_441' title='bbox 589 3323 684 3395; x_wconf 91' lang='lat' dir='ltr'>despi·</span> <span class='ocrx_word' id='word_1_442' title='bbox 742 3326 787 3394; x_wconf 89' lang='lat' dir='ltr'>lis,</span> <span class='ocrx_word' id='word_1_443' title='bbox 814 3324 900 3396; x_wconf 88' lang='lat' dir='ltr'>coepit</span> <span class='ocrx_word' id='word_1_444' title='bbox 930 3326 1046 3382; x_wconf 89' lang='lat' dir='ltr'>laudare</span> <span class='ocrx_word' id='word_1_445' title='bbox 1072 3326 1229 3382; x_wconf 86' lang='lat' dir='ltr'>loanneml</span> <span class='ocrx_word' id='word_1_446' title='bbox 1261 3328 1324 3380; x_wconf 81' lang='lat' dir='ltr'>Non</span> 
     </span>
     <span class='ocr_line' id='line_1_44' title="bbox 99 3394 1324 3467; baseline -0.002 -14"><span class='ocrx_word' id='word_1_447' title='bbox 99 3395 189 3463; x_wconf 81' lang='lat' dir='ltr'>ciant,</span> <span class='ocrx_word' id='word_1_448' title='bbox 205 3394 252 3467; x_wconf 90' lang='lat' dir='ltr'>qui</span> <span class='ocrx_word' id='word_1_449' title='bbox 269 3394 352 3467; x_wconf 84' lang='lat' dir='ltr'>signa</span> <span class='ocrx_word' id='word_1_450' title='bbox 367 3402 547 3450; x_wconf 83' lang='lat' dir='ltr'>venerantur.</span> <span class='ocrx_word' id='word_1_451' title='bbox 564 3397 598 3449; x_wconf 86' lang='lat' dir='ltr'>Et</span> <span class='ocrx_word' id='word_1_452' title='bbox 610 3396 685 3452; x_wconf 87' lang='lat' dir='ltr'>bene</span> <span class='ocrx_word' id='word_1_453' title='bbox 742 3395 814 3451; x_wconf 90' lang='lat' dir='ltr'>sicut</span> <span class='ocrx_word' id='word_1_454' title='bbox 840 3396 955 3465; x_wconf 88' lang='lat' dir='ltr'>quidam</span> <span class='ocrx_word' id='word_1_455' title='bbox 981 3396 1113 3452; x_wconf 90' lang='lat' dir='ltr'>homines</span> <span class='ocrx_word' id='word_1_456' title='bbox 1136 3395 1324 3463; x_wconf 88' lang='lat' dir='ltr'>blanditores,</span> 
     </span>
    </p>
   </div>
   <div class='ocr_carea' id='block_1_6' title="bbox 75 3465 715 4408">
    <p class='ocr_par' dir='ltr' id='par_1_6' title="bbox 96 3465 713 4322">
     <span class='ocr_line' id='line_1_45' title="bbox 100 3465 686 3536; baseline -0.005 -12"><span class='ocrx_word' id='word_1_457' title='bbox 100 3466 186 3525; x_wconf 80' lang='lat' dir='ltr'>dixit:</span> <span class='ocrx_word' id='word_1_458' title='bbox 201 3470 291 3530; x_wconf 85' lang='lat' dir='ltr'>inme,</span> <span class='ocrx_word' id='word_1_459' title='bbox 307 3483 363 3521; x_wconf 94' lang='lat' dir='ltr'>non</span> <span class='ocrx_word' id='word_1_460' title='bbox 380 3482 466 3533; x_wconf 82' lang='lat' dir='ltr'>anre,</span> <span class='ocrx_word' id='word_1_461' title='bbox 479 3465 545 3536; x_wconf 85' lang='lat' dir='ltr'>quia</span> <span class='ocrx_word' id='word_1_462' title='bbox 558 3465 686 3522; x_wconf 85' lang='lat' dir='ltr'>Christus</span> 
     </span>
     <span class='ocr_line' id='line_1_46' title="bbox 100 3536 684 3610; baseline -0.009 -13"><span class='ocrx_word' id='word_1_463' title='bbox 100 3554 259 3610; x_wconf 83' lang='lat' dir='ltr'>numquam</span> <span class='ocrx_word' id='word_1_464' title='bbox 274 3537 326 3594; x_wconf 89' lang='lat' dir='ltr'>luit</span> <span class='ocrx_word' id='word_1_465' title='bbox 341 3554 426 3593; x_wconf 80' lang='lat' dir='ltr'>cansa</span> <span class='ocrx_word' id='word_1_466' title='bbox 442 3536 569 3592; x_wconf 90' lang='lat' dir='ltr'>scandali</span> <span class='ocrx_word' id='word_1_467' title='bbox 583 3537 684 3606; x_wconf 87' lang='lat' dir='ltr'>active,</span> 
     </span>
     <span class='ocr_line' id='line_1_47' title="bbox 100 3608 685 3682; baseline -0.007 -14"><span class='ocrx_word' id='word_1_468' title='bbox 100 3610 152 3668; x_wconf 85' lang='lat' dir='ltr'>sed</span> <span class='ocrx_word' id='word_1_469' title='bbox 166 3609 279 3682; x_wconf 90' lang='lat' dir='ltr'>passive</span> <span class='ocrx_word' id='word_1_470' title='bbox 289 3608 379 3680; x_wconf 93' lang='lat' dir='ltr'>potnit</span> <span class='ocrx_word' id='word_1_471' title='bbox 392 3626 453 3665; x_wconf 87' lang='lat' dir='ltr'>csse</span> <span class='ocrx_word' id='word_1_472' title='bbox 465 3609 587 3679; x_wconf 83' lang='lat' dir='ltr'>quodam</span> <span class='ocrx_word' id='word_1_473' title='bbox 601 3609 685 3664; x_wconf 91' lang='lat' dir='ltr'>modo</span> 
     </span>
     <span class='ocr_line' id='line_1_48' title="bbox 97 3680 686 3738; baseline -0.003 0"><span class='ocrx_word' id='word_1_474' title='bbox 97 3681 223 3738; x_wconf 90' lang='lat' dir='ltr'>materia</span> <span class='ocrx_word' id='word_1_475' title='bbox 235 3681 360 3736; x_wconf 88' lang='lat' dir='ltr'>scandali</span> <span class='ocrx_word' id='word_1_476' title='bbox 377 3686 404 3737; x_wconf 89' lang='lat' dir='ltr'>et</span> <span class='ocrx_word' id='word_1_477' title='bbox 421 3680 542 3736; x_wconf 88' lang='lat' dir='ltr'>occasio.</span> <span class='ocrx_word' id='word_1_478' title='bbox 561 3681 641 3736; x_wconf 91' lang='lat' dir='ltr'>Unde</span> <span class='ocrx_word' id='word_1_479' title='bbox 657 3684 686 3736; x_wconf 92' lang='lat' dir='ltr'>et</span> 
     </span>
     <span class='ocr_line' id='line_1_49' title="bbox 100 3752 685 3824; baseline -0.003 -14"><span class='ocrx_word' id='word_1_480' title='bbox 100 3752 206 3810; x_wconf 86' lang='lat' dir='ltr'>dieitm</span> <span class='ocrx_word' id='word_1_481' title='bbox 232 3759 313 3824; x_wconf 85' lang='lat' dir='ltr'>petra</span> <span class='ocrx_word' id='word_1_482' title='bbox 336 3752 462 3808; x_wconf 86' lang='lat' dir='ltr'>scandali</span> <span class='ocrx_word' id='word_1_483' title='bbox 481 3759 585 3824; x_wconf 90' lang='lat' dir='ltr'>:petra</span> <span class='ocrx_word' id='word_1_484' title='bbox 610 3753 685 3808; x_wconf 92' lang='lat' dir='ltr'>enirn</span> 
     </span>
     <span class='ocr_line' id='line_1_50' title="bbox 96 3823 713 3895; baseline -0.002 -13"><span class='ocrx_word' id='word_1_485' title='bbox 96 3823 208 3882; x_wconf 90' lang='lat' dir='ltr'>nullum</span> <span class='ocrx_word' id='word_1_486' title='bbox 220 3824 401 3889; x_wconf 86' lang='lat' dir='ltr'>scandalizat,</span> <span class='ocrx_word' id='word_1_487' title='bbox 418 3824 484 3894; x_wconf 84' lang='lat' dir='ltr'>quia</span> <span class='ocrx_word' id='word_1_488' title='bbox 498 3830 606 3881; x_wconf 82' lang='lat' dir='ltr'>naturae</span> <span class='ocrx_word' id='word_1_489' title='bbox 627 3840 686 3881; x_wconf 85' lang='lat' dir='ltr'>snae</span> <span class='ocrx_word' id='word_1_490' title='bbox 711 3876 713 3895; x_wconf 86' lang='grc'>,</span> 
     </span>
     <span class='ocr_line' id='line_1_51' title="bbox 100 3894 685 3967; baseline 0 -15"><span class='ocrx_word' id='word_1_491' title='bbox 100 3894 228 3953; x_wconf 89' lang='lat' dir='ltr'>debitum</span> <span class='ocrx_word' id='word_1_492' title='bbox 254 3895 335 3961; x_wconf 71' lang='lat' dir='ltr'>lacit,</span> <span class='ocrx_word' id='word_1_493' title='bbox 352 3896 401 3951; x_wconf 87' lang='lat' dir='ltr'>sed</span> <span class='ocrx_word' id='word_1_494' title='bbox 426 3896 461 3951; x_wconf 94' lang='lat' dir='ltr'>de</span> <span class='ocrx_word' id='word_1_495' title='bbox 484 3900 565 3967; x_wconf 90' lang='lat' dir='ltr'>petra</span> <span class='ocrx_word' id='word_1_496' title='bbox 584 3912 685 3965; x_wconf 81' lang='lat' dir='ltr'>caecus,</span> 
     </span>
     <span class='ocr_line' id='line_1_52' title="bbox 99 3966 686 4038; baseline 0.003 -17"><span class='ocrx_word' id='word_1_497' title='bbox 99 3966 144 4025; x_wconf 83' lang='lat' dir='ltr'>rel</span> <span class='ocrx_word' id='word_1_498' title='bbox 158 3966 290 4024; x_wconf 90' lang='lat' dir='ltr'>incautus</span> <span class='ocrx_word' id='word_1_499' title='bbox 313 3967 530 4034; x_wconf 87' lang='lat' dir='ltr'>scandalizatur,</span> <span class='ocrx_word' id='word_1_500' title='bbox 544 3966 591 4038; x_wconf 85' lang='lat' dir='ltr'>qui</span> <span class='ocrx_word' id='word_1_501' title='bbox 608 3967 686 4024; x_wconf 85' lang='lat' dir='ltr'>laedi·</span> 
     </span>
     <span class='ocr_line' id='line_1_53' title="bbox 101 4038 687 4109; baseline -0.002 -13"><span class='ocrx_word' id='word_1_502' title='bbox 101 4043 157 4096; x_wconf 88' lang='lat' dir='ltr'>tur.</span> <span class='ocrx_word' id='word_1_503' title='bbox 168 4040 201 4095; x_wconf 92' lang='lat' dir='ltr'>lu</span> <span class='ocrx_word' id='word_1_504' title='bbox 211 4038 265 4095; x_wconf 88' lang='lat' dir='ltr'>hoc</span> <span class='ocrx_word' id='word_1_505' title='bbox 274 4054 341 4109; x_wconf 79' lang='lat' dir='ltr'>ergo</span> <span class='ocrx_word' id='word_1_506' title='bbox 352 4039 486 4094; x_wconf 76' lang='lat' dir='ltr'>[tortrinus</span> <span class='ocrx_word' id='word_1_507' title='bbox 499 4038 687 4095; x_wconf 88' lang='lat' dir='ltr'>internuntius</span> 
     </span>
     <span class='ocr_line' id='line_1_54' title="bbox 100 4108 688 4181; baseline -0.003 -13"><span class='ocrx_word' id='word_1_508' title='bbox 100 4108 688 4181; x_wconf 81' lang='lat' dir='ltr'>loannis,quieumCluistumnoncrede-</span> 
     </span>
     <span class='ocr_line' id='line_1_55' title="bbox 101 4181 687 4253; baseline -0.005 -15"><span class='ocrx_word' id='word_1_509' title='bbox 101 4181 183 4250; x_wconf 90' lang='lat' dir='ltr'>bant,</span> <span class='ocrx_word' id='word_1_510' title='bbox 196 4181 329 4253; x_wconf 86' lang='lat' dir='ltr'>percutit,</span> <span class='ocrx_word' id='word_1_511' title='bbox 341 4188 397 4237; x_wconf 85' lang='lat' dir='ltr'>eta</span> <span class='ocrx_word' id='word_1_512' title='bbox 413 4181 539 4252; x_wconf 72' lang='lat' dir='ltr'>perfidias</span> <span class='ocrx_word' id='word_1_513' title='bbox 553 4182 687 4237; x_wconf 88' lang='lat' dir='ltr'>scandalo</span> 
     </span>
     <span class='ocr_line' id='line_1_56' title="bbox 101 4250 688 4322; baseline -0.002 -13"><span class='ocrx_word' id='word_1_514' title='bbox 101 4250 232 4322; x_wconf 82' lang='lat' dir='ltr'>castigat.</span> <span class='ocrx_word' id='word_1_515' title='bbox 247 4253 388 4308; x_wconf 89' lang='lat' dir='ltr'>llocenim</span> <span class='ocrx_word' id='word_1_516' title='bbox 400 4251 519 4320; x_wconf 78' lang='lat' dir='ltr'>induxit,</span> <span class='ocrx_word' id='word_1_517' title='bbox 529 4257 558 4308; x_wconf 92' lang='lat' dir='ltr'>ut</span> <span class='ocrx_word' id='word_1_518' title='bbox 569 4250 688 4309; x_wconf 89' lang='lat' dir='ltr'>loannis</span> 
     </span>
    </p>

    <p class='ocr_par' dir='ltr' id='par_1_7' title="bbox 75 4322 715 4408">
     <span class='ocr_line' id='line_1_57' title="bbox 75 4322 715 4408; baseline 0.002 -26"><span class='ocrx_word' id='word_1_519' title='bbox 75 4400 80 4408; x_wconf 26' lang='grc' dir='ltr'>Ι</span> <span class='ocrx_word' id='word_1_520' title='bbox 101 4322 256 4398; x_wconf 85' lang='lat' dir='ltr'>discipulos</span> <span class='ocrx_word' id='word_1_521' title='bbox 265 4323 340 4382; x_wconf 87' lang='lat' dir='ltr'>adse</span> <span class='ocrx_word' id='word_1_522' title='bbox 351 4325 486 4396; x_wconf 85' lang='lat' dir='ltr'>traheret,</span> <span class='ocrx_word' id='word_1_523' title='bbox 497 4322 588 4397; x_wconf 86' lang='lat' dir='ltr'>quide</span> <span class='ocrx_word' id='word_1_524' title='bbox 598 4323 688 4397; x_wconf 82' lang='lat' dir='ltr'>eool-</span> <span class='ocrx_word' id='word_1_525' title='bbox 711 4344 715 4383; x_wconf 87' lang='lat' dir='ltr'>t</span> 
     </span>
    </p>
   </div>
   <div class='ocr_carea' id='block_1_7' title="bbox 741 3466 1329 4394">
    <p class='ocr_par' dir='ltr' id='par_1_8' title="bbox 741 3466 1329 4394">
     <span class='ocr_line' id='line_1_58' title="bbox 743 3466 1324 3538; baseline 0 -16"><span class='ocrx_word' id='word_1_526' title='bbox 743 3466 791 3538; x_wconf 87' lang='lat' dir='ltr'>qui</span> <span class='ocrx_word' id='word_1_527' title='bbox 805 3466 1101 3523; x_wconf 90' lang='lat' dir='ltr'>libenterhominesin</span> <span class='ocrx_word' id='word_1_528' title='bbox 1112 3466 1183 3523; x_wconf 84' lang='lat' dir='ltr'>facie</span> <span class='ocrx_word' id='word_1_529' title='bbox 1196 3467 1324 3536; x_wconf 90' lang='lat' dir='ltr'>laudant,</span> 
     </span>
     <span class='ocr_line' id='line_1_59' title="bbox 742 3537 1322 3609; baseline 0 -15"><span class='ocrx_word' id='word_1_530' title='bbox 742 3537 1322 3609; x_wconf 77' lang='lat' dir='ltr'>autquandovideutamicosejuslideles‚</span> 
     </span>
     <span class='ocr_line' id='line_1_60' title="bbox 742 3608 1325 3693; baseline 0.002 -27"><span class='ocrx_word' id='word_1_531' title='bbox 742 3615 793 3666; x_wconf 87' lang='lat' dir='ltr'>aut</span> <span class='ocrx_word' id='word_1_532' title='bbox 821 3608 991 3666; x_wconf 90' lang='lat' dir='ltr'>domesticos</span> <span class='ocrx_word' id='word_1_533' title='bbox 1017 3611 1089 3682; x_wconf 74' lang='lat' dir='ltr'>eJ&#39;us,</span> <span class='ocrx_word' id='word_1_534' title='bbox 1106 3626 1177 3693; x_wconf 88' lang='lat' dir='ltr'>quos</span> <span class='ocrx_word' id='word_1_535' title='bbox 1206 3611 1325 3668; x_wconf 91' lang='lat' dir='ltr'>credunt</span> 
     </span>
     <span class='ocr_line' id='line_1_61' title="bbox 741 3679 1323 3754; baseline 0.005 -17"><span class='ocrx_word' id='word_1_536' title='bbox 741 3679 920 3738; x_wconf 90' lang='lat' dir='ltr'>nuntiaturos</span> <span class='ocrx_word' id='word_1_537' title='bbox 945 3681 984 3738; x_wconf 93' lang='lat' dir='ltr'>illi</span> <span class='ocrx_word' id='word_1_538' title='bbox 1005 3681 1142 3754; x_wconf 82' lang='lat' dir='ltr'>quidquid</span> <span class='ocrx_word' id='word_1_539' title='bbox 1170 3683 1323 3740; x_wconf 88' lang='lat' dir='ltr'>audierint.</span> 
     </span>
     <span class='ocr_line' id='line_1_62' title="bbox 742 3753 1325 3827; baseline 0.005 -17"><span class='ocrx_word' id='word_1_540' title='bbox 742 3756 824 3819; x_wconf 90' lang='lat' dir='ltr'>Nam,</span> <span class='ocrx_word' id='word_1_541' title='bbox 835 3753 882 3825; x_wconf 89' lang='lat' dir='ltr'>qui</span> <span class='ocrx_word' id='word_1_542' title='bbox 896 3753 1034 3826; x_wconf 91' lang='lat' dir='ltr'>insipiens</span> <span class='ocrx_word' id='word_1_543' title='bbox 1047 3762 1100 3823; x_wconf 86' lang='lat' dir='ltr'>est,</span> <span class='ocrx_word' id='word_1_544' title='bbox 1113 3757 1218 3827; x_wconf 80' lang='lat' dir='ltr'>gaudet</span> <span class='ocrx_word' id='word_1_545' title='bbox 1229 3757 1325 3813; x_wconf 88' lang='lat' dir='ltr'>lauda·</span> 
     </span>
     <span class='ocr_line' id='line_1_63' title="bbox 743 3825 1323 3900; baseline 0.003 -20"><span class='ocrx_word' id='word_1_546' title='bbox 743 3830 788 3882; x_wconf 91' lang='lat' dir='ltr'>tus</span> <span class='ocrx_word' id='word_1_547' title='bbox 816 3825 844 3881; x_wconf 94' lang='lat' dir='ltr'>in</span> <span class='ocrx_word' id='word_1_548' title='bbox 878 3825 963 3894; x_wconf 81' lang='lat' dir='ltr'>lacie3</span> <span class='ocrx_word' id='word_1_549' title='bbox 996 3826 1041 3882; x_wconf 88' lang='lat' dir='ltr'>vir</span> <span class='ocrx_word' id='word_1_550' title='bbox 1071 3833 1168 3884; x_wconf 86' lang='lat' dir='ltr'>autem</span> <span class='ocrx_word' id='word_1_551' title='bbox 1199 3828 1323 3900; x_wconf 89' lang='lat' dir='ltr'>sapiens,</span> 
     </span>
     <span class='ocr_line' id='line_1_64' title="bbox 743 3897 1325 3969; baseline -0.003 -15"><span class='ocrx_word' id='word_1_552' title='bbox 743 3898 856 3969; x_wconf 86' lang='lat' dir='ltr'>quando</span> <span class='ocrx_word' id='word_1_553' title='bbox 870 3897 1002 3955; x_wconf 89' lang='lat' dir='ltr'>landatur</span> <span class='ocrx_word' id='word_1_554' title='bbox 1021 3898 1050 3954; x_wconf 93' lang='lat' dir='ltr'>in</span> <span class='ocrx_word' id='word_1_555' title='bbox 1069 3899 1151 3968; x_wconf 83' lang='lat' dir='ltr'>facie,</span> <span class='ocrx_word' id='word_1_556' title='bbox 1165 3900 1325 3968; x_wconf 86' lang='lat' dir='ltr'>llagellatur</span> 
     </span>
     <span class='ocr_line' id='line_1_65' title="bbox 743 3968 1325 4040; baseline -0.007 -15"><span class='ocrx_word' id='word_1_557' title='bbox 743 3968 773 4025; x_wconf 91' lang='lat' dir='ltr'>in</span> <span class='ocrx_word' id='word_1_558' title='bbox 788 3970 884 4025; x_wconf 93' lang='lat' dir='ltr'>corde.</span> <span class='ocrx_word' id='word_1_559' title='bbox 904 3970 1024 4040; x_wconf 86' lang='lat' dir='ltr'>Propter</span> <span class='ocrx_word' id='word_1_560' title='bbox 1046 3970 1118 4026; x_wconf 87' lang='lat' dir='ltr'>duas</span> <span class='ocrx_word' id='word_1_561' title='bbox 1137 3986 1205 4038; x_wconf 71' lang='lat' dir='ltr'>ergo</span> <span class='ocrx_word' id='word_1_562' title='bbox 1225 3981 1325 4024; x_wconf 89' lang='lat' dir='ltr'>causas</span> 
     </span>
     <span class='ocr_line' id='line_1_66' title="bbox 745 4039 1324 4097; baseline -0.003 -2"><span class='ocrx_word' id='word_1_563' title='bbox 745 4041 828 4096; x_wconf 88' lang='lat' dir='ltr'>homo</span> <span class='ocrx_word' id='word_1_564' title='bbox 853 4040 882 4096; x_wconf 91' lang='lat' dir='ltr'>in</span> <span class='ocrx_word' id='word_1_565' title='bbox 906 4040 977 4097; x_wconf 89' lang='lat' dir='ltr'>laeie</span> <span class='ocrx_word' id='word_1_566' title='bbox 1002 4039 1113 4097; x_wconf 85' lang='lat' dir='ltr'>laudari</span> <span class='ocrx_word' id='word_1_567' title='bbox 1142 4055 1201 4094; x_wconf 90' lang='lat' dir='ltr'>non</span> <span class='ocrx_word' id='word_1_568' title='bbox 1229 4040 1324 4093; x_wconf 88' lang='lat' dir='ltr'>debet.</span> 
     </span>
     <span class='ocr_line' id='line_1_67' title="bbox 744 4110 1325 4180; baseline -0.009 -14"><span class='ocrx_word' id='word_1_569' title='bbox 744 4111 893 4167; x_wconf 84' lang='lat' dir='ltr'>Primum:</span> <span class='ocrx_word' id='word_1_570' title='bbox 909 4110 933 4166; x_wconf 94' lang='lat' dir='ltr'>si</span> <span class='ocrx_word' id='word_1_571' title='bbox 951 4110 1110 4180; x_wconf 90' lang='lat' dir='ltr'>sapientem</span> <span class='ocrx_word' id='word_1_572' title='bbox 1136 4110 1214 4164; x_wconf 87' lang='lat' dir='ltr'>illurn</span> <span class='ocrx_word' id='word_1_573' title='bbox 1230 4115 1325 4179; x_wconf 89' lang='lat' dir='ltr'>putas,</span> 
     </span>
     <span class='ocr_line' id='line_1_68' title="bbox 743 4182 1327 4263; baseline -0.007 -26"><span class='ocrx_word' id='word_1_574' title='bbox 743 4182 869 4263; x_wconf 76' lang='lat' dir='ltr'>graviter</span> <span class='ocrx_word' id='word_1_575' title='bbox 894 4187 1077 4253; x_wconf 88' lang='lat' dir='ltr'>suscepturus</span> <span class='ocrx_word' id='word_1_576' title='bbox 1099 4183 1157 4246; x_wconf 89' lang='lat' dir='ltr'>est;</span> <span class='ocrx_word' id='word_1_577' title='bbox 1185 4183 1213 4233; x_wconf 89' lang='lat' dir='ltr'>et</span> <span class='ocrx_word' id='word_1_578' title='bbox 1238 4193 1327 4248; x_wconf 88' lang='lat' dir='ltr'>quare</span> 
     </span>
     <span class='ocr_line' id='line_1_69' title="bbox 743 4248 1328 4326; baseline -0.007 -19"><span class='ocrx_word' id='word_1_579' title='bbox 743 4253 784 4308; x_wconf 83' lang='lat' dir='ltr'>illi</span> <span class='ocrx_word' id='word_1_580' title='bbox 812 4252 945 4309; x_wconf 86' lang='lat' dir='ltr'>laudibus</span> <span class='ocrx_word' id='word_1_581' title='bbox 971 4252 1026 4307; x_wconf 90' lang='lat' dir='ltr'>tuis</span> <span class='ocrx_word' id='word_1_582' title='bbox 1054 4248 1214 4305; x_wconf 89' lang='lat' dir='ltr'>molestiam</span> <span class='ocrx_word' id='word_1_583' title='bbox 1238 4248 1328 4326; x_wconf 72' lang='lat' dir='ltr'>lacis?</span> 
     </span>
     <span class='ocr_line' id='line_1_70' title="bbox 744 4320 1329 4394; baseline -0.014 -11"><span class='ocrx_word' id='word_1_584' title='bbox 744 4324 919 4383; x_wconf 84' lang='lat' dir='ltr'>Secundum:</span> <span class='ocrx_word' id='word_1_585' title='bbox 938 4321 964 4381; x_wconf 85' lang='lat' dir='ltr'>si</span> <span class='ocrx_word' id='word_1_586' title='bbox 981 4320 1163 4394; x_wconf 87' lang='lat' dir='ltr'>insipientem</span> <span class='ocrx_word' id='word_1_587' title='bbox 1177 4320 1259 4378; x_wconf 91' lang='lat' dir='ltr'>illum</span> <span class='ocrx_word' id='word_1_588' title='bbox 1271 4335 1329 4377; x_wconf 84' lang='lat' dir='ltr'>en·</span> 
     </span>
    </p>
   </div>
   <div class='ocr_carea' id='block_1_8' title="bbox 0 0 1455 4942">
    <p class='ocr_par' dir='ltr' id='par_1_9' title="bbox 0 0 1455 4942">
     <span class='ocr_line' id='line_1_71' title="bbox 0 0 1455 4942; baseline 0 0"><span class='ocrx_word' id='word_1_589' title='bbox 0 0 1455 4942; x_wconf 95' lang='lat' dir='ltr'> </span> 
     </span>
    </p>
   </div>
  </div>
 </body>
</html>
