2880 4942
342 334 383 388 nt
409 333 520 388 tinto
546 333 668 390 uirtuti
695 332 827 390 lltlbllt
855 333 1021 389 utentis.
1250 335 1297 391 tos

62 459 95 499 er
120 457 221 498 nonam
242 456 342 497 sionna
362 458 410 496 nsr
425 457 519 497 nomos
535 456 651 497 onuems

62 530 175 582 nouam,
190 530 347 570 cnsusnrnnr
360 529 529 582 recearonn,
546 530 652 569 sonora·

62 603 108 642 rru
122 602 210 641 ranan
230 602 302 640 mum
322 602 355 640 nr
372 602 464 641 avam.
484 617 519 626 -
536 586 652 656 Mystico

63 663 173 726 autem,
182 657 336 713 secundum
343 657 445 712 Bedum
456 662 485 713 et
492 657 650 727 nolanum,

63 728 150 785 bomo
168 728 215 799 qui
239 729 365 785 habebat
388 744 507 784 manum
528 728 650 798 aridam,

63 801 220 857 humanum
255 815 345 871 genus
372 799 481 856 indicat
513 799 543 855 in
574 801 650 857 bono

63 887 149 944 opere
164 871 331 936 arefactum,
346 887 398 944 pro
410 888 497 928 manu
513 872 542 927 in
556 873 650 943 primo

60 948 180 1015 parente
196 942 233 999 ad
248 959 364 1016 pomum
381 942 499 999 vetitum
514 948 649 1012 extensa3

59 1014 156 1071 sedin
179 1014 362 1071 miseratione
381 1012 506 1084 Domini,
524 1013 606 1069 saluti
623 1018 652 1071 et

59 1085 204 1144 bonorum
227 1101 347 1157 operum
363 1085 511 1153 fructibus,
532 1100 584 1156 per
605 1084 650 1142 in-

60 1162 200 1213 nocentes
219 1156 322 1213 Christi
343 1172 445 1213 manus
459 1156 488 1212 in
504 1172 586 1213 cruce
602 1172 650 1213 ex-

60 1231 171 1296 tensas,
190 1233 232 1284 ost
250 1226 390 1285 restituta.
408 1230 441 1284 Et
455 1229 528 1284 bene
549 1243 650 1286 manus

58 1297 92 1356 in
107 1315 253 1371 synagoga
264 1305 327 1357 erat
338 1300 429 1367 arida,
443 1299 510 1370 quia
524 1299 574 1357 ubi
588 1316 649 1356 ma·

57 1370 108 1444 jus
122 1372 231 1427 donum
245 1370 384 1440 scientiae,
399 1372 437 1427 ibi
453 1377 651 1442 transgressor

59 1442 166 1513 majori
181 1442 310 1526 subiacet
322 1443 422 1570 culssae,
434 1449 462 1498 et
478 1444 594 1514 gravius
606 1447 650 1499 est

99 1514 219 1570 riculum
233 1530 366 1570 inexensa
387 1514 530 1570 ilisnoxae.
541 1515 651 1571 Sanan-

82 1601 181 1642 avoro
194 1601 297 1642 manus
311 1584 392 1641 arida
409 1586 541 1641 'ubobtur
557 1590 651 1641 exten·

60 1655 105 1726 di;
120 1656 187 1728 quia
202 1656 376 1713 infructuosa
396 1601 528 1713 debilitas
546 1656 649 1714 animae

60 1729 140 1786 nullo
157 1728 258 1785 melius
275 1727 375 1808 ordine
390 1743 475 1799 quam
492 1728 649 1800 eleemosy-

60 1815 166 1857 narum
194 1799 325 1873 largitate
361 1805 488 1856 curatur.
520 1801 651 1856 Habebat

62 1875 160 1930 autem
179 1873 266 1929 homo
283 1872 430 1928 dexteram
457 1887 572 1928 manum
588 1872 649 1928 lan·

59 1943 189 2073 guidam,
205 1943 272 2015 qnia
284 1944 320 1999 ab
346 1943 536 2015 eleemosynis
551 1948 648 2015 torpe-

80 2021 125 2084 at;
143 2014 287 2072 sinistram
296 2015 484 2087 sanam‚quia
499 2031 557 2071 suae
572 2014 649 2071 utili-

59 2085 115 2143 tati
135 2085 310 2144 intendebat.
328 2088 395 2155 Sed,
411 2086 541 2143 veniente
556 2086 651 2143 Domi·

58 2173 109 2228 no,
123 2163 240 2216 sanatur
254 2159 351 2215 dextra
365 2163 395 2215 ut
412 2158 528 2214 sinistra
545 2176 552 2213 τ
569 2158 648 2230 quia,

100 2229 649 2302 odanteacongregareralavide,modo

79 2300 205 2359 istrrburt
216 2307 372 2359 caritative.
386 2334 421 2342 -
434 2301 550 2373 llyslire
561 2301 649 2358 etiam

59 2370 92 2430 in
113 2374 168 2430 hoc
187 2372 303 2430 iufirmo
328 2390 443 2430 manum
474 2372 583 2429 aridam
600 2375 650 2430 ba·

57 2444 156 2513 bente,
172 2445 269 2502 docuit
282 2451 403 2516 quatuor
417 2444 579 2501 necessaria
590 2461 649 2571 pre·

57 2514 174 2585 nitenti,
190 2516 313 2575 scilieet:
327 2517 402 2589 quod
415 2522 540 2587 surgata
554 2533 587 2571 cu
600 2532 647 2588 pa,

58 2601 112 2662 per
122 2587 320 2660 poenitentiam
333 2588 426 2660 ,quod
440 2593 496 2644 stet
507 2587 648 2658 ingratia,

57 2674 112 2733 per
126 2659 390 2787 perseverantiam:
407 2660 483 2787 &uod
500 2658 531 2714 in
541 2659 648 2728 modio,

56 2745 111 2806 per
145 2730 195 2788 oni
218 2731 340 2804 exempli
362 2731 406 2787 evi

57 2804 190 2861 extendat
210 2819 335 2869 manum,
352 2818 404 2875 per
427 2804 533 2859 bonam
550 2818 649 2875 opera-

58 2873 178 2932 tionem.
192 2875 318 2932 Extende
332 2891 401 2947 ergo
421 2890 537 2930 manum
555 2873 647 2946 primo

56 2945 95 3005 ad
110 2963 263 3020 pauperes,
279 2946 309 3003 in
328 2947 576 3018 eleemosynarum
589 2946 646 3002 lar-

57 3017 181 3093 gitione;
198 3018 322 3076 secundo
332 3018 367 3075 ad
384 3017 521 3082 Drumin
536 3018 646 3074 terren-

56 3088 224 3148 tioratione
241 3108 248 3147 :
266 3090 344 3162 quia,
365 3091 522 3147 secundum
544 3091 645 3159 Grego-

56 3164 142 3233 rium,
160 3162 266 3220 trustra
280 3178 332 3235 pro
350 3163 473 3234 peccatis
492 3166 645 3232 rogaturus

58 3233 199 3292 thoum
222 3249 323 3290 manus
349 3233 492 3306 expandit,
522 3232 571 3303 qui
598 3248 648 3289 eas

56 3319 110 3380 pro
125 3321 209 3377 posse
226 3305 263 3362 ad
281 3321 422 3378 pauperes
438 3320 494 3360 non
511 3303 647 3359 extendit.

56 3373 651 3449 —lloraliter,homobabensmanumari-

56 3446 124 3506 darn
143 3454 188 3507 est
205 3454 347 3522 peccator.
364 3449 476 3504 liabent
492 3444 568 3502 enim
587 3444 649 3516 qui-

58 3519 125 3578 dam
141 3537 192 3578 cor
209 3520 331 3588 aridum,
348 3519 414 3591 quia
433 3517 493 3573 sine
513 3518 589 3598 bona
606 3515 650 3571 at-

57 3591 192 3664 tentione,
213 3591 274 3650 sine
292 3589 510 3664 compassione;
533 3587 650 3658 quidam

57 3662 187 3748 linguam
204 3663 326 3732 aridam,
346 3661 413 3735 quia
432 3661 585 3742 sinebona
606 3659 649 3716 lo·

58 3742 184 3808 cutione,
199 3735 262 3794 sine
276 3735 326 3793 Dei
342 3735 442 3801 laude;
458 3732 576 3803 quidam
592 3746 650 3788 ma·

57 3823 127 3866 num
152 3808 274 3877 aridam,
290 3806 356 3880 quia
373 3806 434 3862 sino
450 3806 525 3862 bona
545 3820 648 3876 opera·

57 3878 147 3938 tione.
163 3882 229 3937 llaeo
243 3884 338 3936 autem
353 3878 454 3951 triplex
469 3876 587 3933 ariditas
603 3892 650 3932 su-

58 3949 148 4009 mitur
162 3969 195 4009 ex
212 3950 397 4008 similitudino
418 3948 529 4006 arboris
544 3947 647 4017 aridae3

59 4023 127 4096 quia
139 4030 208 4081 tunc
223 4026 266 4080 est
282 4039 346 4079 rere
365 4021 457 4088 arida,
473 4020 589 4092 quando
604 4024 649 4076 est

58 4095 121 4153 sine
136 4112 231 4165 suero,
249 4094 311 4152 sino
326 4093 410 4157 toliis,
428 4098 456 4149 et
471 4092 532 4149 sine
545 4091 647 4148 tructu.

58 4167 116 4225 Cor
130 4168 237 4224 habent
250 4166 372 4235 aridum,
388 4164 492 4232 invidi,
508 4163 649 4236 lingnam,

58 4238 225 4311 maliloqui3
256 4253 384 4306 manum,
409 4235 499 4292 avari.
531 4238 587 4292 lste
615 4250 650 4292 ex

59 4311 228 4371 obedientia
241 4310 337 4370 dirim
356 4323 473 4367 manum
488 4307 573 4366 debet
599 4322 648 4365 ex·

428 2730 535 2787 entiam
547 2748 554 2799 3
572 2730 649 2802 quod
662 2727 668 2739 ‘

708 439 827 497 tendere
844 439 880 496 ad
890 439 1062 522 proximum,
1077 459 1128 516 per
1142 445 1299 524 eleemosy-

709 527 812 568 narum
825 511 1005 583 largitionem
1017 530 1024 581 ;
1038 513 1086 572 ille
1107 516 1204 590 lingua
1219 519 1296 591 loqui

708 584 744 640 ad
760 585 860 651 Deum,
888 599 940 656 per
962 584 1095 642 devotam
1114 590 1295 662 orationem;

708 655 781 712 alius
812 671 881 711 vero
900 671 950 711 cor
979 656 1093 715 elevare
1126 660 1162 717 ad
1181 662 1296 734 coelum,

708 731 888 800 persanctam
905 726 1138 786 meditationem:
1155 731 1238 789 etsie
1253 750 1297 791 sa·

707 803 792 855 natur
803 805 944 871 peccator.
954 800 1035 869 ltern,
1046 803 1202 860 seeundum
1214 807 1296 863 Theo·

706 872 825 943 phitom,
841 869 951 952 aridam
972 872 1117 930 dexteram
1129 875 1217 932 habet
1232 892 1295 936 ma-

707 956 786 1006 num,
819 942 949 1014 quisquis
971 960 1028 1000 non
1062 953 1197 1018 operatur
1230 966 1296 1021 quae

707 1018 775 1069 sunt
784 1013 906 1070 dexterae
915 1015 1021 1087 partis:
1033 1018 1167 1088 quoniam
1178 1019 1242 1077 talis
1253 1026 1297 1079 est

706 1083 849 1156 impotens
874 1086 911 1142 ad
935 1087 1020 1157 bona,
1042 1090 1092 1145 sed
1125 1095 1229 1163 potens
1259 1093 1295 1151 ad

708 1156 792 1212 mala.
809 1158 848 1212 Er
867 1172 924 1228 quo
942 1158 1019 1215 enim
1036 1175 1140 1218 manus
1158 1162 1295 1221 constitu-

706 1226 765 1284 itur
787 1227 817 1283 in
836 1229 971 1300 operibus
991 1231 1153 1302 prohibitis,
1174 1250 1207 1290 ex
1229 1239 1297 1293 tuno

707 1297 812 1356 arescit
839 1299 870 1355 in
898 1300 1033 1373 operibus
1063 1303 1164 1361 bonis.
1189 1308 1296 1366 lterum
1391 1330 1393 1335 ¹

707 1385 775 1426 vero
790 1373 1007 1442 restaurabitur,
1022 1375 1136 1446 quando
1146 1374 1176 1431 in
1188 1377 1294 1436 virtute

708 1447 787 1498 stans
812 1443 987 1514 operabitur.
1004 1446 1059 1503 Per
1073 1463 1190 1504 manum
1207 1450 1295 1520 enim,

707 1529 771 1595 quae
797 1519 841 1570 est
860 1531 997 1586 organum
1024 1533 1207 1589 organorum,
1227 1537 1295 1578 con·

707 1589 856 1665 vementer
883 1585 1053 1658 intelligitur
1080 1606 1151 1662 opus
1177 1592 1295 1649 merito·

708 1672 797 1719 rium:
814 1662 842 1712 et
860 1656 923 1715 ideo
940 1673 1040 1716 manus
1064 1667 1109 1717 est
1122 1661 1214 1733 arida,
1231 1679 1296 1735 quae

707 1733 751 1783 est
765 1727 802 1784 ad
816 1728 870 1784 hoc
889 1746 905 1785 o
927 1746 960 1787 ns
975 1729 1119 1802 invalida3
1149 1735 1200 1791 sed
1230 1751 1295 1794 cum

707 1800 872 1856 adverbum
926 1801 985 1857 risti
1001 1804 1091 1875 surgit
1103 1806 1294 1880 pergratiam,

706 1875 775 1928 tunc
795 1887 911 1953 manum
938 1874 1064 1931 extendit
1088 1892 1140 1948 per
1166 1884 1295 1936 sanctam

706 1947 914 2014 operationum.
942 1973 977 1987 -
1006 1947 1104 2004 Potest
1129 1948 1215 2006 etiam
1243 1966 1295 2023 per

706 2014 862 2082 hominem,
880 2031 997 2072 manum
1005 2017 1116 2075 aridam
1125 2020 1293 2094 habentem,

708 2086 814 2156 signari
829 2086 912 2158 piger
926 2092 955 2143 et
967 2089 1086 2160 otiosus,
1102 2091 1169 2163 quia
1178 2092 1214 2148 ad
1229 2108 1296 2165 ope-

707 2158 830 2213 randum
840 2157 900 2285 AEest
923 2158 1086 2232 invalidus3
1103 2163 1153 2219 sed
1171 2180 1236 2220 cum
1255 2164 1293 2221 ad

707 2229 826 2310 verbum
864 2229 946 2287 bristi
962 2235 1019 2288 stat
1038 2231 1067 2289 in
1092 2233 1185 2291 medio
1202 2235 1293 2293 virtu·

707 2303 753 2368 trs,
771 2317 872 2357 manus
885 2303 947 2373 ejus
973 2308 1101 2369 sanatur,
1118 2311 1148 2362 et
1165 2305 1195 2362 in
1210 2306 1294 2365 bonis

707 2371 841 2444 operibus
852 2378 1009 2432 exercetur.
1022 2377 1187 2447 specialiter
1196 2384 1293 2436 tamen

706 2449 734 2500 et
747 2445 889 2516 praecipue
901 2462 953 2518 per
965 2446 1042 2504 huno
1057 2448 1202 2506 hominem
1225 2467 1292 2508 ava·

706 2530 756 2596 rus
771 2515 911 2597 signatur,
932 2518 1013 2587 cujus
1029 2534 1130 2576 manus
1149 2522 1186 2577 ad
1205 2538 1294 2594 opera

706 2592 820 2658 pretatis
838 2591 865 2642 et
881 2587 1022 2658 largitatis
1038 2589 1165 2647 invalida
1183 2593 1292 2664 reperi·

706 2663 761 2715 tur.
778 2659 869 2729 liujus
882 2674 984 2715 manus
997 2666 1063 2717 sunt
1078 2661 1203 2734 quinque
1219 2663 1292 2735 digi-

705 2728 727 2784 ti
748 2729 888 2801 :primus,
904 2729 1100 2789 inordinatum
1119 2734 1292 2793 desiderium

705 2800 845 2883 habendij
867 2803 1021 2884 secundus,
1048 2804 1130 2861 labor
1143 2807 1292 2879 acquiren-

704 2872 732 2928 d1
747 2891 754 2942 ;
776 2878 885 2942 tertius,
904 2874 1065 2934 sollicitudo
1080 2879 1267 2936 conservandi
1282 2896 1289 2950 ;

704 2951 833 3016 quartus,
845 2945 971 3003 studium
979 2949 1198 3021 multiplicandi,
1210 2951 1291 3025 quin·

702 3023 757 3085 tus,
778 3016 931 3076 infidelitas
956 3019 1150 3094 dispensandi.
1173 3024 1238 3090 Sed,
1258 3028 1291 3081 ut

703 3093 818 3145 sanetur
832 3091 896 3160 isto,
912 3089 938 3146 ei
957 3093 1140 3164 pergratiam
1162 3093 1265 3152 dicitnr
1281 3112 1289 3150 :

702 3161 827 3217 Extende
842 3178 955 3216 morium
974 3167 1061 3232 tuam,
1078 3165 1156 3236 quia,
1177 3180 1290 3222 rumex

703 3230 754 3287 Doi
771 3232 858 3300 dono,
876 3231 913 3287 ad
933 3248 1020 3303 opera
1036 3234 1151 3306 pietatis
1166 3237 1293 3292 extendi·

703 3306 760 3370 tur,
776 3307 843 3358 tunc
860 3306 989 3359 sanatur.
1008 3304 1088 3360 Unde
1103 3306 1265 3360 Ambrosius
1282 3323 1289 3361 :

706 3392 720 3426 o
744 3371 855 3429 Audisti
886 3373 1001 3429 Domini
1025 3375 1112 3431 verba
1139 3375 1289 3433 dicentis:

704 3444 830 3501 Extende
856 3460 969 3500 manum
1003 3449 1101 3514 tuom,
1130 3446 1290 3504 communis

705 3514 761 3571 ista
783 3514 981 3587 generalisque
1008 3515 1151 3574 medicina
1170 3525 1224 3574 ost.
1244 3520 1289 3588 lit,

705 3592 747 3656 tu,
768 3586 814 3658 qui
830 3592 913 3659 putas
927 3603 1044 3670 manum
1064 3589 1171 3647 babere
1193 3595 1221 3646 te
1248 3606 1291 3648 sa·

706 3674 784 3728 nam,
799 3674 868 3715 rave
884 3675 918 3715 ne
934 3660 1064 3730 avaritia,
1081 3677 1148 3718 rare
1158 3679 1193 3720 ne
1204 3661 1290 3719 sacri-

705 3730 780 3803 legio
791 3732 996 3801 contrahatur;
1012 3737 1041 3789 et
1048 3734 1169 3792 extende
1183 3737 1289 3808 saepius

705 3819 779 3860 eam.
789 3804 914 3860 Extende
923 3802 1002 3860 illam
1014 3804 1052 3861 ad
1060 3820 1226 3879 pauperem,
1239 3806 1287 3879 qui

704 3879 733 3931 te
752 3876 896 3943 obsecrat;
924 3877 1054 3947 extende,
1077 3882 1106 3934 ut
1127 3879 1288 3952 proximum

700 3947 803 4019 juros;
818 3953 849 4002 ut
862 3947 953 4005 viduae
965 3948 1130 4021 praesidium
1144 3952 1236 4018 teras;
1259 3953 1290 4005 ut

704 4018 810 4091 eripias
819 4018 933 4090 injuriae
946 4035 1030 4092 quem
1042 4020 1121 4077 vides
1130 4021 1236 4092 injuste
1244 4035 1289 4076 ca·

705 4090 819 4146 lumniae
836 4091 994 4162 subjacere.
1014 4091 1137 4148 Extende
1147 4093 1183 4148 ad
1199 4094 1289 4146 Deum

704 4176 756 4233 pro
769 4161 892 4233 peccatis
902 4164 969 4219 tuis.
988 4163 1033 4221 Sic
1048 4177 1151 4219 manus
1165 4160 1290 4218 extendi·

704 4237 762 4300 tur,
777 4231 819 4288 sie
842 4240 982 4291 sanatur:
1006 4254 1021 4286 o
1037 4234 1099 4289 haec
1114 4235 1288 4289 Ambrosius.

703 4302 807 4378 igitur,
826 4320 954 4380 oavare,
969 4303 1018 4378 qui
1039 4319 1157 4363 manum
1178 4304 1289 4363 aridam
