2880 4942
160 299 194 357 ὓ)
507 293 619 349 Pbliffl
647 293 763 351 ratris
791 292 898 349 UAPUT
924 293 1023 349 XLIX.

160 400 292 463 ,credidit
306 419 313 461 :
329 398 494 459 humanitas
508 399 584 457 enim
598 399 749 456 vestimen-

169 480 232 532 tum
252 473 410 530 diuinitatis
431 478 473 527 est
490 470 613 529 Christo.
631 472 670 528 De
695 486 749 541 ouo

168 545 278 603 dicitur
295 544 369 615 quod
395 545 426 599 ia
441 543 651 599 similitudinem
668 543 751 599 bomi-

167 632 236 675 num
249 618 341 684 sactus
355 620 406 684 est,
423 619 449 671 et
466 613 564 671 babitu
578 617 705 670 inuentus
719 619 752 670 ut

169 689 257 746 bomo.
273 688 307 742 Et
324 694 391 742 tunc
409 702 425 742 a
448 686 525 741 fluxu
544 686 690 756 sanguinis
704 700 750 740 sa·

157 766 232 819 nata
254 757 317 825 init,
341 757 409 828 quia
436 755 554 813 sundere
583 757 751 828 sanguinem

165 830 336 890 catholicum
352 828 470 897 destitit,
484 833 511 883 et
521 828 557 884 ab
571 827 749 895 idolotatriae,

167 918 200 961 ac
225 901 320 956 carnis
342 899 539 969 delectatione,
556 907 585 956 et
607 897 752 972 sanguinis

165 971 303 1032 effusione
319 976 419 1027 sanata
436 969 499 1039 fuit,
516 987 549 1027 ac
564 971 599 1028 ab
614 972 674 1044 ejus
688 970 750 1041 pol·

164 1045 272 1103 lotione
284 1044 411 1101 cessavit.
428 1044 566 1111 Perpente
583 1050 678 1099 autem
695 1043 751 1098 Do-

168 1118 247 1176 mino
264 1116 298 1171 ad
324 1113 413 1170 tiliam
430 1114 662 1188 Archisynagogi,
687 1129 750 1171 mu-

168 1188 223 1245 tier
240 1186 372 1243 morbosa
385 1192 484 1242 sanata
498 1193 550 1255 est,
564 1187 630 1259 quia
645 1187 685 1242 sic
697 1184 752 1242 dis·

163 1266 280 1332 pensata
295 1264 337 1313 est
350 1256 425 1315 salus
445 1258 562 1315 bumani
585 1257 709 1329 generis,
720 1262 751 1314 ut

161 1330 255 1403 primo
270 1330 357 1411 aliqui
377 1345 409 1384 ex
430 1330 526 1400 lsrael,
542 1328 644 1386 deinde
660 1330 749 1400 pieni-

164 1404 231 1460 tudo
247 1401 378 1457 Gentium
399 1402 529 1467 intraret,
554 1406 582 1456 et
603 1401 642 1455 sic
658 1401 750 1456 omnis

166 1471 252 1529 israel
269 1471 361 1527 salvus
375 1471 466 1526 tieret.
481 1468 750 1527 Haemorrboicaau·

162 1552 219 1601 tem
233 1550 342 1608 sanata,
358 1542 555 1612 Arcbisynago
576 1539 585 1596 i
601 1540 659 1595 iilia
672 1557 747 1598 nun·

159 1616 247 1673 tiatur
261 1619 382 1677 mortua,
392 1613 459 1681 quia
469 1614 534 1666 dum
548 1557 698 1668 Uentiiitas
711 1614 746 1669 ad

163 1688 252 1743 Deum
268 1685 453 1750 convertitur,
467 1698 609 1755 synagoga
619 1683 747 1754 perfidiae

162 1765 192 1815 et
223 1757 336 1813 inridiae
358 1762 434 1811 recte
452 1761 565 1811 mortua
587 1756 744 1813 nuntiatur.

163 1831 223 1886 Hoc
237 1831 322 1885 etiam
337 1825 525 1899 significatum
547 1827 601 1883 iuit
619 1826 648 1881 in
663 1842 744 1896 para·

159 1901 225 1958 boia
239 1902 273 1957 de
294 1900 402 1957 duobus
419 1898 496 1966 titiis,
512 1914 632 1970 quorum
651 1898 746 1956 senior

159 1973 195 2030 de
217 1972 404 2031 conversione
422 1973 589 2029 tristabatur
610 1972 744 2044 junioris.

159 2045 239 2104 Unde
254 2046 418 2104 Ambrosius
432 2064 464 2100 :a
481 2045 569 2112 Quem
582 2051 677 2101 autem
692 2060 743 2116 pu·

157 2122 250 2175 tamus
262 2133 413 2190 synagogae
431 2119 520 2186 princi
542 2132 673 2185 emesae,
690 2115 744 2172 nisi

158 2187 272 2258 Legem,
294 2189 372 2258 cujus
394 2134 632 2257 contempUatione
647 2186 743 2265 Domi·

158 2272 211 2314 nus
233 2273 303 2329 syna
323 2271 406 2326 ogam
429 2272 486 2313 non
514 2258 626 2326 penitus
640 2257 743 2311 dereb-

182 2325 242 2386 uit?
255 2272 383 2383 AdUanc
392 2331 486 2381 autem
497 2327 632 2397 principis
643 2325 742 2390 filiam,

160 2343 228 2457 Uum
245 2405 378 2469 properat
390 2397 439 2452 Dei
455 2397 591 2465 Verbum,
605 2402 636 2453 ut
652 2396 744 2451 salvos

162 2469 268 2528 iaceret
290 2469 364 2527 filios
386 2469 483 2540 lsrael,
500 2475 597 2525 sancta
620 2466 744 2524 Ecclesia

160 2559 195 2602 ex
208 2542 345 2601 Gentibus
356 2547 539 2614 congregata,
550 2556 614 2612 quae
632 2537 744 2596 interio-

160 2631 224 2673 rum
244 2615 322 2687 lapsu
337 2616 487 2671 criminum
504 2613 677 2695 deperiebat,
693 2627 744 2683 pa·

160 2698 253 2747 ratam
267 2687 332 2744 aliis
346 2688 402 2744 side
417 2687 565 2759 praeripurt
582 2685 743 2741 sanitatem.

159 2762 232 2829 Quid
245 2767 340 2815 autem
356 2758 410 2815 sibi
422 2758 492 2827 vult,
506 2757 581 2827 quod
594 2757 655 2813 baec
670 2756 746 2826 prin·

160 2832 230 2902 cipis
245 2832 402 2902 synagogae
420 2829 479 2885 iiiia
493 2843 627 2884 canorum
642 2828 744 2884 duode-

158 2906 212 2961 cim
226 2901 411 2969 moriebatur,
427 2907 456 2956 et
470 2901 574 2956 mulier
591 2901 644 2956 ista
668 2900 745 2956 buxu

161 2973 310 3046 sanguinis
323 2973 359 3028 ab
373 2975 456 3028 aunis
474 2972 617 3028 duodecim
631 2971 746 3027 labora·

160 3046 220 3114 bat,
237 3046 291 3102 nisi
304 3051 335 3101 ut
347 3043 523 3112 intelligatur
532 3041 600 3125 quia
609 3043 745 3114 quamdiu

160 3131 174 3171 s
214 3115 745 3188 agogaviguit,laboraratEcclesiai»

187 3190 242 3244 nde
269 3196 297 3244 et
315 3191 498 3258 Hieronymus
524 3206 534 3244 .·
557 3206 571 3241 u
590 3190 661 3245 Nota
677 3203 746 3260 ergo

159 3260 236 3390 guod
250 3275 284 3318 oo
297 3267 427 3331 tempore
447 3260 509 3316 baec
527 3259 639 3330 mulier,
654 3257 683 3316 id
704 3266 747 3316 est

187 3333 297 3389 entium
311 3333 441 3403 populus,
457 3339 581 3400 coeperat
595 3338 745 3405 aegrotare,

161 3419 219 3485 quo
237 3419 327 3476 genus
348 3404 470 3462 credidit
488 3403 669 3474 iudaeorum
693 3403 746 3461 nisi

53 3488 56 3496 ’
160 3490 283 3532 emmer
299 3478 511 3548 comparatione
526 3476 689 3545 criminum,
704 3476 747 3533 ri·

162 3547 235 3604 tium
254 3563 312 3604 non
334 3550 504 3606 ostenditur.
519 3567 533 3601 s
547 3579 583 3593 -
606 3550 749 3607 bioratiter

165 3617 252 3696 etiam
268 3633 320 3687 per
328 3621 477 3676 mutierem
485 3617 630 3691 sanguinis
644 3621 750 3677 fluxum

165 3690 332 3757 patientem,
347 3704 469 3758 persona
483 3691 623 3756 peccatrix
634 3705 652 3745 a
664 3690 749 3760 longo

165 3763 294 3827 tempore
309 3764 338 3813 et
361 3759 398 3817 de
422 3765 539 3829 peccato
553 3761 583 3815 in
602 3766 749 3829 peccatum

163 3829 280 3908 cadens,
303 3834 396 3897 potest
415 3829 555 3956 intettissn
571 3844 635 3911 qum
654 3836 749 3887 tamen

164 3899 323 3956 remedium
347 3907 484 3970 quaerrts
531 3915 638 3971 omino,
652 3901 749 3959 dicens

163 3970 190 4029 ei
206 3993 214 4029 z
230 3970 329 4028 bibero
343 3986 385 4026 me
399 3972 433 4029 ds
454 3972 647 4043 mapuiuibus,
664 3975 747 4044 Dm,

163 4044 236 4101 Deus
245 4043 345 4123 subde
356 4058 432 4101 mes.
443 4042 580 4101 Dominus
592 4059 662 4116 ergo
675 4059 747 4116 quo·

161 4113 231 4172 tidie
258 4115 408 4172 mutierem
437 4115 578 4187 sanguine
610 4116 746 4174 fluentem

157 4191 250 4257 sanat,
277 4186 345 4242 dum
370 4186 498 4244 animam
526 4185 644 4247 diversis
669 4188 745 4247 vitiis

159 4263 322 4328 corruptam
334 4272 386 4329 per
398 4258 520 4331 gutiam
535 4263 626 4317 curat.

842 400 860 453 8
872 397 1006 455 Cnarsrus
1019 414 1112 457 nouos
1124 400 1195 456 ium
1216 416 1331 458 ruraans
1345 418 1393 462 xu-

807 485 985 526 uunrusnrsx
1010 487 1116 527 ruanis
1138 489 1219 528 rnrxo
1243 489 1334 531 sarcir.
1358 503 1394 517 -

805 541 923 609 Deinde,
938 556 1003 597 cum
1019 541 1111 598 nuntii
1129 543 1165 598 ad
1184 545 1393 617 archisynago-

804 628 871 693 gum
898 613 1047 681 renbsent,
1076 613 1201 670 dicentes
1221 616 1282 685 ejtrs
1304 616 1393 674 titiam

803 699 861 754 Jam
876 700 937 740 esse
952 691 1105 751 mortuam,
1121 685 1191 741 dixit
1203 688 1282 742 iesus
1296 688 1396 745 Archi·

805 771 960 827 synagogo,
970 771 1034 812 eum
1045 756 1081 813 ad
1094 757 1177 813 fldem
1188 758 1393 816 confortando:

803 827 870 885 Noli
886 829 989 896 timere,
1006 828 1034 882 in
1054 827 1109 884 fide
1133 830 1300 891 dubitando.
1317 830 1396 887 mede

805 903 921 965 tuntum,
938 904 964 954 et
977 900 1057 954 soluo
1071 902 1124 955 erit
1136 917 1153 956 a
1168 909 1269 957 morte.
1283 904 1320 957 Et
1334 918 1395 959 cum

804 973 922 1027 venusti
950 973 1028 1027 iesus
1053 974 1083 1026 in
1110 971 1218 1027 domum
1245 975 1395 1044 principit,

806 1041 914 1098 invenit
932 1041 1022 1098 tiliam
1050 1043 1109 1113 ejus
1133 1044 1193 1113 iam
1221 1044 1394 1114 defunctam,

805 1119 834 1172 et
855 1113 987 1170 tibicines
1009 1115 1198 1171 conductitios
1220 1131 1336 1172 carmen
1355 1115 1395 1172 lu·

805 1186 895 1259 gubre
908 1190 1052 1244 canentes.
1073 1187 1196 1243 Diversae
1213 1187 1289 1242 enim
1304 1186 1395 1244 melo·

806 1259 860 1315 dim
894 1256 1017 1314 diversas
1043 1259 1185 1328 passiones
1213 1259 1351 1325 excitant,
1367 1255 1397 1313 in

805 1330 920 1386 bomine
933 1351 940 1386 ε
955 1328 1058 1399 aliqua
1076 1328 1150 1385 enim
1169 1329 1293 1385 excitant
1305 1329 1395 1386 auda·

804 1404 887 1469 ciam,
900 1407 930 1456 nt
941 1406 1018 1470 patet
1031 1400 1059 1456 in
1071 1400 1276 1467 tubisbeilicis;
1292 1400 1394 1471 aliquae

804 1473 995 1538 devotionem,
1010 1477 1041 1527 ut
1056 1479 1133 1543 patet
1156 1473 1185 1528 in
1201 1473 1318 1529 canticis
1343 1473 1394 1529 Ec·

805 1542 984 1611 clesiasticis;
997 1544 1100 1616 atiqoae
1116 1545 1255 1611 laetitiam,
1270 1550 1302 1599 ut
1318 1547 1396 1615 patet

803 1618 831 1673 in
851 1616 968 1671 dirersis
985 1615 1179 1672 instrumentis
1191 1616 1322 1684 musicis;
1342 1615 1395 1671 ali·

803 1703 868 1758 quac
893 1689 1017 1743 excitant
1030 1689 1128 1743 fletum
1148 1696 1176 1743 et
1200 1688 1331 1743 devotam
1353 1685 1395 1743 la·

802 1760 1020 1827 mentationem,
1055 1764 1084 1814 et
1112 1760 1215 1815 tatibus
1244 1759 1396 1814 utebantur

803 1830 963 1901 antiquitus
989 1831 1018 1887 in
1053 1833 1191 1903 exsequiis
1227 1842 1396 1902 magnarum

803 1918 999 1974 personarum,
1027 1908 1057 1958 ut
1085 1910 1285 1973 provocaretur
1300 1899 1395 1956 multi·

803 1976 872 2031 tudo
887 1976 923 2032 ad
937 1977 1035 2033 fletum
1055 1981 1083 2031 et
1098 1973 1214 2031 luctum:
1231 1971 1396 2030 Christianis

802 2054 898 2104 tamen
911 2063 968 2105 non
977 2047 1111 2105 convenit
1121 2047 1191 2101 tates
1200 2047 1316 2114 babere,
1330 2043 1397 2115 quia

801 2136 860 2177 non
878 2120 985 2176 debent
999 2117 1238 2175 inconsolabiliter
1264 2118 1344 2171 tlcre.
1359 2116 1395 2173 Et

799 2194 905 2246 incenit
928 2188 1013 2244 etiam
1037 2187 1145 2243 turbam
1172 2189 1395 2251 tuirstattumrtsm,

804 2262 832 2315 iu
861 2262 941 2325 fletu,
967 2258 1081 2328 planctu
1105 2262 1133 2310 et
1161 2256 1270 2311 ulutatu
1292 2257 1395 2325 mult0,

802 2329 877 2402 quod
907 2333 1024 2383 vocatur
1054 2327 1202 2394 tumuitus,
1229 2323 1295 2395 qiria
1328 2325 1398 2382 inde

803 2405 938 2456 causatur
950 2414 1037 2454 sonus
1050 2396 1194 2465 contusus,
1212 2413 1244 2452 ac
1262 2396 1349 2451 etiam
1365 2395 1397 2453 in

804 2470 1011 2541 praeparatione
1025 2469 1205 2526 funeralium.
1221 2471 1255 2524 Et
1268 2469 1395 2524 dicebat:

804 2546 898 2603 Nolite
921 2545 994 2612 itere,
1018 2558 1072 2598 noa
1095 2547 1135 2597 est
1153 2548 1264 2598 artorius
1287 2543 1394 2612 puetis,

805 2616 833 2672 id
849 2623 892 2670 est
905 2613 934 2671 in
948 2621 1040 2671 morte
1054 2630 1199 2683 mansura,
1213 2615 1261 2669 scd
1280 2614 1392 2680 dormit,

803 2686 911 2744 scilicet
929 2684 1011 2755 mibi,
1027 2684 1094 2757 quia
1113 2687 1152 2743 ita
1173 2686 1207 2741 dc
1230 2685 1305 2742 sacili
1329 2698 1393 2755 pos·

803 2775 864 2816 sum
881 2774 945 2815 eam
964 2760 1109 2826 suscitare,
1131 2763 1162 2813 ut
1179 2758 1213 2813 dc
1228 2772 1328 2814 somno
1345 2771 1392 2812 ex·

804 2833 902 2889 citare.
914 2832 993 2887 Unde
1004 2830 1079 2887 Beda
1094 2849 1103 2887 ε
1118 2852 1132 2881 u
1143 2829 1309 2885 Hominibus
1320 2841 1394 2882 mor·

804 2911 852 2959 tua
865 2907 938 2970 erat,
953 2902 1020 2972 quia
1034 2903 1170 2958 suscitare
1192 2903 1392 2972 nequiverant,

805 2975 865 3030 Deo
880 2974 1050 3042 dormiebat,
1066 2973 1097 3030 in
1116 2975 1196 3045 cujus
1211 2973 1394 3044 dispositione

805 3054 834 3103 et
861 3043 957 3103 anima
982 3051 1098 3115 recepta
1127 3045 1240 3100 vivebat
1272 3050 1301 3100 et
1329 3057 1395 3099 earo

805 3116 999 3174 resuscitanda
1029 3117 1204 3188 quiescebat.
1231 3117 1310 3173 Unde
1335 3128 1395 3171 mos

804 3189 880 3259 apud
897 3188 1070 3246 Christianos
1082 3188 1215 3255 obtinuit,
1231 3188 1306 3258 qnod
1320 3201 1395 3243 mor-

804 3261 844 3316 tui
857 3261 906 3332 qui
921 3261 1106 3317 resurrecturi
1119 3275 1178 3315 esse
1191 3276 1248 3316 non
1264 3258 1394 3316 dubitan-

804 3340 861 3401 tur,
883 3333 1058 3389 dormientes
1072 3337 1219 3389 aocentor.
1237 3351 1251 3383 o
1266 3334 1303 3388 Et
1318 3331 1394 3388 deri·

803 3405 905 3461 debunt
916 3421 986 3472 eum,
996 3408 1133 3533 Xutantes
1149 3404 1224 3473 quod
1239 3404 1274 3458 de
1291 3400 1395 3459 dormi·

804 3479 882 3533 tione
892 3477 984 3533 somni
1017 3476 1114 3545 iceret,
1130 3481 1158 3529 et
1170 3489 1233 3530 eam
1243 3489 1304 3531 esse
1316 3489 1395 3532 mor·

804 3554 882 3605 tuam
893 3547 1100 3605 nesciretEcce
1109 3544 1396 3604 deridetuerristus

806 3618 935 3675 incuriis
958 3617 1129 3688 principum,
1140 3633 1194 3674 nec
1218 3617 1312 3688 arguit
1335 3631 1394 3683 eos,

806 3690 875 3760 quia
889 3695 997 3758 quanto
1011 3689 1104 3761 major
1119 3688 1172 3746 tuit
1185 3690 1301 3757 derisio,
1316 3694 1396 3747 tanto

807 3765 906 3830 postea
925 3759 1141 3830 majoruirtutis
1165 3760 1327 3818 ostentatio.
1343 3760 1396 3821 Ubi

805 3833 1039 3913 Hieronpmusss
1060 3834 1121 3890 Non
1135 3839 1229 3889 autem
1249 3837 1332 3889 erant
1351 3832 1395 3890 di·

807 3918 869 3974 gni,
889 3910 920 3958 ut
945 3903 1075 3961 riderent
1106 3905 1272 3976 mysterium
1297 3918 1394 3963 resur·

803 3972 958 4046 gentisqui
970 3975 1182 4033 resuscitantem
1192 3973 1318 4042 iunianis
1330 3989 1396 4033 con-

804 4045 930 4103 tumetiis
940 4045 1106 4105 irridebant.
1123 4065 1139 4100 a
1154 4044 1288 4114 Quamvis
1297 4052 1394 4105 autem

806 4117 945 4176 Dominus
958 4116 1143 4175 deridebatur
1154 4119 1191 4174 ab
1210 4119 1261 4185 eis,
1277 4133 1335 4177 non
1349 4123 1395 4177 ts·

809 4204 882 4246 men
894 4188 1002 4247 destitit
1016 4189 1053 4247 ab
1077 4189 1208 4260 incoepto.
1230 4190 1260 4246 ln
1283 4204 1341 4261 quo
1354 4189 1395 4249 in·

803 4265 956 4319 struuntur
967 4258 1046 4332 boni,
1061 4261 1136 4331 quod
1147 4275 1211 4319 cum
1227 4259 1394 4321 deridentur
