2880 4942
139 358 187 410 tto

140 463 225 525 lilaea,
239 475 302 532 quae
317 458 521 529 interpretatur
536 458 722 525 transmigren-

139 538 179 591 te'o
207 536 296 602 fecte,
322 531 348 585 id
376 534 418 585 est
446 527 474 582 in
499 526 633 583 membris
653 526 720 595 suis,

138 622 204 677 qnae
222 600 427 672 transmigrant
443 599 478 654 de
493 598 567 653 ritiis
582 598 618 654 ad
636 598 723 655 virtu·

139 682 189 745 tes,
207 675 278 732 etin
298 672 338 730 eis
358 670 520 743 proliciunt.
539 670 721 727 Postmodum

137 765 204 804 vero
217 746 354 803 Dominus
363 742 501 809 aseendit,
514 742 581 812 quia
594 744 723 799 membra

137 819 240 876 Christi
256 833 313 873 non
340 815 425 885 hujus
439 812 515 881 ritae,
532 813 583 869 sed
608 818 722 869 aeteruae

135 889 255 963 gloriam
273 892 424 959 quaerunt3
441 885 549 942 occulte
564 890 658 941 autem
671 886 723 941 Do·

135 961 231 1018 minus
261 957 399 1027 aseendit,
419 958 486 1029 quia
511 955 603 1012 omnis
630 959 722 1026 utorio

135 1035 194 1104 ejus
210 1033 342 1097 abintus,
359 1030 446 1085 idest
466 1028 501 1085 de
527 1028 613 1084 cordo
639 1044 720 1098 puro,

134 1112 163 1162 et
180 1106 215 1162 de
227 1101 400 1160 conscientia
416 1099 581 1170 bona,etdc
595 1099 651 1155 hde
665 1116 722 1156 non

133 1177 217 1233 fleta:
229 1198 244 1228 u
256 1178 317 1232 haec
326 1175 411 1231 Beda.
424 1175 496 1229 llota
508 1170 574 1244 quia
583 1173 721 1228 Dominus

133 1248 279 1315 docturus,
294 1245 433 1304 miracula
456 1244 513 1301 imo
537 1243 565 1299 in
587 1243 720 1300 omnibus

133 1320 247 1392 magnis
260 1318 392 1391 operibus
407 1315 540 1385 potentiae
560 1320 587 1371 et
608 1314 721 1370 virtutis

133 1408 192 1449 snae
206 1391 328 1463 gloriam
345 1388 426 1460 lngit,
447 1389 545 1443 nolens
563 1387 655 1442 socios
669 1387 720 1442 ha·

132 1463 210 1527 bere,
222 1465 263 1518 rel
281 1461 395 1517 nuntios
412 1457 609 1526 praeambulos,
623 1463 653 1513 ut
668 1474 720 1529 pa-

133 1537 173 1590 let
189 1535 234 1589 hic
250 1538 278 1589 et
294 1534 320 1587 in
340 1529 469 1603 pluribus
484 1528 558 1586 aliis.
580 1532 664 1595 Quasi
678 1528 719 1584 di-

132 1612 228 1660 ceret:
243 1605 350 1671 Quanto
364 1601 504 1670 majores,
519 1602 636 1655 bramitiu
651 1605 677 1655 te
691 1603 720 1655 in

132 1676 267 1733 omuibus.
285 1675 317 1730 ln
332 1672 467 1744 oporibus
485 1687 552 1727 vero
571 1670 718 1726 bumilita-

130 1745 293 1804 tistnrbam
314 1742 448 1801 comitem
464 1741 575 1806 habuit,
601 1743 719 1799 veniens

130 1818 167 1875 ad
183 1820 349 1875 Passionem
364 1834 371 1885 ;
388 1822 417 1873 et
441 1815 507 1872 disci
532 1813 592 1869 ulos
604 1813 718 1885 praemi·

130 1889 177 1955 sit,
192 1889 291 1946 nisibi
306 1888 416 1945 asinam
429 1893 457 1944 ct
471 1831 580 1959 pnflum
593 1886 716 1943 adduce-

129 1968 203 2019 rent.
228 1961 320 2018 Etiam
341 1965 518 2017 comesturus
538 1973 642 2028 agnum
666 1973 716 2029 pa-

127 2035 252 2096 schalem
263 2032 408 2106 praemisit,
418 2031 464 2114 qui
475 2035 668 2102 praepararent
679 2030 717 2110 ¹⁰:

129 2121 209 2171 cnm;
222 2107 272 2162 sed
286 2106 340 2161 boc
351 2104 454 2161 lecitm
464 2103 533 2158 tanti
546 2105 716 2157 sacramenu

128 2180 305 2258 mysterium,
316 2177 392 2247 quod
402 2191 460 2231 non
473 2174 557 2230 debet
571 2174 655 2240 sumi,
672 2174 714 2227 ni-

129 2264 153 2304 st
164 2263 229 2304 cum
245 2264 348 2319 magna
359 2245 567 2319 praeparatione
581 2242 715 2300 virtutum

128 2325 157 2374 et
174 2320 315 2376 bonorum
336 2333 464 2388 operum.

163 2396 179 2447 6
199 2390 381 2458 anuaurmu
396 2390 524 2444 Doumnu
538 2404 663 2442 mraurro
677 2404 714 2442 m·

127 2480 222 2519 ranst.
234 2490 267 2502 -·
281 2461 370 2517 ludaei
376 2476 439 2530 erpo
449 2458 714 2529 communiterque-

125 2535 223 2591 rebent
239 2549 299 2591 eum
314 2536 343 2588 tu
358 2534 403 2588 die
416 2534 496 2601 sesto.
512 2535 666 2602 antequam
682 2547 712 2586 a·

126 2602 712 2677 scenderet,qnoniamuonvideranteum

125 2677 226 2735 adesse
244 2693 308 2733 cum
327 2676 485 2737 iratribus:
512 2680 537 2731 et
559 2675 712 2730 dicebaut.-

128 2750 179 2805 Ube'
193 2753 233 2804 est
257 2747 328 2803 ette‘t
350 2747 458 2803 scilicet
472 2745 538 2801 tulis
559 2751 588 2802 et
614 2751 712 2801 tantus

123 2819 304 2889 praedicator,
317 2824 345 2873 et
357 2816 558 2873 miraculorum
566 2821 709 2888 operator.

125 2892 185 2946 b'on
199 2887 347 2946 nominant
365 2904 430 2944 eum
444 2886 560 2942 nomine
584 2886 709 2959 proprio,

124 2966 182 3017 tam
208 2963 369 3032 quarentes
402 2974 466 3015 eum
496 2957 591 3013 ammo
622 2959 709 3027 bono,

124 3047 208 3103 quam
225 3032 309 3086 malo.
328 3028 447 3097 Quidam
460 3028 711 3099 enirnquaerebant

122 3119 200 3172 eum,
226 3101 367 3159 desiderio
389 3100 566 3170 addiscendi,
590 3109 620 3157 nt
647 3101 709 3173 eins

122 3173 281 3232 doctrinam
294 3174 395 3231 devote
410 3173 564 3241 audirent,
581 3172 641 3240 alii,
658 3173 708 3229 de-

122 3245 227 3305 siderio
241 3245 427 3318 malignandi.
444 3251 474 3303 ut
486 3260 552 3302 eum
567 3244 707 3301 interlice-

120 3328 199 3388 rent;
215 3319 354 3386 alii,rana
367 3317 541 3385 curiositate,
550 3322 580 3373 ut
593 3332 657 3373 eum
669 3316 707 3373 vi·

119 3390 231 3448 derent.
248 3390 288 3449 llli
303 3406 381 3461 ergo,
398 3389 445 3461 qui
461 3390 627 3462 quaerebant
640 3404 705 3445 eum

120 3477 152 3519 ex
168 3462 245 3544 odiu,
262 3462 491 3545 dedignabantur
508 3478 573 3519 eum
590 3459 705 3517 nomino

116 3548 235 3659 Propero
247 3551 407 3602 nominare,
423 3549 489 3605 quta
503 3549 606 3589 nomen
621 3548 704 3588 suum

129 3603 169 3659 uit
182 3605 223 3660 eis
234 3605 383 3661 molestum
393 3610 421 3660 et
431 3621 527 3675 grave.
537 3605 592 3661 Sed
602 3603 642 3659 illi
654 3603 704 3675 qui

116 3675 283 3746 quaerebant
310 3692 375 3732 enm
402 3691 434 3731 cr
459 3674 621 3741 devotione,
645 3691 702 3731 non

115 3746 257 3804 audebant
281 3762 345 3802 cum
366 3746 524 3813 nominare,
540 3747 583 3801 rel
599 3745 640 3801 ita
656 3763 701 3802 ro·

111 3820 251 3890 putabant
265 3832 329 3872 eum
351 3816 491 3872 taurosum
512 3822 540 3872 et
555 3815 700 3872 anthenti-

112 3905 187 3958 cnm,
209 3890 283 3962 quod
309 3904 367 3944 non
386 3889 535 3958 oportebat
555 3887 629 3942 itlius
649 3903 699 3941 no-

111 3976 176 4017 men
186 3962 332 4034 proprium
344 3959 512 4031 exprimere.
522 3957 591 4015 Vani
601 3964 698 4014 antem

110 4048 169 4089 non
197 4033 336 4090 curabant
365 4036 399 4087 de
427 4047 477 4087 suo
507 4029 632 4086 nomine.
663 4034 698 4086 lu

109 4120 233 4162 murmur
245 4107 361 4161 multum
376 4107 435 4159 erat
459 4106 489 4158 in
512 4103 593 4158 turbu
607 4102 641 4157 de
655 4118 696 4172 eo,

110 4180 138 4233 et
163 4175 303 4234 dissensio
322 4181 440 4250 propter
465 4172 696 4232 contrarietatem

486 349 596 404 Plilssi
623 350 742 404 Pttttts
770 351 874 404 olent
902 351 1026 403 lxxxtt

779 472 854 523 enm,
877 457 1004 511 dicebaut
1025 455 1118 523 :Quia
1140 456 1230 513 boum
1253 466 1308 528 est,
1321 478 1374 534 ap·

778 529 932 599 probantes
947 528 1008 598 ejus
1023 526 1183 584 doctrinam
1199 534 1229 586 et
1245 532 1371 591 miraeu-

778 602 815 655 la.
829 601 891 655 Atii
905 605 1006 662 eutem,
1031 597 1139 655 scilicet
1158 601 1209 671 qui
1226 604 1305 659 mula
1324 604 1370 661 in·

779 670 905 727 tentione
925 686 990 726 oum
1006 672 1184 743 quaerebant,
1213 673 1368 732 dicebaut:

777 745 848 809 Nou,
875 742 924 797 sed
946 743 1051 797 seducit
1075 744 1182 809 turbes,
1206 744 1285 802 dicta
1308 750 1369 819 ejus

777 818 981 885 persequentes
996 819 1024 869 et
1038 830 1134 886 opera.
1152 814 1205 872 Ubi
1218 816 1262 874 ait
1278 818 1368 889 Chry·

777 891 909 941 sostomus
919 909 924 940 ι
934 908 948 937 «
962 885 1041 941 lllam
1054 885 1167 956 quidem
1181 889 1299 946 aestimo
1311 894 1368 963 opi·

777 956 892 1014 nionem
912 956 1101 1014 multitudinis
1121 973 1206 1025 esse3
1224 960 1303 1017 bane
1318 979 1365 1019 re-

776 1044 816 1110 re·
832 1031 994 1111 principum
1007 1032 1035 1084 et
1059 1029 1250 1087 sacerdotnm.
1280 1033 1366 1094 Vides

776 1105 874 1172 utrque
899 1107 1088 1173 principatum
1113 1109 1296 1174 corruptum,
1317 1122 1365 1163 eos

776 1177 872 1228 autom
901 1171 949 1243 qni
979 1171 1149 1244 principatui
1172 1174 1365 1246 subjiciuntur

776 1259 861 1299 sanos
883 1242 1000 1315 Jndicio.
1024 1266 1038 1295 u
1062 1247 1145 1302 Nemo
1168 1250 1273 1317 temen,
1294 1249 1365 1305 scili·

775 1321 820 1371 cet
832 1314 947 1371 illorum
967 1314 1014 1386 qui
1030 1313 1162 1372 dicebant
1177 1317 1247 1389 qnia
1272 1321 1363 1378 bonus

775 1392 828 1455 est,
842 1389 938 1458 petum
954 1387 1115 1457 loquebatur
1140 1389 1173 1443 de
1194 1406 1233 1451 eo,
1249 1399 1363 1463 propter

775 1465 875 1514 metum
901 1459 1065 1528 ludaeorum,
1089 1458 1196 1516 scilicet
1223 1462 1363 1536 principa-

775 1530 854 1599 lium,
870 1547 905 1586 ne
921 1537 999 1586 extra
1013 1546 1186 1603 synagogam
1200 1542 1229 1589 et
1243 1551 1363 1607 congre

774 1601 916 1671 gallonem
934 1602 1016 1657 lieret
1030 1601 1161 1658 aliorum.
1181 1606 1220 1661 Ex
1237 1621 1296 1676 quo
1309 1624 1358 1690 pn·

775 1678 824 1741 tet,
840 1674 916 1745 quod
928 1672 1072 1745 principos
1086 1675 1181 1745 populi
1195 1676 1273 1733 illius
1288 1679 1361 1736 dme-

773 1744 841 1800 bant
858 1761 922 1801 eum
938 1744 1126 1813 seductorem,
1143 1752 1172 1802 et
1186 1750 1282 1820 major
1297 1767 1361 1821 pars

772 1815 885 1872 dicebat
907 1815 1090 1872 contrarium.
1114 1819 1227 1875 Seducit
1251 1824 1357 1888 turdos,

772 1887 876 1944 clarius
893 1889 1032 1944 sonabant
1053 1888 1114 1958 itti,
1133 1890 1183 1946 sed
1199 1892 1287 1949 bouus
1306 1901 1354 1959 est,

772 1959 898 2030 pressius
909 1960 1094 2016 susurrabant
1108 1961 1164 2017 isti.
1179 1964 1250 2020 Ecce
1290 1982 1358 2022 nan-

771 2037 831 2112 tum
849 2031 1017 2101 deprimitur
1036 2032 1139 2088 reritas
1158 2040 1186 2089 et
1210 1980 1358 2095 exttiibtnr

770 2102 887 2158 falsitas.
898 2103 1018 2170 Quidam
1032 2114 1113 2159 erant
1125 2103 1163 2161 ibi
1175 2105 1354 2166 formidolosi

770 2178 799 2228 et
811 2173 913 2242 timidi,
928 2173 976 2244 qui
993 2174 1127 2232 inlesum
1138 2176 1285 2235 Christum
1299 2196 1357 2238 cre·

770 2244 886 2314 debant,
900 2246 949 2301 sed
966 2248 1113 2303 veritatem
1127 2247 1222 2305 dicere
1237 2267 1297 2307 non
1309 2268 1357 2309 an·

754 2315 885 2384 debant,
897 2324 925 2371 et
939 2316 1004 2373 ideo
1015 2317 1042 2373 in
1059 2319 1176 2376 veritate
1188 2322 1356 2392 peccabant.

769 2388 869 2444 Tribus
884 2388 960 2445 enim
970 2388 1233 2459 modis,secundum
1241 2394 1356 2464 Chryso·

768 2464 893 2525 stomum,
911 2459 940 2515 in
957 2459 1073 2517 veritate
1087 2463 1150 2534 quis
1163 2479 1282 2534 peccare
1296 2472 1356 2538 pot-

768 2534 829 2586 est:
845 2537 895 2587 ant
909 2531 1057 2589 veritatem
1070 2548 1128 2605 prae
1143 2533 1245 2592 timore
1261 2542 1356 2594 tacen-

767 2601 1355 2674 do;antipsamveritateminmundacinm

767 2675 1354 2748 commutando;antipsamreritatemnon

766 2745 955 2803 defendendo.
974 2750 1013 2803 lte
1029 2748 1127 2819 primis
1142 2749 1246 2806 dicitur
1261 2769 1269 2808 z
1284 2752 1352 2820 Qui-

766 2817 1353 2891 dnm,dicebnut:Ouiadouusest;...uemo

765 2893 855 2944 tomen
872 2893 968 2961 pulum
983 2892 1146 2962 loquebatur
1161 2894 1195 2948 de
1211 2896 1272 2962 illo,
1286 2912 1355 2967 pro·

760 2965 931 3030 ptermetum
942 2963 1107 3019 Judaeum.
1119 2967 1164 3033 ht,
1175 2970 1207 3021 ut
1218 2965 1355 3023 dicitdu-

763 3035 891 3098 pustinus
907 3052 917 3090 .·
934 3052 948 3086 u
973 3035 1095 3106 Uterque
1119 3042 1162 3092 est
1189 3053 1257 3103 reus
1276 3039 1353 3111 apud

764 3103 863 3169 Uenm,
882 3111 910 3161 ct
927 3104 974 3176 qui
991 3106 1141 3164 veritatem
1156 3113 1242 3179 tacet,
1255 3116 1286 3166 et
1301 3112 1353 3183 qui

762 3175 940 3258 mendacium
957 3177 1038 3248 dicit;
1059 3178 1107 3235 ille
1126 3179 1193 3251 quia
1214 3182 1353 3263 prodesse

762 3260 819 3301 non
830 3247 899 3317 vult,
912 3254 964 3305 rste
975 3249 1043 3320 quia
1054 3267 1157 3307 nocere
1167 3251 1323 3310 desiderat.
1337 3274 1351 3303 u

761 3318 801 3373 De
820 3320 951 3376 secnudis
970 3337 1036 3377 vero
1058 3324 1098 3378 sic
1114 3322 1244 3379 subditur
1263 3342 1270 3380 ε
1287 3326 1353 3382 Alii

760 3389 1351 3472 uutemdieebant:Nou,sedseduoitturbes,

761 3458 797 3516 de
810 3461 1352 3536 tahbnsdiritrlpostoluscommutnue·

758 3538 824 3613 ruat
836 3537 886 3588 Det
900 3540 1042 3591 ueritatem
1058 3541 1088 3592 iu
1107 3539 1292 3596 menducium.
1309 3542 1350 3598 De

759 3606 851 3660 tertiis
869 3604 974 3662 dicitur
989 3624 996 3663 :
1011 3611 1130 3665 Multum
1148 3626 1275 3666 murmur
1288 3618 1352 3669 erut

758 3674 793 3729 de
806 3691 835 3730 eo
849 3679 965 3733 tuturbe
978 3695 985 3745 ;
999 3682 1216 3738 murmurabant
1229 3680 1347 3753 quidem

757 3745 792 3802 de
808 3762 841 3802 eo
867 3750 943 3820 quod
967 3751 1103 3808 Pharisaei
1120 3752 1264 3809 Christum
1280 3770 1350 3827 per·

756 3819 959 3889 sequebantur,
970 3822 1018 3878 sed
1036 3829 1209 3881 tamencum
1227 3841 1284 3881 non
1299 3826 1350 3882 de·

756 3890 922 3951 tendebant:
937 3910 989 3949 nec
1001 3901 1098 3966 aperte
1113 3895 1247 3953 resistere
1259 3897 1345 3954 ande·

754 3960 833 4030 bant,
844 3979 908 4018 cum
917 3970 1012 4021 tamen
1023 3967 1098 4024 dicat
1110 3968 1242 4040 Sapiens:
1255 3971 1347 4040 Usque

753 4034 791 4088 ud
805 4041 918 4090 mortem
932 4042 1005 4092 certo
1019 4056 1070 4109 pro
1082 4040 1208 4109 justitie.

787 4127 802 4176 7
823 4109 909 4186 'Uultu
924 4124 1059 4164 eounnms
1075 4129 1233 4168 nernucrro.
1254 4115 1345 4172 -De

752 4177 885 4234 omnibus
922 4179 1012 4235 servis
1044 4183 1146 4240 Christi
1175 4185 1231 4240 boc
1267 4185 1344 4243 idem

110 4245 276 4319 opinionum
292 4247 327 4306 de
346 4265 391 4306 eo.
406 4248 526 4316 Quidum
540 4248 623 4315 enim,
643 4244 695 4304 sci·
750 4246 863 4305 dieitur.
895 4250 950 4307 Sed
976 4266 1033 4307 non
1059 4253 1175 4324 mirum,
1194 4255 1219 4312 si
1240 4255 1277 4314 de
1298 4256 1344 4314 eis

110 4315 186 4388 lieet,
202 4318 251 4391 qui
275 4318 324 4392 pie
344 4317 504 4376 intentione
525 4319 692 4391 quaerebant

287 4414 296 4439 ι

98 4582 119 4647 l

750 4316 838 4390 iniqui
857 4319 988 4379 homines
1003 4322 1162 4397 aliquando
1192 4327 1269 4383 male
1295 4328 1341 4384 lo-
