2880 4942
271 333 311 386 ul
338 332 495 386 ltlssleltx
522 331 767 390 aresrotottull
794 333 837 390 bl]
864 334 1125 389 eadnlclttltult.
1288 334 1319 390 lt

86 439 257 498 titiruetum
268 437 496 509 praedicationis3
510 439 678 497 etsimiliter
732 445 800 497 runt
814 440 961 496 coelestia:
985 440 1093 509 neonus
1108 443 1149 496 eat
1162 441 1234 496 enim
1259 455 1320 512 epe·

85 512 137 570 alii
150 511 254 568 dehent
265 510 398 592 plangere
409 516 590 582 tempusque
603 528 676 583 prae·
731 516 825 568 rarius
840 512 960 568 mercede
968 527 1094 575 sunnon
1106 512 1197 568 solum
1211 517 1321 570 aeterna

86 583 249 641 tex-mittunt
277 581 438 652 spiritualia
464 583 609 652 exercitia,
640 585 677 641 ad
732 583 761 639 in
790 584 891 655 patria,
917 582 954 639 ad
979 584 1249 647 remunerationem,
1270 582 1320 641 sed

87 670 187 714 eorum
200 660 303 710 statum
317 653 499 725 pertinentia.
731 655 817 712 etiam
832 655 994 724 temporali,
1009 655 1038 710 in
1054 657 1109 722 via,
1123 654 1159 709 ad
1177 660 1320 711 sustenta·

127 747 157 785 η
185 727 330 782 llosrasx
360 742 592 784 raanxmroumus
620 744 677 784 nm·
732 726 849 783 tionem.
876 727 958 796 Item,
982 726 1062 798 jubet
1078 743 1113 782 ne
1129 725 1164 780 de
1183 724 1318 783 domoad

87 814 203 866 eminus,
221 813 579 856 ueceamnurmns-
593 800 675 868 Item,
733 799 847 854 domum
874 799 996 870 quadam
1022 813 1094 870 vaga
1112 795 1248 853 facilitate
1267 796 1320 853 de·

86 870 215 927 omnium
226 871 267 925 eis
282 869 518 938 aperiensdomos
532 870 568 926 de
582 886 678 928 neces·
732 870 866 942 migrent,
877 876 905 926 et
917 870 1055 941 hospitem
1065 875 1179 939 propter
1197 866 1319 925 lautiora

84 941 161 997 sario
175 941 249 1009 cibo,
263 939 330 995 iecit
341 955 390 996 cos
402 939 674 1005 conlideredieeus:
731 943 774 997 vel
792 943 873 1012 plura
887 941 1019 997 habenda
1032 956 1088 997 non
1103 942 1223 1006 mutent,
1254 952 1319 995 uem

84 1013 120 1070 la
133 1027 332 1084 quemeumque
359 1017 450 1067 autem
475 1015 614 1069 ciuitatem
628 1019 678 1070 aut
731 1014 817 1069 etiam
831 1029 863 1068 ex
878 1014 933 1069 hoc
944 1012 1082 1069 infamare
1099 1016 1221 1081 possent.
1233 953 1319 1067 bade

84 1084 241 1150 castellum,
262 1084 291 1137 id
310 1088 353 1137 est
367 1084 396 1137 in
408 1098 595 1154 quacumque
614 1085 678 1142 loca
729 1085 812 1156 jubet
823 1085 877 1140 hoc
894 1085 969 1149 ideo,
983 1083 1137 1140 secundum
1158 1082 1177 1138 G
1231 1086 1318 1138 eosto-

731 1172 817 1222 mum,
831 1171 869 1212 ne
882 1155 958 1211 leves
970 1162 999 1212 et
1021 1153 1183 1281 vagabundi
1227 1154 1320 1210 iscur-

84 1156 200 1226 majora
218 1153 262 1209 rel
288 1154 408 1221 miuora,
429 1156 611 1226 intraveritis,
630 1159 677 1212 in-

85 1229 228 1293 terrogate
241 1227 304 1295 quie
319 1226 349 1279 in
361 1240 393 1280 ea
415 1226 518 1294 dtpnne
532 1229 580 1298 eit,
594 1227 622 1283 id
637 1233 678 1283 est
731 1243 808 1283 sores
821 1228 972 1283 rideantur
984 1230 1013 1282 et
1028 1243 1062 1308 gu
1077 1227 1129 1294 osi,
1148 1223 1249 1296 quibus
1261 1238 1320 1281 non

84 1295 185 1353 fidelis
210 1303 238 1351 et
260 1297 342 1351 bonae
362 1296 455 1365 larnae,
466 1304 495 1353 et
509 1314 567 1354 nou
581 1314 677 1369 suspe-

84 1373 151 1426 ctus
179 1369 237 1439 ipse
262 1368 305 1423 rel
331 1367 412 1426 locus
427 1369 497 1440 ejus,
514 1385 549 1426 ne
562 1369 677 1432 infamia

82 1438 264 1510 suscipientis
278 1440 354 1495 lama
365 1448 394 1497 et
406 1440 529 1513 dignitas
544 1443 677 1512 praedica-

82 1515 180 1568 torum
195 1512 360 1578 maculetur,
374 1518 403 1568 et
418 1528 518 1569 eorum
543 1515 678 1585 praedica-

83 1583 127 1638 tio
153 1588 182 1637 rt
195 1584 325 1639 doctrina
344 1584 520 1654 deturpetur,
550 1601 583 1641 ac
602 1589 675 1641 tam·

87 1668 174 1726 quam
200 1661 329 1725 suspecta
353 1655 532 1726 impediatur.
557 1656 608 1713 Ubi
623 1659 677 1713 lli-

85 1740 231 1795 eronpmus
259 1728 492 1784 :«Testtmonio
518 1727 677 1784 vicinorum

86 1800 117 1854 et
135 1812 187 1868 per
203 1796 319 1868 lamam,
333 1799 479 1870 eligendus
499 1806 542 1855 est
565 1801 676 1871 hospes,

85 1882 123 1924 ne
136 1869 197 1940 ejus
211 1868 327 1925 infamia
340 1871 502 1939 praedicatio
514 1870 646 1927 laedatur.
663 1891 674 1921 ι

85 1939 173 2020 Ergo·
190 1941 280 1996 multo
305 1941 395 2011 magis
421 1943 513 1997 socius
531 1941 678 2013 eligendus

87 2016 133 2068 est
147 2011 258 2082 dignus.
281 2013 362 2079 Item,
377 2015 431 2067 hoe
449 2012 528 2082 dicit,
550 2017 584 2069 ut
607 2013 679 2068 sciat

85 2081 189 2153 hospes
217 2099 247 2138 se
277 2082 369 2150 magis
395 2084 516 2154 gratiam
538 2083 677 2153 accipere,

85 2168 173 2225 quam
194 2154 274 2209 dare.
302 2157 338 2210 Et
357 2157 388 2209 ia
412 2170 613 2225 quamcumque
627 2156 676 2210 do-

85 2241 162 2281 mum
183 2227 366 2294 intraveritis,
389 2242 475 2282 eausa
502 2224 676 2296 hospitandi,

85 2296 224 2352 iraeadem
250 2302 365 2365 monete,
390 2313 448 2353 non
472 2296 532 2353 siue
559 2299 676 2353 honesta

84 2383 174 2424 causa
199 2369 264 2423 inde
288 2368 427 2440 exeundo,
451 2385 504 2425 nec
524 2371 634 2425 curiose
648 2376 677 2426 et

84 2438 226 2495 inutiliter
238 2439 434 2506 discurrendo,
455 2441 539 2496 donec
559 2444 676 2512 erectis,

84 2511 243 2580 transituri,
259 2512 367 2567 scilicet
389 2512 446 2567 alio
467 2512 504 2567 ad
518 2513 677 2582 predican-

84 2581 164 2638 dum.
190 2583 250 2638 Non
264 2588 305 2638 est
329 2587 427 2638 tamen
449 2583 677 2655 intelligendum,

85 2653 163 2725 quod
179 2668 229 2724 per
244 2654 305 2711 ,hoc
328 2654 397 2709 velit
416 2654 565 2710 excludere
580 2669 679 2711 causas

85 2723 220 2781 honestas
244 2725 375 2795 exeundi,
393 2730 427 2781 ut
441 2726 477 2781 ad
502 2725 676 2793 docendum,

85 2794 132 2852 vel
151 2795 259 2867 aliquid
286 2796 483 2868 hujuscemodi
503 2795 678 2866 iaciendum,

86 2880 154 2924 eum
167 2872 283 2939 propter
311 2868 366 2925 boe
389 2868 560 2925 intraverint
578 2869 678 2925 civita·

85 2945 146 2994 tem
164 2941 207 2994 vel
227 2940 371 2996 castellum
381 2956 391 3010 3
411 2942 461 2997 sed
485 2955 534 3009 per
551 2940 604 2996 hoe
619 2941 680 2997 vult

85 3010 230 3067 discursus
257 3026 342 3084 vagos
367 3012 533 3082 excludere,
551 3011 602 3083 qui
620 3028 678 3069 non

85 3081 194 3139 debent
233 3097 293 3139 esse
328 3083 358 3138 in
387 3083 591 3155 praedicatore,
628 3085 678 3140 sed

86 3152 191 3226 magis,
212 3161 338 3209 cessante
355 3157 521 3211 necessitate
545 3155 677 3220 exeundi,

730 1298 837 1355 sullicit
859 1300 943 1355 unius
962 1298 1078 1368 hospius
1104 1298 1192 1352 victus
1220 1310 1321 1353 neees-

730 1372 831 1439 sarius,
858 1376 888 1426 et
913 1387 949 1426 ne
975 1376 1158 1425 contemnere
1189 1376 1218 1427 et
1246 1367 1320 1438 iuJu·

730 1443 861 1511 riari,sen
880 1441 1038 1498 contristati
1053 1442 1219 1500 riderentur
1232 1437 1322 1496 susci·

730 1515 867 1586 piantem,
899 1521 930 1570 ut
960 1512 1075 1584 ingrati.
1101 1514 1161 1570 Duo
1187 1527 1256 1586 ergo
1274 1509 1322 1566 bie

732 1588 916 1653 mandantur,
941 1600 1031 1642 unum
1057 1585 1091 1640 de
1111 1585 1250 1641 electione
1268 1581 1321 1637 ho·

730 1659 821 1728 spitii;
836 1658 913 1713 alind
924 1657 959 1713 de
969 1657 1217 1728 impermutatione
1227 1650 1321 1711 electi.

731 1733 787 1787 Nec
802 1728 906 1786 dicitur
932 1729 978 1784 hic
998 1728 1069 1799 quin
1086 1727 1169 1783 liceat
1183 1724 1322 1798 praedica·

731 1803 787 1857 tori
800 1799 955 1871 aliquando
973 1807 1083 1855 mutare
1098 1799 1265 1869 hospitium,
1275 1794 1321 1851 vel

732 1889 797 1929 eum
810 1873 875 1928 aliis
893 1871 1054 1938 comedere,
1070 1872 1193 1925 maxime
1214 1874 1246 1925 ut
1262 1881 1322 1922 non

732 1949 832 2016 gravet
859 1942 999 2012 hospitem
1028 1956 1121 2008 suum,
1144 1940 1211 1996 dum
1225 1943 1323 1994 tamen

731 2016 767 2072 ad
787 2012 815 2070 di
837 2028 888 2068 nos
912 2013 1034 2068 divertat
1051 2018 1079 2067 et
1103 2013 1255 2078 honestos;
1270 2005 1321 2065 sed

731 2031 878 2158 prohibuit
903 2082 1040 2138 Dominus
1065 2083 1252 2160 mutationem
1271 2078 1323 2159 ho·

731 2158 819 2228 spitii,
837 2155 946 2211 ratione
959 2153 1062 2223 triplici
1076 2172 1082 2210 :
1097 2169 1156 2209 nna
1168 2159 1211 2208 est
1225 2154 1323 2206 vitatio

732 2229 864 2295 levitatis,
889 2241 954 2298 quae
975 2227 1053 2281 nullo
1072 2226 1156 2282 modo
1172 2223 1321 2305 debet'ap·

731 2316 832 2373 parere
847 2301 875 2354 in
892 2297 1078 2369 praedicatore
1088 2315 1096 2367 ;
1113 2298 1179 2368 alia,
1195 2309 1317 2366 suspicio

731 2371 898 2445 gulositatis,
914 2371 981 2441 quia
1005 2375 1213 2426 consueverunt
1231 2377 1319 2422 noros

732 2445 855 2516 hospites
870 2441 972 2498 lautius
986 2457 1154 2513 procurare;
1165 2441 1259 2508 tertia,
1274 2438 1320 2494 de·

732 2516 847 2572 clinatio
861 2512 987 2569 inlamiae
1006 2514 1131 2583 hospitis,
1147 2513 1215 2584 quia
1237 2510 1261 2566 si
1275 2508 1320 2564 di·

732 2588 905 2651 mitteretur,
921 2585 1069 2638 videretur
1084 2583 1228 2653 indignus.

772 2662 802 2714 15
820 2657 900 2712 Pacis
927 2670 1039 2709 errario
1068 2667 1253 2714 rucinnisoux
1272 2667 1321 2706 ex-

733 2746 825 2787 cussio
840 2743 903 2790 ouxn
914 2724 1098 2780 sxonuucnrrx?
1109 2754 1143 2764 -
1154 2725 1235 2790 ltem,
1240 2722 1323 2794 jubet

732 2809 765 2858 ut
780 2816 845 2857 cum
861 2798 1055 2854 benedictione
1070 2797 1178 2852 intrent
1192 2794 1320 2863 domum,

734 2873 829 2929 dicens
855 2888 862 2927 :
891 2873 1028 2926 latrantes
1046 2869 1181 2923 antemio
1198 2866 1320 2934 domam,

732 2945 853 3000 salutate
876 2941 1067 3007 ecm‚scilicet
1093 2939 1242 3009 familiam,
1269 2937 1320 2994 sel·

733 3017 800 3072 licet
823 3016 951 3071 homines
978 3011 1141 3068 habitantes
1162 3012 1190 3066 in
1210 3025 1260 3078 ea,
1287 3013 1321 3065 ut

733 3087 770 3144 sit
797 3087 855 3143 lata
884 3086 995 3155 relatio,
1021 3085 1128 3139 scilicet
1148 3077 1320 3138 antecedens

733 3175 784 3230 pro
798 3158 971 3225 continente,
983 3162 1011 3212 et
1021 3156 1172 3211 relativum
1184 3168 1234 3224 pro
1250 3165 1317 3207 con·

733 3231 828 3298 tentis,
852 3229 989 3284 dicentes:
1010 3229 1071 3282 Pac
1088 3226 1152 3280 huic
1169 3225 1274 3292 domui,
1289 3220 1320 3278 id

733 3307 785 3369 est,
800 3301 924 3368 lamiliae,
934 3305 976 3366 ut,
993 3298 1041 3368 qui
1052 3297 1147 3352 cibum
1165 3301 1193 3375 et
1205 3295 1262 3374 alia
1283 3290 1320 3349 ad

734 3369 1321 3440 vitam,necessariarecipiunt,rrc1ss1maa

87 3224 174 3282 debet
200 3240 301 3281 vacare
322 3226 568 3297 contemplationi.
592 3232 623 3283 ut
638 3225 678 3283 ibi

87 3295 300 3368 hauriatquod
314 3298 416 3367 populo
430 3303 527 3369 postea
538 3296 676 3354 cilundat.

88 3367 171 3438 ltem,
187 3369 318 3423 hortatur
332 3385 379 3424 eos
397 3370 433 3425 ad
448 3368 677 3439 temperantiam,

89 3438 188 3494 dicens
202 3459 210 3494 ε
225 3440 344 3495 Edentes
357 3440 382 3493 et
396 3440 589 3509 hiememque
603 3440 679 3511 apud
733 3441 820 3497 lutem
837 3446 866 3496 et
878 3441 954 3508 pacis
966 3435 1134 3493 beneficium
1150 3433 1318 3504 largiantur:

88 3510 155 3565 a'ltoe
168 3515 242 3581 aaut,
264 3511 349 3566 idest
365 3526 422 3567 nou
439 3517 606 3582 quaerentes,
626 3526 679 3567 nec
733 3514 801 3583 quia
829 3512 998 3581 praedicator
1020 3508 1105 3562 debet
1128 3502 1321 3560 habitantibus

87 3582 182 3652 quaeri
195 3581 330 3637 iacientes
343 3589 421 3638 extra
431 3582 547 3637 domum
559 3581 681 3637 delicata
733 3585 762 3639 iu
787 3584 871 3640 domo
890 3596 975 3653 quam
995 3580 1081 3635 intrat
1101 3591 1198 3647 pacem
1217 3573 1321 3633 ollerre

89 3659 118 3708 et
140 3655 294 3723 supertlua.
326 3669 389 3725 quae
424 3654 500 3724 apud
532 3651 594 3708 illos
620 3668 677 3710 non
732 3662 760 3713 et
776 3662 884 3726 optare,
906 3660 935 3709 et
953 3667 1010 3708 non
1024 3651 1115 3707 solum
1140 3653 1249 3720 optare,
1270 3646 1321 3706 sed

87 3725 225 3794 sunt;sed
241 3724 405 3780 manducate
416 3724 565 3796 paecoliis
576 3729 677 3796 sponte
732 3728 818 3784 etiam
835 3723 1020 3798 Evangelium
1042 3722 1155 3790 christi,
1177 3721 1253 3792 quod
1277 3723 1321 3778 est

87 3800 268 3867 apponuntur
292 3803 321 3851 et
357 3795 516 3853 offeruntur
547 3796 583 3853 ab
609 3797 675 3866 illis,
732 3799 915 3866 Evangelium
942 3813 1017 3854 verae
1048 3795 1133 3866 pacis,
1152 3794 1319 3864 praedicare,

88 3868 219 3938 quamvis
241 3867 353 3923 modica
384 3870 440 3923 sint
466 3874 495 3924 et
520 3867 595 3935 iilia,
620 3884 677 3925 non
731 3878 760 3927 et
773 3887 821 3929 eos
833 3871 869 3926 ad
889 3885 987 3942 pacem
1009 3871 1148 3923 internam
1168 3874 1197 3922 et
1215 3865 1318 3922 irater·

89 3945 253 4009 quaerentes
267 3938 443 3994 lautioravel
459 3940 549 4010 plura,
565 3938 677 3996 etiamsi
731 3958 797 3999 narn
811 3942 964 4010 inducere;
987 3957 1021 3996 ac
1040 3941 1161 3996 salutem
1185 3937 1319 3993 habitan·

87 4010 165 4079 apud
177 4008 242 4064 illus
254 4017 319 4065 suut
329 4010 405 4066 talia.
420 4011 455 4065 Et
469 4014 556 4080 certe,
570 4017 677 4081 quanto
730 4015 802 4070 tium
815 4014 896 4069 bouis
910 4011 1003 4068 verbis
1018 4019 1047 4068 et
1066 4007 1200 4078 exemplis
1216 4018 1317 4085 procu·

40 4109 43 4113 ·
88 4079 677 4152 paucioribusetvilioribusutuntur,tan·
731 4100 806 4153 rare,
830 4085 914 4141 utsic
950 4087 1084 4154 appareat
1102 4096 1150 4137 cos
1177 4080 1318 4147 legatione

87 4157 119 4207 to
131 4150 255 4220 amplius
271 4152 390 4222 implent
405 4154 480 4223 quod
498 4152 544 4209 hic
562 4153 675 4210 dicitur.
730 4156 810 4229 iungi
828 4172 879 4228 pro
894 4153 1004 4212 Christo
1031 4155 1106 4217 lesu,
1127 4148 1176 4218 qui
1195 4151 1319 4226 estrera

87 4222 213 4294 Dignum
227 4229 279 4291 est,
296 4229 326 4278 ut
340 4222 379 4279 ibi
394 4231 528 4280 maneant
540 4231 568 4281 et
582 4225 618 4281 ab
635 4226 677 4280 eis
731 4243 784 4298 pax
796 4235 824 4283 et
835 4226 909 4283 salus
921 4226 1058 4281 omnium.
1077 4221 1118 4277 Ob
1134 4221 1187 4272 hoc
1198 4216 1264 4297 solis
1280 4230 1319 4297 va-

88 4299 302 4366 consequantur
324 4300 450 4368 terrena,
473 4295 576 4368 quibus
609 4295 677 4354 oile-
730 4299 814 4356 cariic
828 4298 1036 4370 Apostolorum,
1056 4292 1163 4348 scilicet
1176 4289 1317 4360 Episcopis
