2880 4942
309 325 349 380 bn
377 326 541 381 ulsstonn
568 326 811 382 teosrotonutt
837 327 879 380 AB
905 327 1165 385 rnnntennnutt.
1305 333 1353 389 ‘ll

106 451 186 501 neon,
204 435 306 491 borum
321 450 432 490 summa
449 441 500 504 est,
517 440 549 490 ut
560 436 632 490 adeo
648 436 701 492 vir·

112 508 187 565 tuoni
200 507 331 569 existant,
349 507 425 577 quod
445 522 501 561 non
529 505 622 562 minus
638 524 701 578 pro-

106 585 173 652 pter
205 578 272 634 ritae
312 580 440 645 modum,
470 593 555 703 (luam
583 587 698 648 propter

106 665 207 707 eorum
217 650 348 716 verbum,
363 651 475 716 Eranpe
490 652 546 704 ium
559 650 698 718 proficiat.

105 721 197 786 Unde,
205 729 232 777 et
244 721 400 777 secundum
410 721 637 788 Clirysostomum,
645 721 699 777 boc

105 793 192 850 etiam
205 793 246 849 eis
253 792 540 861 Dominospraeeepn.
551 799 581 848 ut
592 808 642 862 per
654 793 702 848 be-

103 863 196 921 bitum
210 864 355 919 ostendere
364 869 395 917 nt
408 871 544 933 quantum
556 882 573 919 a
586 863 698 929 divitia·

102 951 169 992 rum
184 935 324 992 desiderio
336 935 488 990 distabant.
507 937 584 991 Unde
602 937 700 1004 etiam,

102 1007 262 1064 secundum
291 1007 480 1076 Theophilum,
511 1012 541 1062 ut
568 1008 698 1062 ridentes

104 1094 153 1136 eos
169 1078 326 1149 praedicare
352 1081 558 1147 paupettntem,
586 1080 700 1149 acquie-

103 1155 197 1217 scant,
213 1164 276 1205 curn
299 1150 421 1220 Apostoli
437 1152 506 1204 nitut
526 1150 641 1205 babent.
660 1152 701 1205 lta

105 1225 205 1277 autem
233 1237 361 1290 expresse
392 1222 538 1290 probibuit
568 1223 699 1290 possessi-

106 1306 193 1349 onem
219 1290 430 1362 teniporalium.
449 1295 516 1362 qnia
530 1293 569 1346 sic
585 1300 696 1361 oporte·

104 1362 155 1420 bat
170 1363 198 1418 in
214 1363 359 1432 primitiva
380 1363 513 1430 Ecclesia,
531 1371 560 1419 ut
572 1365 699 1419 ostende·

103 1439 169 1491 rent
190 1436 288 1491 omnia
308 1436 462 1505 gubernari
484 1437 698 1505 dispensatione

103 1504 211 1574 divina,
228 1511 314 1576 atque
336 1515 541 1562 monstraretur
559 1507 647 1561 virtus
663 1507 698 1562 fi-

104 1575 383 1647 dei,contraerrores
395 1578 601 1647 borninum,nui
614 1595 697 1635 cursu

104 1649 246 1714 siderum,
263 1649 308 1702 rel
333 1648 458 1716 fortuna,
474 1650 628 1704 eredebant
651 1652 697 1722 agi

103 1722 203 1777 omnia
217 1736 225 1790 3
240 1724 269 1774 et
289 1720 342 1775 boc
356 1721 448 1774 atlbuc
470 1729 605 1789 competit
628 1739 697 1792 apo·

102 1791 209 1848 stolicis
223 1789 300 1859 viris,
318 1795 514 1860 Apostolorum
527 1795 699 1848 suecessori-

102 1863 163 1920 bus.
182 1863 301 1930 Quidam
323 1868 416 1917 tamen
443 1871 519 1930 sunt,
539 1865 587 1932 uui
617 1874 696 1933 pote-

101 1936 178 2004 stati,
206 1950 264 1990 non
284 1933 454 2004 paupertati,
472 1937 623 1990 succedere
648 1951 700 1991 ro-

102 2007 186 2075 lunt;
207 2021 271 2061 cum
292 2012 388 2059 tomen
409 2022 464 2058 non
486 2008 627 2076 potestati,
649 2009 697 2062 sed

102 2075 264 2149 paupertati
284 2091 405 2147 regnum
431 2077 566 2130 ‹toelorum
581 2079 615 2132 sit
634 2094 698 2146 pro·

102 2149 228 2206 missum.
240 2149 309 2202 Tres
323 2163 392 2218 ergo
403 2155 470 2201 sunt
484 2146 617 2216 rationes,
632 2165 700 2220 qua·

100 2236 133 2276 re
149 2221 202 2275 boc
217 2220 353 2289 praecepit
367 2221 460 2274 lesus:
480 2224 579 2286 prima,
593 2237 627 2275 ne
644 2227 700 2276 sint

102 2292 185 2364 quasi
196 2290 293 2361 cupidi
306 2296 334 2345 et
344 2289 485 2345 antbitiosi
501 2295 652 2360 ;seeunda‚
663 2309 697 2348 ne

101 2365 159 2419 sint
172 2362 286 2418 solliciti
302 2363 381 2430 euasi
407 2362 599 2430 pusillanimes
614 2380 621 2432 ;
642 2370 697 2420 ter-

101 2434 152 2505 tie,
162 2441 195 2490 ut
207 2435 345 2489 mittentis
357 2435 490 2488 virtutem
505 2437 695 2504 ostenderent,

101 2507 218 2578 quando
236 2503 305 2560 nibil
336 2506 376 2560 eis
396 2506 483 2559 deest.
512 2507 538 2561 Si
557 2509 698 2575 uuaeritur

102 2592 139 2634 an
160 2577 210 2633 alii
227 2577 262 2632 ad
283 2577 335 2630 boc
355 2575 529 2646 obligantur,
544 2578 695 2634 dicendum

102 2648 180 2718 quod
200 2647 351 2703 consilium
367 2654 419 2710 est,
437 2664 493 2703 non
511 2656 694 2717 praeceptum.

102 2720 157 2776 Sed
171 2726 248 2774 certe
262 2734 319 2772 non
336 2720 455 2774 auderet
467 2720 571 2789 aliquis
587 2722 655 2775 utile
668 2727 697 2776 et

101 2805 203 2846 sanum
234 2789 382 2845 consilium
413 2792 549 2858 repellere
573 2792 601 2845 in
625 2791 696 2848 facie

101 2863 172 2933 ejus,
189 2869 298 2932 quanto
320 2863 407 2932 magis
436 2862 516 2930 illud,
546 2865 622 2933 quod
653 2865 695 2919 vel

102 2933 181 2989 dedit
199 2934 297 3000 mopni
309 2934 418 2986 consilii
433 2933 573 3000 Anneius:
589 2941 617 2988 et
631 2933 695 3004 qui-

101 3018 222 3074 cumque
245 3003 310 3058 buic
325 3002 442 3058 consilio
464 3006 632 3060 liducialiter
647 3007 696 3061 ad·

100 3075 235 3145 baereret,
254 3090 311 3129 non
329 3074 445 3129 dubium
461 3091 528 3144 qum
545 3078 617 3131 Utens
635 3076 693 3132 sui-

101 3145 290 3202 ficientersibi
306 3147 475 3216 provideret.
487 3147 605 3213 Quando
618 3147 694 3203 enim

100 3216 180 3274 missi
193 3217 310 3271 luerunt
332 3218 455 3286 Apostoli
480 3220 515 3272 ad
536 3217 695 3288 praediean-

101 3287 181 3358 dum,
192 3289 253 3343 sine
267 3293 378 3342 sacculo
389 3296 416 3342 et
431 3289 588 3357 provisione
599 3289 696 3360 aitqua

99 3360 336 3426 necessariorum,
350 3360 401 3413 luit
415 3359 549 3413 divinitus
563 3362 602 3414 eis
620 3361 695 3415 laute

100 3430 256 3501 provisum,
270 3431 338 3500 quia
352 3431 421 3485 nibil
435 3430 474 3485 eis
485 3431 591 3487 deluit:
607 3446 697 3499 quan-

102 3501 140 3557 do
153 3516 234 3556 rerro
248 3505 402 3556 relaxatum
415 3501 466 3555 t'uit
480 3501 534 3555 iltis
547 3501 694 3568 providere

100 3570 157 3628 sibi
172 3571 206 3626 dc
223 3575 388 3628 necessariis
414 3575 442 3627 in
467 3573 519 3636 via,
539 3572 611 3640 passi
630 3578 696 3627 sunt

99 3643 235 3771 penurias
265 3643 366 3698 multos
394 3652 500 3715 posteo.
526 3645 583 3697 lloc
599 3652 694 3699 autem

111 3716 167 3771 ecit
184 3716 257 3770 Ueus
277 3717 451 3770 addendum
473 3714 606 3770 tiduciztm
623 3731 693 3786 pau-

99 3784 216 3857 peribus
228 3786 473 3856 predicatoribus,
487 3788 522 3841 ad
541 3803 694 3857 exsequen-

100 3856 168 3913 dum
185 3861 350 3912 constanter
367 3859 541 3927 predicandi
557 3858 691 3914 ot‘ticium.

100 3928 154 3985 Ubi
178 3932 249 3984 nota
273 3931 422 3998 pulchrum
450 3930 484 3983 de
502 3929 611 3984 duobus
627 3931 694 3985 reli·

100 3999 195 4071 gineis,
212 4001 287 4055 ultra
298 4015 375 4056 mare
389 4003 424 4055 ad
433 4003 549 4056 Terram
562 4003 693 4056 Sanctam

100 4069 244 4141 proiectis,
257 4073 427 4140 exemplum.
442 4072 512 4127 Cum
528 4071 693 4127 enimultra

100 4155 191 4211 mare,
208 4149 237 4197 et
246 4143 391 4198 redeundo
408 4144 482 4197 circa
497 4158 585 4211 more,
602 4146 695 4198 adbuc

101 4208 178 4269 inter
194 4211 307 4284 ignotos
331 4219 432 4283 essent,
449 4230 561 4282 semper
585 4216 615 4269 in
638 4215 695 4269 Deo

100 4283 161 4341 eolo
174 4298 254 4356 spem
267 4284 421 4356 hebebant,
432 4292 460 4342 et
472 4285 544 4342 nihil
552 4286 586 4343 de
600 4301 696 4344 neces·

758 435 840 492 soriis
857 434 897 489 eis
912 433 1073 490 deficiebat.
1088 437 1157 493 Cum
1172 443 1269 495 autum
1284 455 1352 511 per-

757 508 900 563 venissent
927 507 964 561 ad
998 507 1080 562 dulce
1116 510 1210 565 natale
1247 511 1352 582 solum,

759 578 830 634 dixit
855 593 929 633 unus
959 576 1034 632 inter
1061 594 1109 633 eos
1136 581 1172 634 ad
1197 581 1319 638 alterum
1343 603 1352 638 .·

759 651 841 706 blodo
858 648 982 720 pericula
996 651 1147 718 evasimus,
1165 654 1230 721 quia
1245 654 1306 724 ,iam
1322 654 1352 710 in

760 727 838 776 terra
867 726 975 787 nostra,
993 727 1020 776 et
1049 722 1123 775 inter
1147 730 1349 784 potissumus.

759 794 870 848 Etcum
885 790 1073 861 sicponerent
1086 809 1164 860 spem
1179 793 1207 849 in
1223 797 1349 860 bomine,

760 864 925 933 inceperunt
938 863 966 918 in
989 864 1155 920 necessariis
1169 866 1302 936 deficere,
1323 874 1352 924 et

760 936 896 1007 majorem
912 936 985 1006 passi
1001 944 1065 989 sunt
1093 939 1241 1004 penuriam
1264 953 1350 1010 quam

759 1014 845 1062 antea
859 1008 930 1074 passi
956 1005 1080 1062 inerant.

797 1101 813 1150 9
842 1078 940 1133 Vrcrns
968 1097 987 1133 n
1010 1095 1242 1135 nnnnmsrontnus
1265 1097 1350 1137 noem

761 1164 871 1204 rornsr.
887 1182 914 1190 α
932 1151 965 1203 Et
981 1151 1057 1218 quia,
1071 1151 1279 1219 quodammodo
1295 1167 1350 1207 ntr-

761 1221 811 1274 dos
841 1227 869 1275 et
896 1220 1040 1288 expeditos
1070 1222 1105 1275 ad
1140 1222 1352 1290 {tradit-andum

761 1291 913 1362 discipulos
927 1292 1064 1346 Dominus
1078 1292 1201 1356 miserat,
1217 1294 1351 1349 severita-

760 1368 817 1418 tem
845 1364 975 1433 praecepti
1002 1364 1029 1416 in
1058 1362 1186 1432 sequenti
1212 1365 1352 1421 sententia

760 1437 940 1504 temperavit,
956 1434 1075 1489 dicens:
1095 1438 1201 1503 Dionos
1221 1440 1261 1490 csl
1280 1438 1352 1492 enim

760 1509 914 1576 operarius,
932 1506 958 1560 id
974 1510 1015 1559 est
1031 1506 1208 1574 praedicator,
1226 1506 1274 1578 qui
1289 1523 1353 1578 ope·

760 1585 920 1647 raturopus
932 1575 992 1645 Dei,
1006 1579 1041 1632 ad
1051 1577 1202 1634 utilitatem
1219 1579 1349 1648 prommi,

760 1650 819 1704 cibo
833 1664 893 1712 suo,
909 1649 993 1704 idest
1016 1649 1181 1704 necessariis
1200 1652 1236 1705 ad
1252 1650 1350 1720 vitam,

760 1721 828 1790 quia
843 1721 870 1775 in
888 1721 951 1775 cibo
972 1721 1141 1791 intelligitur
1158 1723 1244 1777 etiam
1264 1719 1350 1777 vesti·

760 1799 889 1847 mentum
915 1798 943 1846 ct
970 1792 1155 1861 dentientium,
1169 1794 1230 1846 sine
1250 1791 1352 1862 quibus

761 1863 896 1918 decenter
912 1879 968 1917 non
990 1864 1162 1930 siviternus
1180 1864 1349 1920 humanum.

760 1935 844 1999 Quasi
870 1935 911 1988 eis
938 1933 1014 1988 dieat
1038 1952 1044 1989 :
1074 1935 1192 1988 Torttum
1222 1935 1351 2004 accipite,

760 2011 898 2074 quantum
916 2004 944 2058 in
957 2004 1032 2059 rictu
1048 2012 1075 2058 et
1092 2005 1193 2058 vestitu
1209 2005 1288 2058 robis
1301 2020 1351 2060 ne·

759 2076 914 2130 cessarium
930 2082 980 2129 cst.
998 2075 1076 2130 Unde
1090 2078 1191 2129 l’autus
1205 2076 1352 2143 Apostolus

758 2146 897 2216 replicet:
926 2146 1073 2201 Ordinccil
1094 2150 1165 2201 llctts
1189 2150 1238 2216 qui
1259 2149 1352 2202 Euon-

757 2220 1349 2287 peliumnocumentumEronpeliocicere.

757 2291 791 2344 Et
804 2291 907 2346 iterum
923 2309 931 2345 :
947 2291 1082 2345 liabent-s
1094 2295 1196 2345 orettoo
1211 2296 1237 2345 et
1251 2291 1352 2360 quibus

757 2368 893 2430 tenemur,
908 2365 952 2418 liis
967 2367 1085 2417 contenti
1099 2379 1202 2417 surinus.
1220 2361 1291 2418 ilinc
1307 2369 1350 2418 est

757 2435 833 2506 quod
849 2436 986 2490 diaeonus
1001 2438 1128 2503 procedit
1142 2452 1158 2489 n
1173 2436 1348 2506 presbytero,

778 2507 837 2562 uasi
852 2508 951 2561 missus
965 2522 982 2559 e
998 2509 1127 2572 Domino,
1143 2507 1178 2559 ad
1196 2506 1351 2572 praedican-

757 2522 824 2633 flum
838 2577 1084 2648 Evangelium,cui
1098 2577 1288 2632 subdiaconus
1296 2574 1351 2630 fert

756 2650 887 2720 pulvinar
901 2664 957 2717 (prro
984 2648 1055 2701 liber
1069 2651 1242 2701 sustentator
1254 2662 1263 2713 3
1283 2645 1351 2714 quia

758 2721 807 2776 alii
834 2719 938 2774 debent
949 2719 1162 2788 predicatorem
1178 2721 1348 2771 sustentare.

756 2794 863 2860 Dipnus
892 2796 932 2846 eol
958 2794 1029 2845 onim
1057 2792 1199 2860 ope'rorius
1227 2788 1349 2844 mercede

756 2880 818 2932 suo,
829 2878 883 2917 non
895 2862 1073 2917 solummodo
1083 2872 1200 2926 aeterna,
1216 2877 1280 2932 quae
1302 2859 1349 2914 de·

758 2935 840 2990 betur
853 2935 881 2988 in
895 2935 996 3004 patria,
1015 2935 1049 2988 ad
1067 2935 1325 2988 remunerationem
1338 2952 1345 3000 ;

755 3006 806 3061 sed
838 3007 924 3061 etiam
950 3008 1111 3074 temporali.
1142 3022 1205 3076 quin
1226 3004 1331 3059 debete

754 3076 784 3133 in
813 3077 868 3144 via,
899 3077 935 3132 ad
963 3079 1209 3145 sustentationem,
1238 3075 1348 3132 scilicet

755 3148 936 3203 convenienti
961 3148 1046 3213 victu,
1063 3164 1096 3204 ac
1110 3149 1222 3215 vestitu,
1239 3154 1267 3203 et
1293 3147 1344 3203 do·

755 3217 870 3274 micilio.
890 3220 939 3272 llic
967 3225 1009 3273 est
1035 3220 1136 3288 duplex
1164 3221 1265 3288 bonor,
1291 3233 1348 3288 quo

754 3290 833 3361 digni
849 3294 914 3345 sunt
940 3290 988 3358 qui
1014 3289 1087 3345 bene
1113 3291 1346 3358 tinemuthan,

754 3360 912 3414 secundum
930 3359 1102 3427 Ureporiom,
1123 3375 1231 3413 tucrces
1247 3359 1348 3427 praedi-

754 3431 874 3485 cationis
902 3431 948 3484 bic
978 3431 1140 3490 inebootur,
1170 3435 1198 3483 ot
1222 3431 1251 3482 in
1276 3426 1347 3483 coelo

755 3499 919 3570 perficitur,
934 3501 1002 3568 quia
1017 3499 1065 3554 uni
1079 3505 1173 3553 nostro
1188 3497 1268 3569 operi
1284 3498 1347 3554 duae

753 3572 899 3626 mercedes
917 3571 1067 3637 debentur,
1085 3586 1140 3625 una
1161 3573 1189 3625 in
1207 3572 1263 3638 ria,
1281 3584 1344 3640 quas

754 3658 805 3698 nos
823 3644 850 3697 in
871 3640 969 3697 labore
985 3649 1144 3706 sustentat;
1168 3642 1224 3698 nlla
1241 3642 1270 3696 in
1296 3655 1344 3713 pe·

751 3715 815 3782 tria,
835 3729 898 3786 qum
915 3730 965 3771 nos
984 3716 1012 3770 in
1027 3716 1234 3771 resurrectione
1255 3729 1349 3771 remu·

751 3792 842 3842 uerat.
871 3788 955 3858 Ergo,
972 3787 1020 3860 qui
1050 3803 1103 3841 nou
1121 3795 1267 3857 operatur,
1294 3800 1348 3841 nec

751 3857 863 3913 laborat
877 3876 886 3930 ;
911 3875 968 3914 non
1000 3860 1163 3928 manducet,
1182 3875 1235 3915 nec
1272 3872 1348 3913 mer·

752 3931 850 3986 cedem
881 3931 983 4001 exigat.
1019 3933 1088 3986 Ecce
1127 3947 1215 4001 quiue
1243 3927 1346 3999 praeci·

752 4001 793 4070 pit
810 4002 849 4056 eis
861 4002 929 4056 nibil
945 4002 1030 4073 serre,
1043 4002 1110 4071 tinia
1123 4000 1228 4055 ommia
1240 3999 1348 4079 deben-

752 4077 798 4127 tur
826 4074 867 4128 eis
896 4089 946 4143 pro
975 4073 1082 4129 labore.
1111 4073 1149 4125 De
1173 4073 1238 4140 jure
1268 4080 1346 4126 enttn

751 4145 876 4199 naturali
891 4150 944 4210 est,
961 4152 990 4199 et
1009 4145 1117 4220 divino,
1134 4154 1166 4194 ac
1185 4140 1270 4193 etiam
1290 4136 1344 4218 hu-

753 4229 849 4284 mano,
865 4220 896 4270 ut
910 4216 966 4269 illis
981 4216 1030 4284 qui
1045 4218 1173 4267 serviunt
1191 4222 1345 4264 commum-

753 4287 805 4342 tati
819 4285 849 4343 in
864 4285 1064 4360 spiritualibus
1076 4299 1086 4351 3
1102 4280 1212 4336 scilicet
1230 4281 1259 4336 in
1273 4278 1344 4337 diri-
