2880 4942
96 287 142 339 33ss
479 285 588 338 antitis
616 285 733 341 rintts
760 283 862 338 CAPUT
892 281 947 336 xci

96 388 156 445 vita
174 385 314 460 spirituali
339 390 479 460 prottcere
503 386 633 454 velimus,
652 390 684 443 ut

99 459 296 518 dieamuscum
309 458 472 515 esatmista:
486 460 604 515 Veniant
614 460 684 513 mitt·

97 534 287 589 miserationes
300 536 364 594 tite,
377 532 514 585 etoiuom.
525 528 685 586 -Primus

99 603 193 676 pauis,
206 603 249 658 tei
260 601 353 674 prima
365 599 570 663 misericordia,
581 616 685 658 sccun-

99 676 167 733 dum
192 675 375 737 Bernoidum,
396 676 439 728 est
462 674 648 744 praesentatio
669 689 686 730 a

99 746 195 805 muitis
213 743 343 825 peccatis,
362 743 391 798 in
406 759 469 825 quae
490 741 644 813 incidisset,
661 744 685 801 si

98 834 163 876 eum
183 816 232 873 Dei
248 819 444 871 misericordia
461 830 518 872 non
539 816 687 873 custodis-

97 897 151 946 set.
166 887 255 959 Hujus
271 884 362 958 panis,
379 886 537 944 secundum
551 887 686 945 eumdem

98 961 279 1023 Beimoritiiin,
308 957 364 1015 tria
388 965 457 1016 sunt
486 958 647 1023 fraumenta
677 977 685 1016 ι

102 1054 117 1084 i
127 1031 238 1101 Tribus,
248 1030 300 1100 ait,
311 1030 404 1087 modis
414 1046 431 1087 a
442 1029 563 1103 peccatis
574 1047 619 1088 me
631 1047 688 1088 me·

99 1102 171 1162 mini
186 1104 274 1160 fuisse
293 1108 491 1160 conservatum
508 1119 515 1158 :
532 1103 689 1160 occasionis

101 1173 307 1244 subtractione,
327 1174 477 1232 resistendi
492 1176 560 1231 data
574 1178 689 1244 uirtute,

100 1253 129 1306 ct
141 1245 301 1305 affectionis
315 1245 450 1304 sanitate.
468 1265 483 1300 ii
499 1252 690 1304 -Secundus

100 1320 185 1393 panis
209 1325 250 1376 est
266 1317 314 1390 pia
335 1317 385 1375 Dei
409 1316 597 1375 dissimulatio
616 1317 691 1375 circa

101 1397 278 1465 peccantem,
290 1406 357 1462 quta
367 1390 499 1447 tardabat
511 1389 646 1446 ditionem
663 1397 693 1446 et

103 1461 310 1534 indulgentiam
325 1461 479 1533 cogitabat.
495 1462 588 1518 Habet
600 1467 629 1518 et
645 1462 693 1517 iiic

103 1537 184 1607 panis
195 1532 251 1588 tria
267 1535 438 1606 fragmenta,
454 1531 588 1589 videlicet
603 1549 611 1588 :
627 1531 691 1589 ton·

103 1603 309 1677 ganimitatem,
323 1618 410 1675 quain
421 1602 561 1674 exhibuit,
576 1603 692 1660 electio·

103 1691 170 1735 nem
188 1672 457 1748 praedestinationis,
477 1688 563 1745 quam
581 1672 694 1746 impleri

104 1747 207 1816 totuit3
223 1751 253 1802 et
267 1744 414 1827 caritatem
434 1744 562 1815 nimiam,
583 1761 641 1818 qua
654 1745 694 1802 di·

105 1819 172 1878 teiit
185 1835 248 1877 nos.
265 1849 298 1860 -
315 1819 426 1875 'tertius
449 1817 531 1890 panis
545 1825 589 1875 est
604 1816 695 1875 uiise-

106 1892 190 1962 ratio,
207 1907 264 1964 qua
278 1888 419 1948 convertit
435 1892 472 1947 ad
486 1888 694 1962 paenitentiam.

107 1963 248 2022 Hicetiam
261 1962 342 2035 panis
352 1962 440 2019 habet
450 1961 506 2018 tria
516 1963 694 2033 fragmenta3

107 2037 174 2110 quia
195 2052 244 2093 cor
263 2033 398 2098 concutit,
418 2035 544 2091 excitans
567 2036 636 2092 ittud
663 2040 696 2091 ut

107 2105 695 2178 advertatsuorumvulnerapeccatorum,

107 2187 135 2237 ct
153 2182 301 2237 tumetum
316 2174 444 2234 dotorem
460 2179 564 2234 sentiat
576 2196 583 2247 ;
596 2185 694 2246 terret,

107 2250 252 2309 deducens
262 2256 298 2306 ad
313 2256 411 2321 portas
426 2248 520 2314 inseri,
541 2257 569 2306 et
585 2265 694 2321 praepa·

107 2334 171 2380 rata
187 2321 294 2393 iniquis
313 2319 451 2393 supplicia
468 2326 649 2389 monstrans;
667 2325 694 2377 ct

109 2410 188 2467 spem
214 2395 263 2449 dat
287 2390 491 2465 intetiigentiae.
518 2423 551 2435 -
576 2393 696 2461 Quartus

109 2465 192 2540 panis
220 2470 263 2522 est
291 2463 466 2536 indulgentia
491 2471 695 2547 peccatorum,

110 2542 186 2610 quod
201 2534 332 2594 videlicet
345 2542 418 2592 tteus
429 2543 615 2607 poenitentem
630 2550 696 2593 eum

109 2608 333 2666 itttsericorditer
347 2614 483 2679 suscepit.
504 2611 537 2665 Et
553 2609 599 2665 hic
615 2606 696 2680 panis

111 2682 197 2738 habet
211 2681 266 2737 tria
290 2685 461 2767 fragmenta,
476 2696 555 2752 quia,
572 2688 603 2736 ut
628 2678 697 2736 dicit

109 2753 267 2810 Bonurittts
283 2767 319 2806 :ii
334 2751 379 2807 Sic
394 2757 494 2808 eitoto
511 2753 587 2808 Deus
603 2750 696 2808 indul·

110 2824 194 2886 sit,et
208 2832 265 2878 mm
280 2821 437 2878 liberaliter
448 2838 563 2879 omnem
577 2821 696 2879 donavit

111 2893 245 2966 injuriam
261 2909 269 2947 :
288 2898 319 2949 ut
335 2893 397 2963 jam
415 2909 467 2948 nec
486 2895 603 2949 damnet
625 2893 694 2949 uici·

111 2964 226 3035 scendo,
246 2962 323 3033 quoti
339 2966 383 3016 cst
397 2961 540 3033 primum,
557 2979 610 3019 nec
624 2979 698 3020 con-

112 3037 215 3093 tundat
239 3033 471 3105 improperando,
491 3035 567 3106 qnod
586 3039 630 3091 est
648 3051 699 3092 se-

110 3107 253 3175 cundum;
266 3103 420 3162 necmiuus
430 3107 609 3177 imputando,
620 3109 698 3179 quod

111 3186 155 3239 est
169 3178 295 3237 tertium.
313 3197 328 3232 n
352 3209 387 3218 -
412 3179 533 3246 Quintus
546 3181 630 3252 panis
655 3184 700 3237 est

110 3250 288 3310 continentia
315 3267 332 3308 a
359 3252 514 3323 peccando,
535 3268 585 3308 seu
610 3251 699 3309 tirius

112 3324 276 3382 continendi
290 3328 320 3379 et
334 3323 512 3381 emendatius
523 3323 647 3396 vivendi,
663 3339 699 3380 ne

112 3396 268 3454 recidivum
293 3401 449 3469 pateretur.
480 3397 514 3452 di
543 3394 588 3452 iiic
615 3395 698 3468 panis

112 3467 199 3526 etiam
224 3470 311 3524 habet
341 3474 397 3523 tria
428 3468 605 3542 fragmenta3
633 3483 699 3524 nam

113 3541 175 3598 haec
188 3538 364 3596 continentia
378 3541 465 3596 hatiet
478 3546 535 3598 tres
550 3555 698 3613 oppugna·

112 3617 201 3682 tores,
221 3610 350 3666 scilicet:
370 3626 496 3680 earnem,
512 3618 650 3669 mundum
671 3616 700 3668 et

112 3682 268 3762 malignum
283 3680 424 3754 spiritum,
436 3683 549 3810 finibus
564 3690 698 3741 resistcre

112 3761 211 3813 nostra
226 3759 329 3809 virtuto
346 3769 402 3809 non
419 3770 434 3807 i
465 3771 563 3824 einos;
579 3755 631 3812 scd
669 3771 699 3812 a·

112 3842 149 3884 ne
170 3826 225 3882 isto
244 3822 347 3880 aiiinae
362 3825 566 3883 misericordia
582 3771 696 3883 coniiti-

741 387 771 445 in
802 384 867 444 odio
887 382 1117 459 preteritorum
1147 383 1331 448 matorumit

741 465 852 517 contem
876 466 904 513 tu
928 457 1081 515 bonorum
1107 460 1332 526 praenuntiet

741 530 770 588 in
784 473 925 587 desitierio
944 528 1132 609 futurorum.
1154 557 1192 569 -
1210 527 1331 598 Septimus

741 600 824 676 panis
846 605 891 658 est
916 615 983 673 spes
1008 598 1187 668 obtinendi,
1203 613 1261 671 qua
1274 599 1331 655 ntis

742 675 832 731 donat
842 671 950 728 homini
967 668 1027 727 indi
1053 675 1133 726 noct
1149 670 1295 743 peccatori
1305 669 1331 726 de

741 760 793 803 sua
805 749 888 801 toties
901 752 1018 814 experto
1029 685 1192 812 iuuante,
1211 740 1331 813 usquead

742 815 869 875 coelestia
887 813 1032 888 speranda
1048 828 1256 885 praesumere3
1269 813 1332 885 cujus

743 889 829 947 etiarn
857 885 931 956 tria,
960 888 1127 943 secundum
1163 886 1332 949 amoene,

744 962 904 1033 fragmenta
919 976 927 1014 ι
940 979 955 1010 ti
965 959 1043 1027 Teia,
1055 954 1172 1030 inquit,
1189 958 1332 1025 considero,

744 1032 776 1089 in
794 1030 898 1104 quibus
916 1034 977 1085 tota
1000 1044 1071 1101 spes
1098 1044 1171 1086 mea
1195 1028 1333 1086 consistit:

745 1108 893 1161 caritatem
905 1098 1084 1172 adoptionis,
1098 1100 1263 1158 veritatem
1275 1116 1333 1183 pro-

745 1174 898 1242 missionis,
921 1175 1098 1245 potestatem
1124 1171 1335 1229 redditionis.»

785 1266 815 1304 is
831 1246 936 1303 Sacrati
959 1260 1046 1300 ninas
1076 1260 1291 1302 rememorati.
1310 1271 1337 1286 -

748 1321 853 1376 Retenta
866 1317 977 1373 duobus
991 1315 1176 1387 septenariis
1201 1331 1338 1397 panumt

747 1390 831 1448 beato
846 1388 985 1444 Bononio
1000 1385 1086 1444 nobis
1100 1389 1261 1460 appositis,
1276 1387 1338 1445 tide

747 1461 814 1519 licet
832 1458 1028 1532 incipientium
1054 1464 1085 1515 et
1113 1459 1336 1531 proficientium,

749 1533 917 1591 festinemus
941 1545 1016 1588 nunc
1046 1535 1216 1604 utcumque
1236 1538 1338 1605 gustare

749 1613 858 1679 septem
876 1602 948 1659 aiios
967 1618 986 1659 a
1011 1599 1119 1674 Spiritu
1141 1604 1253 1661 Sancto
1268 1603 1338 1660 noba

750 1675 963 1752 proponendos,
980 1672 1086 1746 quitius
1100 1675 1279 1733 reficiuntur
1289 1673 1337 1731 mi

751 1765 805 1805 mae
824 1746 1025 1820 perfectorum,
1040 1744 1090 1817 qui
1105 1761 1206 1819 panes
1222 1752 1289 1804 sunt
1301 1762 1338 1802 se·

750 1827 828 1895 ptem
843 1823 918 1875 dona
932 1816 1053 1890 Spiritus
1071 1817 1185 1876 Sancti.
1204 1817 1338 1876 Fetitani

752 1908 799 1949 ma
817 1906 881 1963 qum
902 1889 946 1946 his
974 1888 1098 1946 saturari
1124 1891 1286 1949 meruerit!
1311 1891 1339 1946 Et

751 1965 824 2021 benc
835 1964 896 2019 ttaec
909 1962 984 2018 dona
994 1975 1110 2018 nomine
1143 1961 1339 2020 atiumdescii·

751 2036 868 2118 buntur,
890 2032 958 2116 quia
981 1977 1196 2115 detectabiiitet·
1215 2034 1340 2116 reficiunt

752 2121 877 2164 animam
904 2122 933 2162 in
959 2110 1106 2176 praesenti,
1122 2110 1156 2161 et
1179 2112 1290 2163 satiant
1313 2120 1339 2160 ιιι

751 2180 856 2236 tuturo.
874 2206 909 2220 -
935 2175 1048 2233 Primus
1074 2175 1162 2248 panis
1191 2183 1237 2235 est
1260 2180 1339 2232 timor

752 2248 875 2318 Domini,
889 2250 984 2317 timor,
1001 2247 1131 2320 inquam,
1147 2248 1264 2317 fitistis;
1279 2261 1340 2304 nam

752 2322 838 2379 timor
850 2319 959 2377 servitis
974 2318 1176 2390 incipientium
1188 2331 1243 2377 est.
1256 2322 1291 2377 Et
1299 2318 1340 2375 tiit

752 2403 794 2450 est
810 2393 896 2448 timor
909 2397 1014 2460 castus,
1030 2406 1086 2463 quo
1102 2390 1169 2463 quis
1188 2408 1224 2448 ex
1242 2400 1341 2447 timore

751 2465 865 2522 timeto
889 2465 947 2520 Deo
962 2461 1101 2535 separari,
1118 2469 1147 2520 ct
1165 2462 1233 2520 ideo
1251 2462 1340 2518 deeli-

752 2541 801 2595 nat
822 2540 942 2616 amato²
959 2539 1036 2607 quod
1061 2540 1259 2592 contrariatur
1272 2535 1338 2590 Deo.

753 2639 786 2650 -
807 2607 873 2676 Sed,
893 2621 961 2678 quta
979 2610 1090 2678 oportet
1108 2604 1199 2663 etiam
1223 2608 1341 2662 benda-

752 2695 828 2749 cere,
857 2678 986 2750 sequitur
1013 2677 1155 2734 secundus
1179 2677 1276 2752 panis,
1296 2673 1341 2748 qui

753 2757 797 2810 est
814 2751 921 2808 donum
947 2747 1071 2821 pietatis,
1090 2763 1148 2822 quo
1169 2755 1271 2806 monet
1293 2762 1341 2804 nos

753 2823 876 2896 Spiritus
903 2824 1033 2890 Sanctus,
1057 2825 1088 2876 ut
1114 2836 1270 2893 operemur
1288 2821 1340 2877 bo-

754 2910 823 2953 num
843 2894 880 2951 ad
908 2892 1021 2949 laudem
1043 2890 1105 2957 Dei,
1125 2902 1154 2949 et
1181 2893 1220 2949 ad
1238 2891 1341 2948 utitita-

753 2971 812 3024 tem
825 2963 952 3023 omnium
963 2963 1172 3036 proximorum
1185 2969 1216 3021 et
1228 2963 1292 3021 haec
1304 2968 1345 3019 est

753 3042 854 3111 pietas,
874 3052 938 3109 quae
959 3037 997 3092 ott
1020 3038 1114 3092 omnio
1138 3038 1221 3092 attti's
1242 3041 1295 3104 est,
1316 3039 1343 3090 et

754 3107 881 3183 procedit
894 3123 928 3164 ax
945 3106 993 3181 pio
1007 3107 1104 3178 corde,
1120 3123 1177 3180 quo
1195 3108 1271 3164 Deus
1286 3112 1342 3164 tan

754 3188 813 3238 tuni
851 3179 1011 3247 iuvenitur3
1045 3177 1206 3251 corporatis
1247 3186 1342 3237 autem

754 3251 928 3316 exercitatio,
948 3250 1056 3308 scilicet
1074 3251 1138 3308 sine
1163 3251 1285 3324 pietate,
1310 3248 1343 3307 td

754 3323 897 3382 modicum
917 3322 994 3381 utitis
1008 3333 1060 3380 est.
1081 3325 1246 3380 -Tertius
1266 3322 1344 3394 panis

754 3402 797 3454 est
816 3396 923 3453 donum
943 3394 1079 3462 scientia,
1096 3396 1150 3452 hoc
1168 3398 1278 3452 donum
1294 3410 1343 3455 co·

754 3467 872 3525 mitatur
889 3472 944 3524 duo
962 3465 1110 3540 praedicta,
1129 3467 1209 3539 quia,
1226 3475 1258 3523 ut
1279 3467 1344 3522 dicit

755 3541 984 3610 enitescamus,
1013 3554 1096 3596 nemo
1120 3543 1218 3612 potest
1245 3552 1344 3595 catere

753 3616 871 3681 matum,
886 3609 941 3668 nisi
956 3610 1111 3683 cognitum,
1127 3625 1225 3680 neque
1240 3610 1344 3668 bonum

753 3683 848 3741 tacere
876 3681 952 3755 quod
976 3681 1155 3754 ignorat3et
1172 3684 1230 3739 hoc
1259 3682 1343 3740 datur

752 3770 804 3829 per
814 3752 1067 3823 donumscientiae,
1102 3769 1138 3810 uo
1152 3753 1239 3811 datur
1251 3754 1342 3810 homi·

752 3827 781 3883 ni
798 3832 907 3884 rectum
932 3825 1039 3883 habere
1052 3770 1192 3898 juiiicium
1221 3825 1259 3883 dc
1282 3823 1344 3882 istis

110 3897 162 3956 tati
176 3900 316 3954 habemns
330 3894 361 3952 in
382 3895 502 3953 Domitio
517 3900 593 3954 tianc
612 3897 698 3956 virtu·
753 3897 997 3969 interioribusue
1020 3896 1254 3969 cognoscendum
1274 3896 1344 3969 quid

50 4022 54 4029 .
110 3975 178 4027 tem.
193 4000 226 4011 -
245 3970 345 4025 Sextus
360 3969 445 4040 panis
462 3973 505 4024 est
519 3968 612 4051 gratia
624 3985 699 4043 pro·
722 3946 725 4041 Ι
754 3971 881 4041 noxium,
897 3968 1006 4041 etquid
1021 3967 1175 4041 expediens
1189 3968 1228 4024 sit
1241 3968 1280 4026 ad
1292 3984 1346 4025 sa-

109 4040 251 4110 merendi,
265 4056 324 4114 qua
350 4039 480 4097 videlieet
508 4057 601 4098 miuus
615 4043 698 4099 bonae

111 4113 321 4170 conversationi
330 4112 566 4185 indulget..Quam
576 4113 698 4185 gratiam

109 4185 179 4243 dicit
191 4187 350 4242 Bernordtts
362 4202 389 4241 in
401 4186 492 4243 tribus
502 4184 624 4242 maxime
634 4201 699 4243 con·

112 4262 199 4329 itare,
210 4265 356 4330 tamquam
364 4255 543 4334 fragmentis,
552 4255 697 4317 videlicet:

753 4041 852 4100 lutetn.
872 4073 907 4084 -—
925 4041 1049 4108 Quartus
1065 4039 1148 4115 panis
1170 4044 1213 4097 est
1238 4040 1348 4098 donum

753 4112 938 4182 tordtuiiinis
959 4120 987 4169 et
1002 4116 1075 4170 bene
1095 4111 1235 4170 tortitudo
1252 4111 1348 4185 sequi·

755 4192 802 4245 tur
816 4185 983 4254 scientiam
1005 4200 1072 4242 nain
1095 4190 1211 4257 cognito
1232 4200 1284 4257 per
1298 4184 1347 4241 ito·

755 4275 825 4318 num
834 4254 1033 4332 mentisque
1040 4254 1346 4329 malacaiendasunt,
