2880 4942
129 358 175 411 us
497 352 608 405 Pltlss
636 350 755 405 tiaris
782 348 887 399 curti
915 344 1003 397 LXI!

128 461 262 521 scribitur
277 468 367 515 status
382 456 513 514 notatu
529 472 652 527 sequens
664 472 713 512 ex-

124 528 510 613 allationempmlietorurn
531 530 713 595 Sanctomm,

127 600 714 743 :resurterrueruuto.

129 748 251 817 culpata.
268 747 298 801 tn
310 690 363 801 irae
377 759 447 815 erqo
463 750 566 815 quarta
579 742 716 815 pambola

125 834 187 875 coru
227 822 271 873 rat
288 832 402 885 nquam
424 818 551 871 meorum
569 819 714 883 Imeus,

125 906 173 962 qut
224 892 366 960 occeptum
391 889 492 943 mulier
515 888 661 943 obtenuit
684 890 715 942 iu

124 962 213 1017 trtius
224 962 328 1028 surina
340 962 421 1015 stitis.
441 960 490 1015 Est
504 966 601 1015 autern
620 964 714 1014 satum

125 1048 262 1091 xrsexuura
276 1030 305 1087 in
319 1030 472 1087 i'alaestina
488 1030 606 1102 capiens
624 1046 714 1088 unum
737 1058 741 1093 ς

772 451 929 509 secundum
946 451 1059 514 bedam,
1076 466 1129 523 per
1145 458 1257 510 rectam
1272 453 1371 513 inten-

771 524 890 589 tionem,
901 522 1026 579 amnndi
1037 522 1171 579 laudibus
1182 526 1371 597 occultando,

771 597 915 651 ubscowtit
930 594 1112 659 termentum,
1127 595 1157 651 id
1173 604 1218 651 cst
1232 597 1372 656 ditectio·

772 684 850 736 nem,
863 670 894 721 a'a
914 667 1004 721 tribus
1017 671 1088 721 sutis
1099 669 1212 734 [mna.
1230 668 1261 725 id
1277 678 1324 727 est
1340 670 1372 727 in

771 740 864 796 tribus
889 738 982 794 modis
999 738 1149 809 dirigendi,
1168 740 1281 797 scilicet
1305 760 1314 798 :
1336 760 1373 800 ea

772 818 828 866 toto
846 810 937 867 eorde.
954 826 990 866 aa
1007 816 1064 865 totu
1082 814 1189 877 uuiuu,
1208 818 1235 867 ct
1253 830 1290 869 ea
1309 820 1372 870 totu

772 888 876 949 merrte3
892 898 949 947 re,
964 880 994 937 in
1011 882 1105 938 tribus
1119 882 1225 939 animae
1246 885 1372 956 virinus,

772 953 895 1011 scilicet:
906 952 1371 1026 rationali,concupiscibili,iras·

772 1026 862 1095 cibili,
875 1024 905 1081 in
919 1025 1023 1097 quibus
1034 1024 1141 1082 caritas
1158 1027 1218 1084 sire
1233 1028 1369 1087 doctrina

126 1102 251 1161 modium
267 1110 295 1159 et
310 1102 470 1159 dimidium.
487 1104 615 1169 lteunum
630 1102 715 1159 coelo-
737 1118 742 1151 r
772 1097 969 1165 absconditur,
983 1097 1076 1154 donee
1087 1104 1177 1154 totam
1193 1108 1322 1157 mentem
1338 1101 1369 1158 in
1391 1140 1395 1145 -

127 1192 189 1233 rum
208 1181 253 1233 est
282 1174 407 1231 uectoria
431 1162 570 1242 militaus,
596 1176 625 1229 in
678 1174 741 1249 na}

126 1249 200 1305 treus
215 1263 267 1319 pur
282 1246 367 1303 belem
389 1246 559 1317 regnaturi
583 1246 716 1302 docbrna
737 1274 742 1303 t

125 1317 714 1399 ltclei,qu:ereqnumccelorumpraedicat;

124 1390 227 1447 ruulier
240 1396 335 1445 autem
352 1389 402 1445 ltei
415 1389 569 1460 sapientia,
585 1388 628 1445 rel
648 1389 713 1444 dux-

125 1460 221 1533 geutia
248 1462 416 1515 structorum
442 1460 479 1517 ad
501 1458 715 1531 praedicandum

125 1546 327 1602 usquequaque
342 1531 429 1587 litium
443 1530 624 1588 catholicam.
648 1529 716 1587 Tria

126 1618 193 1657 roro
221 1608 283 1657 sata
306 1601 417 1669 fauno,
445 1607 513 1659 sunt
535 1608 594 1659 tres
617 1608 715 1675 partes

772 1169 1371 1316 {tuttelstetmutaretur:

773 1313 895 1370 ficietur.
918 1312 1077 1369 Secundum
1096 1316 1252 1383 littorium,
1271 1315 1368 1377 lariua

774 1390 818 1442 est
842 1385 923 1456 plebs
944 1400 978 1441 ex
1002 1383 1124 1441 dirersis
1147 1385 1290 1456 collecta;
1311 1387 1368 1444 tria

773 1460 846 1524 sata,
860 1455 962 1527 triplex
983 1461 1074 1512 status
1098 1456 1238 1523 fidelium,
1258 1459 1367 1516 scilieet

773 1529 844 1596 b'oe,
868 1528 979 1595 Daniel,
992 1528 1059 1593 iob,
1073 1531 1117 1584 vet
1140 1530 1259 1599 quiade
1273 1531 1368 1590 tribus

773 1598 841 1655 titiis
855 1600 916 1655 b'oe
929 1599 1069 1670 processit
1085 1604 1175 1657 totum
1195 1617 1289 1673 genus
1313 1603 1366 1659 bu·

126 1670 236 1741 mucidi,
253 1671 360 1729 scilicet
385 1673 484 1743 tusis,
496 1672 592 1730 Africa
606 1680 637 1731 et
659 1676 714 1731 Eu·
738 1674 743 1741 Ι
774 1686 900 1738 manum,
921 1671 965 1727 cui
981 1671 1032 1727 Dei
1055 1671 1198 1744 sapientia
1225 1673 1316 1731 fidem
1340 1680 1368 1730 et

124 1760 205 1816 ropa,
228 1744 272 1799 rel
296 1749 355 1801 tres
375 1744 492 1815 linque,
507 1744 614 1803 scilicet
636 1748 714 1803 :lle-

125 1816 213 1881 braia,
230 1818 330 1873 tirteca
348 1823 377 1872 ct
402 1816 512 1875 latina.
533 1820 715 1875 Fermentum

124 1895 231 1956 autem,
246 1888 311 1945 licet
328 1886 357 1945 in
379 1888 525 1962 Scriptura
538 1889 717 1962 trequentius

126 1959 281 2033 accipiatur
300 1958 329 2017 iu
350 1961 437 2031 malo,
451 1978 486 2019 eo
507 1962 583 2090 quod
598 1968 641 2019 est
655 1978 717 2020 cor-

128 2034 281 2105 ruptivum,
300 2038 394 2089 tarueu
410 2033 478 2105 quia
496 2034 574 2091 arud
591 2040 634 2091 est
657 2034 714 2090 ler-

128 2110 256 2161 urouturu
270 2103 394 2172 zicsuicu,
411 2112 438 2162 et
455 2104 531 2163 aliud
543 2108 716 2163 termentum

126 2174 223 2243 tritici,
243 2174 289 2230 bic
299 2175 437 2247 arripitur
451 2178 478 2233 in
499 2178 573 2234 bono
585 2183 714 2245 tantum;

127 2250 154 2299 ot
170 2250 287 2317 prcqrtcr
307 2245 438 2302 virtulem
458 2247 610 2316 alterandi,
625 2248 648 2303 si
670 2248 715 2304 ui-

129 2317 195 2372 ltrut
211 2315 327 2371 verlurnr
354 2316 564 2387 tsvaugoticnm,
588 2264 669 2391 quool
678 2320 715 2375 ad

125 2386 208 2443 tutuo
228 2387 426 2444 lruusuxuturit
452 2404 584 2462 urngnum
604 2396 715 2463 partem

127 2456 237 2525 uttrridi,
255 2465 283 2515 et
296 2460 390 2517 urlbuc
402 2460 524 2589 surplius
540 2467 715 2521 transmuta-

125 2529 165 2587 bit
179 2532 281 2603 ipsein.
301 2531 380 2589 liudo
394 2531 422 2589 iu
439 2534 542 2605 igura,
564 2534 591 2591 in
609 2536 713 2591 Pente-

122 2608 210 2673 coste,
222 2620 285 2676 qum
298 2605 495 2663 celebrabatur
507 2606 639 2666 sindonis
650 2623 715 2680 pro·

123 2678 185 2747 pter
201 2674 371 2732 lrerxotlriuur
387 2677 468 2749 bogis
480 2678 713 2751 data=,quinqua·

141 2746 232 2801 uuiuru
246 2746 291 2801 uto
304 2748 340 2801 ub
356 2747 480 2808 certitudo
501 2752 630 2821 Aigypto,
647 2766 713 2821 quas

121 2764 172 2873 lut
189 2816 333 2881 ltruupulii
349 2818 451 2889 liquere,
467 2820 663 2879 otlcrebantur
681 2821 712 2877 in

122 2887 240 2959 turuplu,
255 2888 312 2943 driu
324 2904 412 2959 prutes
426 2890 462 2947 do
477 2890 570 2949 simila
585 2892 710 2949 territen-

120 2960 187 3015 tutu.
201 2960 300 3013 lluttur
312 2974 391 3029 ergo,
403 2959 431 3016 id
444 2966 487 3017 ost
499 2962 546 3019 bei
559 2962 711 3035 supientia,

123 3029 164 3085 rol
176 3032 343 3085 stricturum
353 3029 500 3103 diligentia
509 3040 649 3107 occeptum
656 3037 712 3103 ter·

123 3106 253 3167 urrutum,
278 3101 354 3173 quod
379 3110 500 3229 propter
525 3107 648 3164 calorem
665 3106 709 3163 iu·

122 3170 274 3229 leiusticum
289 3178 315 3229 et
332 3171 376 3229 iur
390 3192 486 3247 trsuur,
503 3178 606 3250 Legem
619 3180 710 3236 Eran-

122 3242 252 3315 qoliraru,
265 3260 327 3317 qum
338 3251 380 3303 ou
392 3248 445 3305 Lex
455 3251 572 3319 umoris,
593 3266 644 3309 seu
667 3266 712 3307 co-

121 3314 222 3387 ritntis,
240 3316 364 3390 itrruque
377 3320 517 3379 terrorem
533 3321 611 3392 ildei,
625 3322 711 3393 signi·

121 3392 201 3457 ttrat;
222 3390 376 3455 ctttrrourttt,
394 3408 443 3451 sen
461 3393 556 3467 posuit
570 3398 602 3453 in
622 3397 711 3453 tribus

120 3462 222 3527 sciriuu
232 3464 310 3525 sortis,
323 3462 405 3521 obiice
413 3467 607 3532 fermentatum
619 3473 658 3525 cst
669 3474 710 3525 to·

121 3532 711 3611 trior.ttorruriurtermentumpositumfuit

123 3600 151 3657 iu
171 3600 262 3657 trit-us
282 3605 378 3661 rictrudi
401 3607 529 3679 partibus
546 3626 565 3667 a
582 3615 710 3684 ternpore

123 3672 335 3743 rtpuututuruuq
348 3682 376 3731 ot
385 3677 507 3751 uurplius
518 3686 648 3753 ponetur.
661 3682 709 3739 do·

122 3756 174 3799 rtoe
187 3742 371 3800 irruurutetur
381 3752 481 3819 toturn,
495 3757 524 3807 et
538 3751 709 3823 multiplice·

122 3818 166 3869 tur
187 3814 259 3869 tides
279 3813 426 3875 'trinitatis
445 3834 497 3892 per
518 3825 608 3879 totum
629 3838 711 3880 mun·

119 3884 205 3951 «turin
221 3883 288 3957 «prtia
303 3884 369 3944 iudo
383 3894 473 3947 toturn
485 3907 559 3973 portu
573 3894 709 3952 ruundum

117 3958 176 4025 ,ictui
190 3960 389 4017 tbrurrututuru
399 3966 425 4017 et
438 3960 609 4022 rirttlraturu
620 3963 649 4023 in
660 3967 709 4024 Ee·

119 4028 214 4085 rtrsirr
230 4045 333 4104 corpus
347 4031 472 4091 rrerisse
484 4034 623 4101 ridemus,
637 4037 709 4097 sicut

122 4100 264 4159 tritutiruur
290 4103 422 4163 irruenti
448 4122 582 4179 uragrrarn
608 4108 708 4169 larirue

123 4188 245 4229 rtrussruu
262 4180 433 4235 treustuutat
446 4176 476 4235 iu
493 4178 536 4237 sui
551 4178 640 4252 ipsius
652 4181 705 4240 rir·

122 4246 221 4312 tutoru,
239 4262 271 4301 ur
296 4246 418 4307 rrritlcat
441 4256 470 4309 ot
488 4268 617 4311 erasure
631 4253 707 4313 lacit.

128 4312 228 4371 tlrtttrr
248 4324 352 4383 autern.
373 4318 402 4379 iol
426 4328 466 4381 ot
485 4322 582 4382 anima
599 4332 709 4393 aneu,

98 4502 133 4664 l

772 1741 934 1810 caritatem,
952 1748 980 1798 et
994 1759 1094 1799 sanam
1109 1744 1275 1802 doctrinam
1288 1762 1368 1803 com·

774 1814 890 1871 mendat
919 1812 951 1870 in
980 1815 1127 1888 prasenti,
1154 1816 1246 1873 donee
1274 1823 1367 1875 totum

774 1886 972 1957 fermentetur,
999 1885 1029 1942 id
1058 1892 1102 1944 est
1131 1886 1225 1944 donee
1254 1887 1285 1945 in
1309 1889 1366 1946 fine

774 1958 884 2027 mundi,
902 1958 1043 2031 completo
1061 1975 1181 2016 numero
1196 1959 1365 2032 electorum,

773 2030 874 2087 fideles
913 2030 949 2087 ad
995 2031 1213 2087 resurrectionis
1244 2033 1365 2103 gloriam

773 2101 953 2174 perveniant,
968 2107 997 2159 et
1012 2107 1080 2159 tune
1090 2103 1218 2175 perlecta
1232 2104 1365 2161 caletient

773 2172 908 2244 caritate;
930 2176 1015 2231 modo
1029 2174 1108 2231 enim
1134 2181 1179 2231 est
1196 2174 1274 2247 ignis
1299 2192 1364 2250 par·

773 2260 837 2314 vus,
852 2244 902 2301 sed
917 2251 987 2302 tune
1000 2247 1055 2303 erit
1068 2245 1208 2304 caminus.

812 2336 842 2371 ru
872 2317 1018 2374 Panssoxu
1038 2336 1102 2382 euro
1122 2336 1174 2388 sxr,
1193 2336 1226 2375 er
1242 2338 1277 2376 ne
1292 2337 1364 2377 xxono

772 2404 900 2444 aonxeuor
931 2390 1083 2447 Donxuuxt
1109 2421 1144 2433 -·
1170 2393 1234 2447 Hae
1260 2395 1362 2463 omnia,

773 2458 880 2516 scilieet
905 2461 1044 2532 praedicta
1059 2466 1087 2518 et
1111 2462 1181 2520 talia
1203 2464 1305 2535 multa,
1325 2466 1363 2520 to·

774 2537 853 2587 cutus
863 2538 903 2589 est
915 2535 993 2590 lesus
1005 2534 1044 2589 ud
1057 2534 1153 2590 turbas
1164 2536 1363 2607 iuparuboiis3

772 2608 800 2659 st
830 2602 895 2660 lieet
923 2604 980 2662 alia
1008 2605 1099 2662 multa
1131 2606 1194 2663 sine
1221 2606 1366 2680 parabolis

772 2672 876 2731 dixerit
901 2675 1003 2744 turbis,
1020 2681 1087 2733 tune
1105 2682 1203 2734 tamen
1219 2677 1291 2735 nihil
1306 2679 1365 2735 sine

771 2747 918 2818 parabolis
935 2747 1006 2804 dixit
1020 2747 1072 2817 eis,
1087 2756 1119 2805 ut
1142 2749 1251 2808 seilicet
1272 2766 1367 2807 more·

773 2822 874 2874 rentur
887 2818 924 2875 ad
942 2820 1178 2890 interrogandum
1195 2821 1233 2878 de
1247 2820 1362 2879 auditis.

772 2888 844 2957 Quia
863 2889 941 2946 enim
956 2891 1121 2950 bominibus
1135 2893 1254 2951 rudibus
1269 2894 1299 2950 lo
1320 2910 1365 2951 ue·

771 2960 857 3017 batur
872 2961 908 3042 de
922 2977 1011 3034 regno
1027 2963 1088 3032 Dei,
1105 2981 1177 3037 opus
1191 2972 1256 3022 erat
1269 2910 1364 3023 induci

771 3047 822 3088 eos
841 3032 947 3089 tatibus
965 3036 1121 3107 parabolis,
1138 3043 1167 3093 et
1186 3053 1285 3094 rerum
1300 3054 1364 3094 sen·

771 3101 896 3160 sibilium
922 3104 965 3162 eis
993 3107 1173 3178 cognitarum
1202 3108 1361 3166 similitudi·

770 3173 865 3246 nibus,
874 3175 911 3232 ad
922 3176 1083 3236 divinorum
1097 3195 1201 3237 areana
1213 3198 1220 3237 :
1232 3186 1264 3238 ut
1275 3197 1310 3238 ex
1320 3180 1364 3237 bis

771 3262 835 3318 quae
846 3246 958 3305 animus
971 3249 1059 3315 norit,
1074 3257 1172 3323 surgat
1183 3252 1219 3310 ad
1232 3252 1361 3324 incogni-

772 3321 811 3387 ta,
825 3322 852 3375 et
865 3321 994 3393 exemplo
1006 3321 1171 3392 visibilium,
1183 3323 1314 3396 rapiatur
1327 3324 1362 3382 ad

770 3388 937 3462 invisibilia,
948 3408 982 3450 ae
992 3409 1044 3465 per
1058 3410 1092 3452 ea
1106 3410 1168 3467 quae
1182 3396 1244 3452 risu
1252 3394 1361 3463 didicit,

769 3461 861 3520 discat
875 3480 973 3522 amare
990 3481 1055 3537 quae
1072 3483 1128 3523 non
1152 3467 1233 3524 norit
1245 3485 1253 3535 ;
1267 3473 1300 3524 ut
1315 3467 1361 3539 qui

769 3534 899 3593 eoelestia
926 3552 1029 3609 capere
1054 3553 1113 3595 non
1138 3544 1282 3612 poterant,
1314 3556 1364 3613 per

769 3605 987 3666 similitudinem
1002 3614 1148 3667 terrenam
1163 3610 1261 3668 audita
1274 3610 1363 3687 perci-

768 3692 881 3812 perent.
897 3681 1036 3759 Hapatslt
1050 3688 1128 3748 enim
1147 3694 1257 3763 Graes,
1281 3695 1361 3749 amt-

781 3757 860 3813 ttudo
871 3757 976 3816 dieitur
990 3761 1101 3833 Latine,
1113 3779 1165 3836 per
1179 3780 1266 3836 quam
1286 3763 1361 3821 reri-

767 3832 822 3910 ¹4⁸.
839 3828 1063 3901 demonstratur,
1087 3840 1117 3891 et
1143 3834 1173 3891 in
1195 3851 1262 3907 qua.
1284 3835 1362 3893 aliud

766 3898 881 3982 dicitur.
898 3906 927 3958 et
943 3903 1021 3961 aliud
1034 3903 1245 3964 rationabiliter
1259 3906 1363 3966 intelli-

765 3975 853 4043 gitur.
876 3973 955 4032 Unde
978 3976 1074 4033 subdit
1091 3978 1166 4035 bane
1190 3978 1361 4037 admonitio

765 4057 832 4099 nem
845 4059 852 4098 τ
865 4046 929 4101 liae
942 4046 1046 4111 dicon,
1061 4051 1201 4107 elamet
1218 4051 1295 4119 :Qut
1309 4053 1358 4108 bu-

766 4114 810 4169 bet
821 4130 904 4197 cures
919 4118 1064 4189 mendi,
1079 4122 1188 4178 audiet.
1205 4123 1298 4191 Quam
1313 4121 1349 4179 ad

765 4192 955 4268 monitionem
977 4190 1059 4249 addit
1079 4192 1217 4251 Dominus
1240 4194 1270 4251 in
1289 4193 1358 4252 loeis

764 4258 903 4331 pluribus.
930 4262 1013 4332 llam,
1039 4265 1197 4323 seeundum
1223 4269 1359 4336 Hieronp-

763 4330 1149 4409 uuunbtconqnsponiur
1157 4338 1356 4408 boererbum,
