2880 4942
228 342 266 395 llll
293 341 481 396 statariae
509 344 546 397 ΕΤ
574 343 839 400 EXHORTATIONE
867 345 909 398 tu
936 342 1188 413 flbutttttttttt.
1286 343 1331 394 aba

108 448 235 505 omnium
248 465 311 520 qum
324 448 411 504 habet
422 455 604 519 recognoscat
614 451 692 508 dato·

108 537 168 576 rcin
185 537 246 576 csse
263 523 358 576 Deum.
374 520 447 587 Quid
459 524 529 576 enim
545 524 636 587 habea,
652 523 692 579 in·

109 591 168 662 quit
181 593 341 663 Apostolus,
352 593 425 661 quod
433 610 486 648 non
496 598 647 665 accersisti?
658 626 690 636 -

108 665 246 732 Secunde,
261 663 389 719 consistit
404 666 433 719 in
447 665 617 736 dignitatum
633 667 692 722 rili-

108 734 690 808 pensione.ethmcinducitlionorcmlici3

105 810 133 861 et
147 807 207 863 hac
221 807 341 863 habetur
357 809 471 878 quando
486 810 570 866 homo
586 809 616 865 in
630 828 691 867 ma-

103 877 167 947 gnis
185 881 347 947 virtutibus,
371 879 453 935 donis
467 886 552 951 atque
575 882 691 937 honori·

104 949 155 1005 bus
166 950 346 1019 constitutus,
370 951 437 1007 inde
462 968 518 1007 nou
537 953 690 1020 extollitur,

104 1021 152 1075 secl
162 1027 253 1076 totum
270 1021 310 1075 illi
319 1021 442 1077 inluudit
454 1027 482 1078 et
494 1022 635 1094 integrum
645 1041 690 1080 rc-

100 1091 134 1145 sti
152 1092 213 1149 tuit.
230 1108 315 1162 aquo
338 1095 545 1149 omnebonum
569 1097 640 1151 lluit.
659 1128 690 1137 —

101 1162 210 1230 Tertio,
224 1162 353 1218 consistit
369 1163 396 1218 in
414 1164 534 1221 aliorum
549 1165 602 1222 sibi
624 1184 693 1237 prce-

102 1231 228 1302 latione3
245 1240 273 1289 ct
296 1236 357 1290 haec
375 1236 480 1292 inducit
507 1237 624 1309 proximi
645 1255 693 1311 ap·

100 1304 310 1375 pretiationcm.
333 1308 478 1374 Quomodo
495 1326 608 1365 serrare
629 1317 692 1383 pot-

100 1376 206 1432 erimus
229 1379 304 1448 qnod
322 1378 390 1434 dicit
411 1381 560 1450 Apostolus
577 1398 583 1435 :
600 1385 690 1438 llono-

99 1463 129 1500 re
145 1451 233 1502 invice
256 1453 463 1519 praeccnicntcs,
482 1451 534 1507 nisi
557 1452 628 1508 alios
646 1453 689 1509 di-

102 1518 218 1586 gniores
240 1521 322 1575 uoltis
337 1520 365 1576 in
381 1521 516 1578 virtutum
532 1524 639 1578 meritis
655 1542 691 1581 m-

101 1589 273 1645 stimemns?
289 1594 377 1647 Homo
392 1593 468 1649 cuim
486 1594 575 1662 illum,
591 1611 647 1666 quo
658 1613 688 1653 se

99 1661 257 1730 digniorem
275 1663 407 1725 aestimat,
424 1664 466 1719 rix
482 1667 621 1734 honorat;
638 1669 688 1724 sed

99 1731 192 1804 potius
210 1734 376 1790 contemnit.
395 1737 491 1792 Potest
505 1742 531 1791 ct
543 1737 596 1794 hoc
612 1741 687 1810 quod

102 1803 209 1859 dictum
224 1810 268 1860 cst
282 1806 317 1862 dc
331 1806 479 1876 dignitate,
497 1808 582 1864 ctiam
598 1811 686 1883 accipi

99 1875 135 1930 dc
159 1875 325 1933 meritorum
355 1879 588 1951 praesumptione.
609 1883 687 1939 Unde

99 1945 139 2001 ait
151 1949 225 2002 Recta
240 1968 248 2002 ε
267 1970 281 1999 ι(
294 1952 417 2020 llysticc,
430 1951 557 2021 quisquis
574 1958 688 2034 nuptias

100 2017 203 2074 Christi
229 2024 257 2074 ct
273 2020 405 2077 Ecclesiae
422 2022 556 2079 invitatus
573 2025 687 2089 adierit,

99 2090 236 2145 membris
250 2092 383 2148 Ecclesia
398 2109 450 2164 pcc
464 2094 551 2149 tidem
566 2097 686 2166 coniun-

100 2167 171 2230 ctus,
190 2177 247 2217 non
263 2179 293 2218 se
309 2164 423 2220 extollat
443 2165 524 2236 qnasi
541 2167 689 2224 sublimior

100 2232 213 2300 ceteris,
240 2234 390 2303 gloriando
405 2236 440 2292 de
463 2236 581 2294 meritis.
606 2239 688 2295 bibit

100 2303 176 2360 enim
193 2304 285 2361 locum
299 2307 474 2363 honoratiori
487 2315 548 2379 post
558 2309 687 2376 invitato,

100 2391 164 2431 curn
185 2374 297 2433 illorum
313 2378 360 2449 qui
377 2395 407 2434 se
429 2379 457 2434 in
473 2380 584 2437 Christo
600 2381 688 2438 secuti

100 2452 176 2515 sunt,
203 2447 328 2519 agilitate
352 2450 476 2521 praeitur.
499 2453 532 2507 Et
556 2469 619 2508 cnm
639 2470 687 2509 ru-

100 2518 169 2574 borc
186 2519 371 2576 novissimum
385 2522 478 2578 locum
494 2529 581 2588 tonet,
603 2540 689 2595 quan-

100 2589 137 2645 do
156 2590 190 2645 dc
204 2590 267 2646 aliis
282 2592 401 2649 meliora
411 2609 596 2665 cognoscem,
610 2596 690 2667 quid-

102 2659 169 2740 quid
185 2660 221 2716 de
243 2679 294 2719 sua
315 2664 480 2735 operatione
498 2667 605 2722 celsum
624 2684 688 2724 sen-

102 2733 200 2800 tiebat,
212 2734 352 2790 humiliat.
366 2737 420 2792 Sed
436 2738 575 2793 recumbit
587 2738 689 2810 aliquis

102 2802 132 2858 in
152 2805 305 2862 novissimo
333 2806 405 2875 loce,
424 2809 579 2866 secundnm
594 2810 687 2867 illud:

102 2876 211 2942 Quanto
226 2879 368 2947 majores,
390 2885 465 2935 tanto
482 2886 507 2936 te
526 2883 643 2937 bomilia
659 2886 689 2938 in

102 2949 238 3003 amatim.
267 2951 389 3007 Veniens
415 2957 509 3008 autem
534 2953 688 3024 Dominus,

103 3034 188 3090 quem
213 3021 348 3077 humilem
367 3021 516 3092 invenerit,
534 3025 617 3082 amici
637 3042 688 3081 no-

102 3089 186 3170 mine¹
196 3092 373 3158 beatificans,
390 3096 520 3167 superius
534 3099 687 3153 ascendere

102 3162 257 3234 proripiet.
268 3166 434 3237 (latoremque
444 3171 517 3222 enim
528 3170 688 3223 bccmiliouc·

102 3237 141 3289 rit
156 3250 195 3302 se,
209 3238 278 3291 sicat
294 3243 427 3307 parvulas
443 3241 504 3306 istc,
521 3241 564 3293 liic
579 3245 618 3293 est
631 3257 689 3294 mu·

100 3305 148 3374 jor
165 3309 194 3360 in
206 3323 288 3375 regno
304 3311 439 3364 celorum.
460 3309 580 3365 Pulchre
593 3316 688 3365 autem

103 3375 223 3432 dicitur:
239 3383 313 3434 Tunc
325 3382 377 3433 erit
389 3379 440 3433 tibi
451 3382 552 3446 gloria,
566 3395 603 3435 nc
616 3396 690 3435 nunc

103 3462 231 3519 quarere
260 3448 378 3520 incipias
402 3450 476 3520 quod
494 3450 545 3506 tibi
560 3457 691 3506 servatur

101 3517 131 3574 in
147 3520 214 3575 linc.
241 3523 338 3576 Potest
361 3520 445 3576 ctiam
460 3525 488 3576 et
506 3522 560 3576 hoc
589 3520 619 3577 in
637 3522 690 3578 hac

102 3590 161 3646 rita
179 3591 310 3663 intelligi,
328 3592 394 3662 quia
413 3591 539 3663 quotidie
554 3592 689 3650 Dominus

102 3677 168 3718 suas
188 3665 300 3735 nuptias
322 3663 418 3733 iutrat,
437 3665 574 3736 superbos
599 3664 691 3737 despi-

102 3733 191 3801 ciens,
214 3741 242 3790 et
262 3735 417 3791 humilibus
443 3751 519 3808 sape
545 3741 623 3793 tanta
646 3738 688 3794 sui

102 3805 219 3876 spiritus
233 3823 322 3863 onera
340 3814 490 3880 praestans,
510 3813 541 3863 ut
566 3808 688 3865 discum-

103 3876 231 3933 bentium
257 3886 346 3934 coetus
370 3896 418 3936 cos
438 3879 607 3936 admirando
627 3881 688 3952 glo-

103 3950 206 4004 rilicct.
221 3950 272 4016 Qui
287 3950 362 4006 turim
380 3968 409 4007 sc
424 3951 459 4006 de
476 3951 583 4006 meritis
597 3952 689 4007 elevat

105 4019 331 4077 humiliabitura
348 4023 479 4090 Domino,
498 4030 526 4077 ct
541 4024 587 4093 qui
609 4039 639 4078 se
653 4023 688 4079 de

103 4090 250 4147 beneticiis
260 4093 563 4152 hunriliateialtabituc
573 4095 649 4151 abeo
662 4113 687 4150 ι»

102 4162 262 4220 bacchata.

143 4258 173 4289 ιο
187 4236 243 4291 Cen
258 4253 340 4292 uiscus
362 4255 458 4293 miuus
485 4256 539 4294 sori
554 4256 688 4294 ureren-

103 4307 171 4362 nest
185 4336 219 4349 —
238 4310 303 4365 Cani
326 4325 392 4381 ergo
407 4312 543 4367 inuitatus
556 4313 657 4381 fueris,
670 4326 688 4367 a

745 450 875 519 Domino,
897 466 949 522 per
963 448 1166 521 praedicatores
1191 463 1267 514 suos,
1294 448 1331 503 ad

745 527 857 595 nuptias
884 520 1055 594 spirituales,
1085 537 1148 591 quas
1174 518 1332 601 consistunt

745 594 772 650 in
789 594 990 666 conjunctione
1014 592 1117 648 Christi
1133 600 1162 648 et
1180 591 1331 659 Ecclesiae3

744 668 780 723 ad
795 684 866 738 quas
883 665 995 737 nuptias
1019 663 1130 719 invitati
1147 669 1213 719 sunt
1232 678 1332 718 omues

745 738 920 796 Christiani:
940 751 1061 808 quorum
1082 734 1196 806 quidam
1221 738 1331 815 ceteros

745 810 882 881 dignitate
897 808 1076 881 pi²aeccdunt3
1089 806 1136 862 alii
1149 821 1216 861 vero
1229 811 1330 887 merito

745 887 926 949 victutum‚et
938 878 1048 936 excellit
1060 895 1134 934 unus
1149 892 1206 933 una
1215 884 1329 945 virtute,

746 956 773 1008 et
787 953 933 1009 excellitur
951 951 1023 1018 alia;
1039 948 1088 1006 alii
1108 966 1174 1006 vcro
1190 948 1330 1005 excellunt

745 1040 827 1080 sacra
842 1021 1038 1095 intelligentia,
1055 1038 1109 1077 raon
1125 1021 1281 1076 discumbas
1300 1023 1331 1075 in

744 1099 834 1167 primo
862 1098 928 1163 loco,
955 1098 1004 1150 aut
1027 1092 1192 1149 meritorum
1214 1098 1329 1148 tuorum

745 1166 978 1239 praesumptione,
992 1170 1041 1220 aut
1056 1164 1197 1244 bonorum
1212 1163 1331 1244 munda·

746 1255 848 1295 norum
861 1237 1026 1304 ambitione,
1041 1240 1223 1306 autappetitu
1238 1237 1332 1289 inanis

745 1311 853 1381 gloriis.
879 1311 970 1376 Quare
1001 1312 1097 1364 autem
1124 1305 1232 1378 primus
1251 1305 1331 1386 locus

747 1399 802 1437 non
819 1385 855 1438 sit
869 1380 1048 1445 ambiendus,
1063 1380 1166 1450 probat
1180 1393 1212 1432 ex
1228 1379 1329 1433 tribue.

744 1453 851 1521 Primo,
863 1470 895 1508 cx
907 1453 1118 1523 comparatione
1134 1448 1282 1532 dignioris:
1298 1465 1331 1531 ne

742 1529 815 1592 [orte
824 1527 992 1589 honoratior,
1003 1522 1030 1577 id
1041 1529 1085 1577 est
1097 1520 1211 1587 dignior
1226 1536 1327 1590 majori

743 1598 862 1662 honore,
876 1599 914 1650 sit
928 1598 1063 1650 incitatus
1076 1594 1111 1648 ab
1125 1593 1185 1660 illo,
1201 1596 1228 1647 et
1242 1594 1327 1647 talem

742 1667 829 1724 debes
848 1666 898 1724 tibi
923 1681 1099 1738 praeponeris.
1117 1663 1235 1746 Dignior
1253 1662 1329 1744 euim

742 1739 843 1811 majori
864 1741 971 1795 honore
983 1740 1027 1794 est
1042 1736 1205 1802 virtuosior,
1222 1739 1249 1790 et
1264 1735 1329 1790 idco

742 1811 862 1882 quilibet
875 1816 1103 1880 quaatacumque
1121 1806 1259 1886 dignitate
1271 1806 1331 1877 pol-

741 1881 808 1947 leat,
824 1883 909 1938 habet
926 1879 1105 1936 incitatirum
1132 1877 1260 1945 fugiendi
1277 1879 1330 1932 ho·

743 1969 852 2020 norem,
870 1952 892 2008 si
921 1951 1050 2007 attendat
1072 1949 1147 2030 quod
1165 1948 1195 2005 in
1213 1964 1330 2020 congre-

741 2024 855 2095 gatione
873 2039 935 2080 csse
955 2027 1047 2094 potest
1061 2021 1164 2091 aliquis
1189 2036 1222 2076 eo
1242 2021 1331 2075 hono·

742 2095 841 2152 ratior.
871 2097 933 2151 Noa
957 2093 1035 2150 cuim
1054 2090 1184 2164 dignitati
1209 2090 1329 2147 debetur

743 2166 909 2223 excellentia
921 2162 1047 2228 honoris,
1063 2162 1116 2219 nisi
1133 2162 1200 2234 quia
1215 2163 1329 2235 ipsaat-

742 2244 865 2295 tcstatur
878 2235 1073 2295 excellentiam
1088 2235 1210 2290 virtutis.
1228 2265 1261 2275 -
1277 2235 1329 2291 Sc·

742 2312 847 2378 cundo,
873 2311 926 2366 hoc
950 2309 1026 2364 idem
1048 2306 1150 2379 probat
1166 2323 1199 2362 ex
1218 2304 1328 2377 indigni

742 2383 892 2454 ejectione,
904 2380 971 2452 quia
983 2380 1061 2435 locus
1070 2378 1199 2434 sublimis
1212 2378 1329 2458 indigno

744 2459 858 2510 nonest
879 2451 999 2519 stabilis,
1015 2454 1063 2507 seit
1080 2466 1155 2522 saepe
1172 2450 1238 2506 inde
1253 2450 1331 2520 ejici·

743 2531 798 2593 tur,
814 2525 889 2581 uude
905 2523 1027 2579 dicitnr:
1044 2525 1079 2577 Et
1093 2525 1214 2584 ueniens,
1230 2537 1281 2592 per
1293 2519 1331 2575 ei-

743 2598 858 2663 lectum,
874 2599 899 2650 is
928 2598 977 2665 qui
1003 2599 1029 2649 te
1055 2592 1175 2661 vocavit,
1195 2598 1220 2647 et
1239 2594 1331 2672 ittam,

743 2670 818 2724 dicut
834 2669 895 2729 tibi,
913 2668 997 2733 lacto,
1013 2663 1121 2720 scilicet
1137 2673 1163 2720 te
1179 2663 1331 2720 humilian-

743 2740 790 2808 do,
800 2745 827 2796 ct
841 2739 928 2794 alium
941 2736 990 2793 tibi
1004 2736 1252 2808 p1·aelerendo:llo
1266 2737 1330 2791 huic

744 2814 841 2871 iocum.
855 2826 911 2881 quo
926 2811 1079 2881 reputebas
1092 2813 1119 2864 tc
1130 2807 1259 2878 dignum.
1271 2809 1330 2889 lloc

743 2899 818 2954 sape
834 2881 937 2950 evenit,
953 2882 1029 2952 quod
1044 2880 1090 2951 qui
1106 2880 1224 2951 putabat
1239 2895 1269 2960 se
1284 2879 1329 2961 di·

742 2971 830 3028 gnum
840 2956 957 3020 honore,
974 2952 1085 3024 eiicitur
1100 2967 1116 3007 a
1131 2967 1182 3008 sua
1198 2955 1328 3023 cogitati·

743 3044 807 3094 one,
823 3033 851 3082 ct
863 3025 1012 3098 expellitur
1024 3024 1101 3080 iude.
1114 3055 1149 3064 —
1159 3023 1264 3091 Tertio,
1275 3024 1330 3079 hoc

744 3099 819 3154 idem
836 3100 935 3168 probat
962 3096 1182 3159 exconlusione,
1208 3110 1273 3165 quae
1298 3110 1329 3175 se

744 3169 841 3240 quitur
859 3170 933 3223 hanc
948 3167 1130 3236 ejectionem3
1147 3167 1224 3221 uncle
1236 3165 1330 3220 subdi·

744 3241 846 3295 turtEt
855 3245 918 3293 turre
930 3237 1330 3306 incipioseumraborenovisai

743 3326 818 3365 mum
832 3304 1328 3374 locumtcncraerubescensscilicet‚

745 3374 1329 3451 quandoquidetcmajorapraesumpsisti,

743 3450 862 3523 incipies
878 3446 1031 3508 humiliari,
1049 3446 1129 3516 quasi
1147 3447 1274 3517 dejectus
1292 3445 1328 3525 'in

744 3524 838 3579 animo
850 3529 911 3587 tuo,
924 3526 973 3574 aut
990 3519 1095 3589 ejectus
1110 3517 1145 3572 de
1159 3522 1206 3572 too
1221 3516 1327 3585 alticio,

743 3602 792 3650 aut
808 3593 934 3665 deiectus
949 3596 1012 3661 post
1027 3594 1147 3645 mortem
1162 3588 1191 3644 in
1206 3587 1328 3647 inferno,

782 3687 810 3721 11
828 3667 884 3721 Cun
899 3680 988 3719 auran
1007 3678 1165 3717 novissimus
1184 3677 1267 3717 tonus
1282 3678 1330 3716 sr-

743 3735 899 3793 rurnrmusi
920 3766 952 3775 -
977 3733 1094 3802 Deinde,
1115 3733 1239 3790 ostendit
1261 3731 1329 3803 qnid

725 3860 729 3869 .
744 3809 781 3865 sit
790 3806 1000 3865 observandum
1013 3804 1050 3862 ei.
1062 3807 1110 3876 qui
1119 3808 1178 3863 vult
1191 3806 1329 3861 honorem

743 3881 903 3953 acquirere,
921 3877 988 3949 quia
1004 3878 1089 3934 debet
1115 3877 1233 3934 humilia
1248 3876 1283 3931 dc
1298 3891 1329 3932 se

744 3953 859 4009 sentire.
878 3952 956 4007 Unde
971 3949 1059 4033 dicit:
1076 3951 1130 4006 Sed
1143 3966 1203 4005 cum
1217 3953 1329 4002 vocatus

743 4025 933 4091 (censoaria,
950 4038 1007 4077 nou
1023 4026 1050 4075 te
1065 4036 1177 4086 excusa,
1188 4023 1215 4073 et
1227 4034 1331 4100 recura-

746 4096 776 4150 be
789 4099 819 4151 in
834 4099 980 4151 nouissimo
994 4097 1060 4158 loco,
1074 4090 1212 4146 minorem
1224 4094 1251 4169 te
1266 4090 1330 4170 aliis

744 4168 918 4238 reputand03
935 4173 963 4221 ct
980 4169 1006 4218 te
1022 4177 1084 4217 esse
1102 4161 1131 4216 in
1154 4160 1286 4215 omnibus
1300 4178 1329 4216 m

744 4237 801 4293 imo
817 4239 928 4303 merito,
946 4234 999 4291 etsi
1015 4235 1087 4288 lortc
1097 4232 1135 4287 sis
1147 4231 1330 4287 excellentior

743 4308 882 4383 dignitate
900 4307 945 4364 rel
972 4303 1092 4377 originis
1109 4302 1267 4360 nobilitate.
1295 4305 1330 4359 Et
