2880 4942
250 366 290 421 oc
318 364 501 421 inaurare
527 362 684 416 ulturno
711 364 748 416 ιι
777 364 866 417 caco
893 363 1110 421 ιιιιιιιιιιιιο.
1258 368 1304 422 aar
1401 336 1404 341 ’

78 482 108 532 ct
121 491 185 547 quae
204 476 279 532 bona
289 477 357 530 sunt
367 470 578 546 prosequenda,
591 486 663 543 opus
717 502 743 513 —
764 472 865 530 Sextus
889 473 970 544 panis
993 478 1038 531 est
1060 474 1168 531 donum
1186 473 1304 532 intelle-

77 551 121 604 cst
140 545 246 618 Spiritu
273 542 466 612 tortitudinis,
492 559 558 624 quo·
575 541 664 615 possit
716 548 787 613 ctus,
806 551 834 602 et
853 544 923 602 illud
941 547 1051 603 donum
1072 544 1233 602 intellectus
1253 563 1304 604 se-

77 621 209 691 prosequi
229 635 292 674 cuae
306 619 450 688 cognovit,
477 621 536 671 tam
551 630 582 670 m
602 615 663 671 viu·
716 615 812 686 quitur
830 617 937 674 donum
962 617 1084 687 consilii,
1104 623 1133 675 et
1152 617 1209 675 duo
1228 618 1305 676 bona

77 690 168 747 cendo
194 634 278 758 maia,
303 705 388 761 quam
410 687 440 770 in
468 685 664 768 aggrediendo
715 687 828 770 l'acitin
848 691 965 748 anima:
990 687 1126 762 primum,
1147 690 1216 771 quia
1234 687 1304 747 illu·
1336 691 1339 697 ’

42 765 46 771 ’
78 762 162 819 bona.
179 764 238 818 lloc
250 762 325 818 douo
340 762 430 818 dotati
444 759 559 815 luerunt
574 763 665 817 sancta
716 761 788 816 strat
802 760 978 819 intellectum
992 762 1027 817 ad
1042 777 1112 818 sane
1132 759 1303 832 capiendum

76 834 226 907 Martyres,
245 849 317 905 quos
334 832 414 890 nulla
436 836 579 887 tormenta
595 834 665 902 pot-
715 829 866 888 consilium
876 832 998 905 Spiritus
1010 833 1299 906 Sanctispeculative·

75 910 161 962 erant
179 921 324 977 superare.
347 900 513 972 -Quintus
527 899 667 983 paniseest
716 902 882 972 secuudum,
895 902 962 977 quia
975 903 1096 977 depurat
1120 903 1254 961 allectum
1267 879 1305 962 ad

76 976 183 1034 donum
197 973 321 1044 consilii,
335 990 387 1046 per
400 972 476 1046 quod
488 974 573 1030 homo
590 972 666 1030 drrr-
716 973 860 1045 agendum
875 973 999 1047 practice
1014 976 1185 1032 consultum.
1204 1007 1239 1021 -·
1255 976 1305 1034 Se-

75 1047 163 1130 gitur,
183 1046 264 1118 quasi
282 1044 435 1103 consilioa
459 1045 517 1125 Deo
537 1051 664 1117 accepto,
716 1043 822 1115 ptimus
845 1044 926 1116 panis
951 1052 995 1102 est
1014 1046 1124 1104 donum
1143 1046 1304 1118 sapientiae,

75 1134 107 1174 un
122 1118 167 1174 his
179 1118 215 1174 ad
231 1134 296 1190 quae
311 1116 437 1175 humana
448 1120 522 1172 ratio
537 1132 595 1172 non
609 1115 666 1173 sul·
716 1116 795 1187 quod
812 1115 941 1190 sequitur
959 1117 1067 1174 donum
1090 1116 1263 1187 intellectus,
1278 1122 1307 1175 et

76 1187 145 1245 tlcit.
161 1189 196 1245 Et
214 1190 286 1246 bene
299 1188 449 1246 consilium
462 1187 592 1258 sequitur
605 1188 663 1245 lor·
716 1186 814 1244 omnia
827 1189 902 1245 dona
924 1189 992 1258 alia,
1008 1204 1072 1260 quae
1087 1188 1149 1246 sine
1163 1187 1306 1260 sapientia

76 1259 663 1333 titudinem,quiaaecundumereporium,
715 1258 787 1316 nihil
801 1263 874 1317 suut.
892 1260 1039 1333 Sapientia
1049 1264 1092 1317 est
1106 1259 1233 1332 cognitio
1242 1276 1306 1317 sua-

75 1331 158 1388 valde
182 1332 320 1389 fortitudo
343 1331 510 1402 destruitur,
530 1331 585 1387 uisi
613 1347 665 1403 per
715 1329 812 1388 vitatis
821 1331 925 1389 divinae
938 1347 990 1405 per
1004 1330 1211 1415 experientiam
1223 1330 1306 1389 habi·

75 1402 226 1459 consilium
241 1403 385 1472 fulciatur,
401 1403 468 1476 quia
483 1419 538 1476 quo
554 1402 618 1475 plus
633 1418 664 1460 se
716 1408 761 1472 ta;
779 1404 854 1460 unde
872 1403 978 1460 dicitur
991 1403 1142 1477 sapientia,
1156 1404 1237 1476 quasi
1252 1419 1305 1460 sa-

72 1490 158 1547 posse
174 1474 322 1547 conspicit,
340 1492 374 1532 co
387 1479 477 1532 virtus
492 1474 552 1531 sine
568 1474 664 1531 mode-
716 1474 783 1545 pida
806 1473 936 1532 scientia.
956 1477 1028 1533 Nam
1052 1491 1105 1548 per
1118 1475 1228 1532 donum
1252 1491 1304 1532 sa-

73 1545 186 1603 ramine
198 1545 229 1602 in
244 1562 371 1629 praeceps
382 1545 454 1616 ruit;
465 1553 493 1603 ct
508 1561 663 1619 mensquae
716 1545 829 1617 pientiae
842 1548 960 1618 juvatur
973 1548 1071 1616 homo,
1085 1563 1144 1604 non
1159 1547 1252 1603 solum
1266 1545 1303 1603 ad

74 1615 150 1674 intus
164 1618 262 1675 sedem
272 1616 383 1675 consilii
394 1616 528 1688 perdidit,
542 1617 619 1674 toras
633 1632 664 1674 sc
714 1617 908 1689 cognitionem
923 1617 1096 1689 divinorum,
1108 1617 1159 1676 sed
1170 1617 1305 1676 etiamad

73 1686 660 1762 perdesideriaiunumerabititerspargit.
714 1691 910 1762 gustationem
925 1691 1103 1748 eorumdem.

617 1877 748 1936 ORATIO

111 2053 230 2112 Domine
243 2055 313 2110 lesu
326 2053 448 2123 Christe,
463 2052 601 2112 miserere
613 2069 698 2128 super
708 2055 823 2113 turham
838 2051 1050 2127 poenitentium,
1064 2056 1093 2111 et
1106 2052 1303 2127 incipientium

72 2127 229 2198 justorum,
243 2130 272 2182 et
304 2125 508 2196 rolicicntium,
519 2126 713 2208 perlectorum
725 2130 754 2184 ct
768 2125 1025 2206 contemplantium
1037 2123 1221 2198 pertriduum
1231 2143 1302 2184 ceu·

76 2197 209 2262 tritionis,
226 2213 259 2253 co
292 2197 414 2254 essionis
430 2201 459 2255 et
473 2196 688 2268 satisfactionis,
702 2213 754 2271 per
769 2196 916 2254 victoriam
928 2197 1038 2260 mundr,
1055 2196 1149 2255 carnis
1163 2196 1302 2256 etdiabo·

76 2268 107 2339 li,
122 2285 174 2342 per
187 2268 326 2326 visionem
339 2268 529 2342 corporalem,
547 2268 747 2341 imaginariam
769 2275 798 2327 et
816 2286 830 2326 s
851 2268 995 2326 iritualem
1010 2268 1236 2341 exspectantium
1251 2285 1301 2327 ve·

75 2344 163 2414 niam,
178 2341 301 2414 gratiam
315 2348 344 2397 et
357 2340 489 2415 gloriam.
513 2341 611 2398 Refice
629 2342 739 2414 primos
752 2357 805 2415 per
839 2341 973 2398 iscretam
990 2340 1224 2409 sollicitudinem,
1238 2357 1306 2399 cau·

76 2416 173 2478 telam,
194 2412 431 2484 indignationem,
456 2415 600 2484 timorem,
628 2412 814 2483 desiderium,
840 2411 1054 2471 aemulationem
1081 2419 1111 2470 et
1135 2411 1302 2470 vindictam.

76 2484 173 2542 Refice
184 2484 325 2541 secundos
336 2500 389 2556 per
402 2483 535 2567 spiritum
549 2485 674 2557 timoris,
686 2484 813 2559 pietatis,
827 2483 966 2556 scientia,
978 2482 1166 2555 tortitudinis,
1181 2483 1305 2555 consilii,

76 2555 238 2614 intellectus
253 2561 284 2612 et
302 2556 460 2629 sapientie.
475 2557 572 2615 Refice
583 2557 686 2615 tertios
701 2573 753 2631 per
776 2563 835 2614 tres
850 2556 965 2626 animae,
986 2560 1015 2613 et
1035 2561 1158 2631 quatuor
1178 2555 1307 2627 corporis

75 2628 168 2758 dotgs,
181 2628 216 2758 iunt
226 2627 496 2760 pffiseuffluidem
508 2644 559 2704 spe
573 2644 639 2704 quae
650 2634 885 2705 superexcrescat
897 2627 929 2686 iu
944 2632 1055 2702 septem
1066 2631 1179 2703 sportae
1189 2628 1220 2686 iu
1234 2627 1307 2686 tutu·

76 2716 109 2757 ra
146 2716 181 2757 ea
216 2717 236 2757 u
289 2717 315 2759 e.
390 2716 436 2759 eu.

567 3024 707 3099 capul
729 3024 816 3097 xcu

204 3230 242 3276 ms
267 3227 426 3278 rumano
449 3227 585 3277 CAVENDO
604 3228 643 3272 ΕΤ
665 3227 746 3274 OEGO
767 3227 945 3276 BBTHSAIRAE
967 3225 1165 3274 latumano.

419 3380 547 3441 Matthaei
570 3397 633 3456 cap.
653 3383 714 3441 XVI
733 3387 763 3440 et
778 3380 865 3441 Marci
879 3396 942 3456 cap.
956 3382 1029 3440 Vlll.

115 3582 125 3618 1
144 3566 301 3623 Ruseousro
316 3563 426 3620 Cnnrsrr
440 3563 598 3619 nntuunos
614 3579 670 3620 mn-
725 3576 797 3634 rem,
815 3567 844 3619 et
862 3560 963 3619 eadem
973 3565 1051 3619 terra
1064 3558 1216 3634 dupliciter
1228 3577 1310 3619 roca

75 3655 131 3697 auu
145 3654 246 3695 sicum
268 3653 303 3692 nu
317 3650 393 3691 cano
413 3650 560 3690 numurus.
574 3665 610 3676 —
632 3637 670 3692 ut
724 3641 771 3704 ta3
791 3632 853 3700 scd,
869 3633 1026 3691 secundum
1051 3632 1134 3704 alios,
1153 3639 1221 3690 sunt
1246 3633 1310 3692 duae

74 3704 669 3784 postmiraculumdePasoioneostensum,
724 3704 858 3778 regiones
870 3704 1022 3775 distincta,
1032 3704 1138 3763 licetiu
1149 3703 1312 3763 extremita-

74 3783 194 3839 dimissa
207 3781 301 3850 turbu,
316 3781 424 3849 statim,
435 3779 573 3847 aseendit,
584 3780 669 3836 Jesus
725 3778 803 3837 tibus
822 3778 997 3849 conjunctam
1019 3782 1049 3835 et
1061 3776 1125 3835 ideo
1145 3776 1269 3834 existens
1282 3774 1313 3834 iu

75 3870 142 3911 cum
157 3852 318 3926 discipulis,
326 3855 358 3910 in
371 3852 543 3921 naviculam,
555 3849 669 3923 fugiens
726 3847 852 3908 confinio
863 3848 1013 3922 utriusque
1025 3848 1130 3907 dicitur
1140 3865 1203 3906 esse
1213 3847 1244 3905 in
1253 3848 1312 3907 ilua

76 3926 169 3984 turbae
184 3925 354 4054 applausum
374 3927 403 3981 et
417 3921 619 3992 reverentiam,
640 3926 669 3980 et
724 3921 809 3981 istius
826 3921 873 3979 vel
886 3919 982 3992 illius;
1011 3928 1041 3980 et
1063 3920 1094 3977 iu
1108 3920 1159 3978 tali
1174 3920 1236 3978 loco
1251 3924 1313 3977 erat

77 4005 201 4056 utatur
223 4001 382 4054 aremotus
397 3995 535 4053 doctrinae
552 3998 669 4052 vacaret
725 3997 818 4052 lesus.
843 3997 881 4052 Et
903 3999 1075 4052 accesserunt
1091 3994 1128 4049 act
1155 4009 1227 4061 cum,
1255 4008 1312 4049 non

78 4068 297 4142 discipulorum,
314 4068 386 4124 dans
399 4066 428 4124 in
445 4067 500 4125 hoc
520 4067 603 4125 uobis
629 4065 669 4123 si·
726 4070 873 4138 tamquam
885 4066 980 4124 devoti
1004 4072 1032 4124 et
1046 4063 1248 4146 simplice-suut
1262 4062 1314 4146 ad-

78 4141 145 4199 mile
155 4139 278 4199 lactendi
290 4139 449 4196 doctrinam
458 4145 488 4196 et
496 4155 574 4195 exem
598 4139 666 4195 lum.
726 4138 879 4209 discerent,
896 4138 945 4195 sed
960 4143 1107 4209 tamquam
1121 4136 1209 4193 ruvrdr
1225 4140 1253 4192 et
1267 4152 1313 4191 rn-

77 4216 114 4270 llt
129 4217 205 4271 venit
231 4216 261 4270 in
277 4215 356 4283 fiaes,
376 4227 427 4267 seu
450 4217 559 4283 partes,
607 4226 670 4279 cpe·
726 4209 864 4267 sidiantes
876 4214 909 4267 ut
932 4209 1025 4281 ipsum
1042 4213 1198 4289 tentarent,
1214 4208 1313 4264 Phari·

77 4286 134 4342 dun
156 4302 208 4343 seu
224 4284 425 4348 Dotmunuttu,
453 4283 541 4356 quod,
570 4298 670 4340 secun·
725 4284 774 4339 sat
789 4283 971 4340 ctSudducaei
985 4286 1129 4347 tentantes,
1147 4296 1171 4336 sr
1193 4288 1312 4353 possent

78 4357 147 4417 dum
155 4359 357 4430 Aupustinum,
366 4353 444 4413 idem
456 4360 500 4413 est
510 4354 669 4415 secundum
727 4352 836 4414 scilicet
853 4368 919 4412 eum
934 4369 1037 4428 capere
1049 4351 1080 4411 in
1098 4351 1210 4426 aliquo;
1225 4357 1251 4410 et
1264 4368 1310 4410 ro·

141 4432 213 4511 visi
228 4455 296 4511 iaso
311 4454 432 4518 Cumana
446 4465 533 4508 nouos
548 4455 585 4508 ll.
1216 4457 1247 4503 ta
