2880 4942
213 305 254 360 DE
283 304 532 363 litttblltsrttts
560 312 806 368 rauracrtottts
833 312 873 366 BT
898 308 1057 371 scottia
1083 305 1237 360 curisti.
1313 301 1344 359 O

109 412 304 472 necessarium
329 418 383 483 est,
398 419 430 470 ut
453 414 516 486 quis
534 414 620 474 etiam
640 432 699 476 noa

108 490 236 554 mactus,
248 501 313 540 curn
328 486 363 541 de
381 476 438 543 lide
452 487 559 558 agitur,
575 489 610 545 ad
625 505 700 547 mor-

109 562 169 614 tem
186 572 218 613 se
241 556 354 619 oderat.
372 563 400 614 et
421 561 474 614 lioc
497 567 636 630 quantum
662 562 699 618 ad

108 627 249 703 primum;
267 644 368 684 rursus
390 636 528 700 quantum
543 632 579 688 ad
597 648 699 689 secun·

109 701 179 756 dum
205 699 271 755 bulc
294 699 477 772 discipulatui
502 703 644 771 convenit,
669 709 700 760 ut

109 770 176 844 quis
192 787 248 827 non
264 771 357 828 solum
385 789 439 830 non
461 775 611 844 frangatur
625 775 701 832 dele-

108 841 234 900 ctatione
258 843 379 910 carnali,
396 846 446 901 sed
472 844 560 901 etiam
585 853 615 902 ut
636 862 699 902 cor-

109 928 167 988 pus
184 928 244 970 non
268 915 411 971 nutriatur
433 922 552 989 propter
573 918 701 990 volupta-

110 991 189 1055 tem,
227 986 278 1042 sed
312 993 430 1058 propter
465 989 555 1045 solam
590 994 700 1045 nature

109 1056 331 1126 necessitatem,
362 1074 414 1114 nec
436 1059 490 1116 boc
514 1065 631 1142 propter
658 1075 699 1128 se,

111 1128 166 1185 aed
189 1135 305 1199 propter
333 1130 472 1186 bonorem
496 1131 641 1200 divinum,
669 1137 702 1189 ut

114 1215 153 1256 ex
170 1199 225 1254 hoe
243 1202 297 1255 Deo
314 1201 472 1272 expeditius
489 1202 640 1270 serviatur,
661 1201 702 1260 ita

117 1269 195 1342 quod
215 1271 299 1327 honio
324 1271 498 1343 imaginetur
540 1274 601 1330 nasi
626 1277 702 1331 Deus

117 1341 219 1398 sedeat
234 1342 261 1423 in
277 1351 370 1399 mente
383 1362 389 1398 z
400 1290 558 1426 expetendo
573 1346 701 1427 corporis

110 1426 274 1470 necessaria
290 1421 434 1486 tamquam
450 1433 491 1472 sui
507 1432 597 1473 manci
622 1419 650 1473 ii.
666 1421 699 1473 Et

110 1483 154 1540 sie
166 1484 304 1567 quidquid
319 1488 403 1568 bomo
427 1487 462 1544 de
475 1488 539 1545 cibo
563 1434 618 1545 vei
631 1494 699 1561 potu

109 1560 209 1625 sumit,
224 1571 276 1627 per
296 1558 349 1613 hoc
371 1561 499 1615 intendat
525 1575 583 1616 non
606 1562 699 1617 solum

110 1642 173 1684 suae
189 1628 351 1684 necessitati
367 1630 531 1699 subvenire,
545 1632 596 1688 sed
611 1632 698 1688 etiam

110 1698 171 1755 Deo
186 1698 383 1772 principaliter
397 1702 571 1770 ministrare,
590 1710 619 1759 et
636 1719 700 1775 pro·

111 1768 252 1852 pinquare
277 1787 328 1843 pro
349 1772 390 1827 sui
407 1773 541 1900 mancipii
557 1780 699 1831 sustenta·

110 1846 200 1899 none.
219 1843 356 1900 Similiter
373 1852 416 1900 est
434 1845 501 1901 intel
517 1846 650 1915 igendum
663 1847 699 1902 de

112 1913 243 1985 quolibet
251 1916 400 1972 commodo
411 1917 563 1987 corporali.
572 1920 701 1985 -Quar-

753 413 1342 499 plicemdiscipulatum:unomodoqnau·

755 496 814 547 tum
830 490 865 546 ad
886 489 982 544 divina
1003 503 1096 560 praece
1117 493 1157 552 ta,
1175 486 1279 556 quibus
1293 484 1342 539 bo·

755 578 801 619 mo
823 577 880 616 non
909 560 976 616 velit
1001 503 1163 629 aliquaiiter
1187 553 1340 636 contraire,

755 640 783 690 et
798 635 852 689 hoc
870 636 913 688 est
930 630 1124 687 necessarium
1145 627 1238 700 primo
1254 627 1340 682 disci·

754 704 883 778 pulatui;
912 703 969 759 alio
1005 701 1101 768 modo,
1135 704 1284 780 quantum·
1304 694 1341 753 ad

756 775 863 848 quaeris
894 774 992 830 divina
1021 772 1211 843 beneplacita,
1237 768 1341 839 quibus

756 849 841 903 homo
861 847 1035 902 voluntatem
1053 860 1133 900 suam
1154 843 1182 897 iii
1200 845 1341 912 quantum

755 920 808 976 scit
823 924 852 975 et
865 924 969 989 polest,
986 933 1037 988 per
1053 915 1151 996 omnia
1168 913 1340 994 conformat,

755 991 795 1047 ita
817 991 892 1061 quod
916 989 1038 1056 animus,
1054 1003 1134 1057 quasi
1160 1001 1202 1041 sui
1226 988 1255 1039 et
1278 995 1341 1038 om·

756 1062 835 1118 nium
854 1060 1024 1116 citeriorum
1050 1059 1166 1124 oblitus,
1190 1072 1220 1111 se
1248 1056 1340 1109 totum

756 1132 784 1188 in
798 1133 923 1188 divinam
949 1132 1123 1187 volunlatem
1143 1126 1340 1208 transformet,

753 1205 833 1274 juxta
845 1203 914 1258 illud
931 1203 1048 1257 verbum
1060 1199 1173 1255 Domini
1190 1216 1196 1252 :
1211 1199 1265 1279 (lai
1279 1195 1340 1251 voti

755 1279 848 1329 uenire
870 1280 932 1344 post
945 1289 997 1340 nie,
1023 1273 1137 1339 abneget
1154 1273 1340 1346 semetipsum.

757 1345 807 1402 Ubi
837 1344 905 1400 dicit
928 1346 1062 1406 Basilius,
1087 1341 1162 1413 quod
1188 1341 1342 1417 abnegatio

755 1417 892 1489 suiipsius
922 1422 966 1472 est
995 1414 1090 1471 totalis
1113 1412 1155 1469 sui
1181 1410 1287 1466 oblivio
1314 1409 1343 1463 et

755 1505 885 1545 recessus
899 1504 916 1544 a
932 1486 1057 1560 propriis
1076 1481 1289 1564 ioluiitatibus3
1312 1480 1342 1535 et

755 1560 914 1617 istomodo
939 1559 1102 1629 relinquere
1125 1568 1251 1636 animam
1277 1564 1341 1632 pro·

755 1633 845 1704 priam
860 1631 994 1687 convenit
1009 1630 1134 1686 secundo
1149 1623 1341 1702 discipulatui.

755 1707 788 1759 Et
812 1710 878 1759 nuta
900 1703 976 1772 quod
1006 1703 1066 1757 haec
1089 1700 1186 1756 onmia
1226 1694 1344 1750 raedicta

754 1782 871 1846 propter
886 1774 1030 1830 Christum
1047 1713 1246 1851 relinquentia,
1262 1778 1340 1846 com-

755 1846 970 1919 preliendunlur
988 1847 1016 1899 in
1034 1845 1209 1914 proles-ioue
1225 1837 1339 1916 religio·

754 1933 862 1986 sorum,
888 1917 974 1971 etiam
1002 1918 1055 1969 lioc
1084 1915 1168 1968 modo
1196 1914 1224 1963 et
1256 1906 1340 1961 aliter

754 2003 839 2058 quam
869 2003 964 2058 supra.
998 1988 1068 2041 Nam
1106 1980 1214 2061 relictio
1242 1989 1340 2032 rerum

754 2058 925 2115 exteriorum
947 2074 980 2112 ac
1000 2057 1085 2112 etiarn
1102 2060 1339 2129 propinquorum,

754 2138 838 2201 atque
854 2129 1021 2195 amicorum,
1040 2122 1291 2203 comprelienditur
1310 2132 1340 2200 iu

753 2208 819 2257 voto
837 2199 1004 2257 voluntarias
1021 2201 1212 2274 paupertatis-3
1229 2191 1340 2247 relictio

753 2273 819 2328 iiitae
833 2273 956 2329 carnalis
980 2278 1008 2328 el
1027 2268 1224 2327 delectationis
1239 2275 1340 2345 corpo·

756 2345 823 2401 ralis
848 2344 1016 2413 intelligitur
1039 2344 1067 2398 in
1095 2339 1339 2420 voto-castitatisj

755 2416 865 2473 relictio
888 2416 1011 2488 proprie
1035 2416 1189 2472 voluntatis
1205 2406 1340 2476 intelligi-

755 2494 801 2545 tur
818 2488 928 2545 involo
946 2487 1128 2545 obedieutiae.

111 1989 154 2053 to,
173 1985 362 2056 relinquenda
386 1994 429 2044 est
450 1988 548 2043 anima
571 1989 699 2070 propria,

109 2056 172 2112 aeci
195 2057 279 2114 leudo
304 2074 354 2129 pro
384 2059 518 2114 nobiliori
541 2058 565 2113 ri
584 2075 698 2128 animae,

112 2073 208 2199 quaiis
234 2135 277 2184 est
305 2130 454 2198 voluntas3
484 2135 512 2186 et
542 2131 699 2187 secuudum

110 2198 168 2255 hoc
193 2199 223 2256 iu
250 2202 408 2272 proposito,
436 2201 599 2273 relinquere
637 2202 699 2258 aui·

110 2283 201 2340 mam,
221 2273 291 2327 niliil
309 2281 352 2328 est
366 2273 442 2329 aliud
466 2290 551 2345 quam
574 2273 700 2330 voluuta-

109 2345 171 2398 tem
187 2344 331 2415 propriam
348 2345 510 2416 relinquere
530 2351 558 2402 el
577 2361 640 2401 eam
655 2345 698 2401 di·

110 2411 187 2470 vina
223 2415 360 2472 voluntati
397 2418 587 2474 conformate.
619 2417 700 2485 Quod

111 2485 257 2558 contingit
280 2486 431 2560 dupliciter
461 2488 616 2545 secundum
646 2488 698 2545 du·

686 2683 816 2742 ORATIO

145 2816 267 2876 Domine
280 2820 349 2875 lesu
369 2818 491 2887 Christe,
506 2818 640 2890 splendor
658 2824 784 2891 paternae
797 2815 907 2890 gloriae,
927 2815 1007 2872 mitte
1027 2813 1056 2896 in
1072 2828 1117 2868 me
1132 2808 1227 2893 ignem
1242 2811 1271 2864 et
1283 2805 1342 2889 ier·

110 2906 209 2949 vorem
220 2889 342 2961 Spiritus
353 2890 458 2958 Sancti,
471 2897 500 2946 nt
515 2894 685 2947 accendatur
700 2896 727 2946 el
743 2896 882 2961 augeatur
903 2906 936 2945 ar
952 2888 1116 2969 perficiatur
1130 2900 1158 2938 m
1175 2898 1219 2938 me
1239 2884 1344 2936 caritas

110 2961 163 3022 Dei
178 2967 208 3017 et
226 2961 356 3034 proximi.
380 2965 419 3018 Da
440 2961 507 3018 milii
521 2961 703 3018 allectionem
718 2961 842 3019 carnalis
859 2960 1077 3040 propinquitatis
1095 2962 1261 3038 clamorem
1276 2965 1339 3006 cor·

111 3033 220 3108 poralis
239 3033 435 3090 delectationis
455 3033 572 3090 omnino
594 3034 766 3105 relinquere,
788 3041 872 3105 toque
892 3046 1085 3104 superomnia
1100 3028 1228 3097 diligere,
1244 3039 1277 3080 ac
1293 3035 1344 3093 per

110 3105 369 3164 considerationem
386 3113 414 3161 et
433 3105 634 3161 discretionem
657 3104 687 3161 in
710 3105 842 3161 omnibus
857 3104 975 3176 agendis
999 3105 1115 3167 habere,
1143 3106 1171 3154 et
1188 3106 1342 3177 numquam

110 3176 143 3234 in
158 3177 310 3234 securitate
330 3177 432 3232 virium
455 3177 497 3234 vel
526 3177 692 3234 meritorum
718 3193 845 3232 meorum
863 3177 1026 3241 considere,
1044 3172 1094 3228 scd
1117 3171 1288 3239 legationem
1303 3163 1343 3220 la·

111 3264 272 3322 argutarum
293 3255 321 3305 et
337 3249 476 3305 bonorum
496 3264 615 3330 operum
636 3264 748 3330 semper
762 3250 797 3303 ad
818 3254 846 3303 te
862 3247 985 3314 mittere,
1003 3257 1156 3316 pacemque
1172 3246 1226 3295 ate
1245 3243 1343 3318 petere

110 3325 141 3378 et
154 3327 312 3392 reportare.
329 3323 368 3376 Da
382 3320 468 3377 etiam
485 3321 565 3387 mibi,
582 3326 614 3376 ut
628 3320 763 3375 omuibus
783 3319 942 3375 renuntiem
961 3334 993 3373 ex
1008 3317 1124 3381 allectu,
1140 3317 1169 3367 et
1180 3322 1279 3365 omnia
1297 3320 1342 3361 re·

112 3391 241 3465 linquam
255 3391 285 3448 iu
299 3393 412 3461 ellectu,
429 3398 459 3448 ut
473 3391 513 3448 sic
529 3397 596 3448 tuus
612 3406 696 3447 verus
706 3391 760 3448 situ
779 3389 944 3461 discipulus.
959 3390 1062 3445 Amen.

624 3653 762 3728 CAPUT
775 3652 832 3724 LV

231 3872 270 3918 DE
288 3870 516 3918 consolationis
536 3871 754 3918 nisctrnuoauit
771 3870 860 3916 lttt'mt
877 3866 975 3914 Olim
989 3859 1219 3908 PRAECEPTODUH.

397 4031 523 4090 Matthaei
537 4032 637 4105 capll
655 4035 685 4088 et
694 4031 742 4100 xl,
757 4027 876 4088 Joannis
889 4043 951 4100 cap.
966 4024 1039 4081 lllll.

152 4224 162 4261 ι
181 4202 234 4270 Qui
262 4218 465 4258 rnanicxronas
490 4219 605 4271 nscirir,
621 4201 707 4258 Cuiu-
729 4203 735 4270 1
756 4216 824 4256 vero
846 4198 983 4255 Dominus
999 4192 1112 4271 separat
1129 4181 1282 4264 discipulos
1306 4179 1343 4240 ab

111 4290 182 4333 armi
206 4276 429 4337 Taruiraraiioos
449 4291 564 4331 ascinis.
578 4304 610 4316 -
632 4272 705 4340 Quia
731 4273 736 4342 Ι
758 4269 857 4327 amicis
872 4276 901 4327 et
916 4262 1120 4338 temporalibus
1134 4258 1226 4323 bonis,
1241 4254 1291 4312 dat
1299 4266 1342 4312 eta
