2880 4942
324 329 363 383 Uli
391 327 522 384 rullus
551 328 700 384 rnnntrn
728 331 836 385 bitini
864 330 1114 387 uuuublrtrslt.
1290 332 1338 390 Ἀθ

108 434 232 492 testium.
249 437 310 493 Non
323 450 387 492 sum
406 432 591 492 dissensionis
607 437 693 507 Deus,

107 507 158 564 sed
170 507 355 575 collectionis,
372 513 400 563 et
414 505 502 579 pacis,
516 512 546 563 et
564 505 692 576 unitatis,

107 578 155 650 qui
168 579 232 636 reni
248 579 377 636 homines
391 578 541 649 pacificare
555 595 619 635 cum
635 582 693 636 Deo

108 657 137 707 ct
153 653 279 722 Angelis,
294 661 323 708 et
343 657 372 707 ut
391 650 473 706 multi
488 667 538 708 cor
556 668 646 708 unum
666 656 695 708 et

108 722 233 779 animam
250 739 336 780 uuam
355 723 503 779 habeant:
524 739 577 780 non
597 729 629 780 ut
651 722 694 780 di·

111 793 240 851 vidantur
252 812 303 868 per
317 794 439 859 diversa,
456 796 505 851 sed
517 801 547 851 ut
561 795 696 866 colligan-

110 869 156 922 tur
166 873 194 923 et
203 868 329 924 habeant
341 866 437 922 omnia
446 867 628 935 communia,
641 882 695 924 nec

108 936 145 993 sit
171 938 275 1011 aliquis
294 955 382 995 erens
404 943 479 994 inter
494 938 567 1006 illos,
587 939 637 995 sed
651 938 694 995 di·

108 1010 222 1066 vidatur
234 1009 615 1082 siugulisprout‘unicuique
624 1026 695 1083 opus

107 1080 204 1137 fuerit.
226 1082 275 1137 llle
294 1081 342 1152 qui
361 1098 418 1137 non
442 1081 549 1152 colligit
572 1097 693 1152 mecum,

110 1158 154 1208 est
176 1151 362 1209 traternitatis
385 1152 501 1222 divisor,
527 1161 555 1209 ct
579 1153 695 1210 dissen-

109 1222 197 1280 sionis
215 1230 324 1281 auctor.
342 1224 392 1280 Ubi
410 1226 484 1280 Beda
505 1242 511 1280 :
533 1225 614 1292 «Qui
634 1228 694 1282 Ma·

108 1294 198 1365 gistro
229 1312 359 1368 superuae
388 1295 464 1368 pacis
489 1298 592 1368 gaudia
616 1313 694 1355 com-

107 1367 255 1424 mendanti
273 1375 395 1424 terreum
409 1367 554 1424 divisionis
570 1369 630 1426 vult
644 1369 694 1425 in-

106 1453 207 1510 gerere
223 1439 393 1507 molestiam,
412 1440 513 1496 merito
538 1441 622 1498 bomo
638 1458 693 1498 vo-

106 1516 189 1566 catur
203 1511 358 1567 secundum
378 1511 449 1567 illud
466 1528 472 1566 :
490 1513 554 1569 Gom
570 1516 609 1568 sit
620 1515 693 1568 inter

105 1598 153 1638 uos
168 1584 243 1639 aolus
256 1589 282 1638 ct
298 1586 433 1638 contentio
446 1600 452 1638 :
467 1599 555 1639 nonne
569 1585 691 1640 homines

106 1657 195 1710 estis?
214 1676 229 1705 »
247 1653 296 1711 Ubi
306 1655 468 1710 Ambrosius
481 1672 488 1710 ε
503 1675 516 1707 o
533 1657 609 1712 Bene
622 1672 690 1727 ergo

106 1731 223 1782 terrena
242 1725 377 1794 declinat,
393 1725 440 1796 qui
461 1734 578 1798 propter
595 1727 692 1784 divina

106 1797 304 1855 descenderat.
317 1799 373 1853 Nec
385 1797 472 1869 juder
485 1798 619 1869 dignatur
628 1815 691 1856 esso

105 1868 198 1926 litium
222 1874 250 1926 et
272 1869 380 1926 arbiter
407 1868 582 1937 facultatum,
607 1870 692 1927 rivo-

104 1956 169 1997 rum
181 1942 289 1997 habens
301 1947 535 2013 mortuorumque
540 1940 690 2014 judicium,

105 2016 134 2068 et
153 2012 302 2069 arbitrium
323 2012 501 2069 meritorum.
520 2016 581 2070 Non
600 2013 692 2070 solum

105 2099 174 2156 ergo
194 2084 260 2155 quid
281 2088 371 2156 petas',
389 2084 473 2141 seda
493 2101 548 2158 quo
567 2085 692 2156 postules

105 2153 274 2211 intuendum
299 2161 361 2223 est;
389 2171 441 2211 nec
463 2155 619 2229 majoribus
643 2159 692 2214 in-

104 2232 184 2284 tento
207 2227 314 2296 animo,
343 2232 424 2299 putes
453 2227 609 2285 minoribus
635 2229 693 2286 ob-

105 2300 299 2371 strependum.
318 2299 396 2355 Unde
411 2316 467 2355 nou
483 2298 625 2356 immerito
640 2316 692 2357 re-

104 2370 211 2427 futatur
238 2370 283 2427 bic
309 2370 406 2438 irater,
437 2370 485 2443 qui
511 2371 690 2443 dispensato·

102 2459 165 2498 rem
189 2441 344 2499 coelestium
369 2442 510 2514 gestiebat
524 2443 691 2516 corruptibi·

102 2513 178 2571 libus
200 2530 339 2586 occupare
367 2531 373 2570 :
395 2536 409 2564 ν)
436 2515 498 2572 haec
516 2516 689 2573 Ambrosius.

103 2588 158 2643 Por
178 2588 232 2642 boc
248 2586 325 2657 qnod
350 2585 478 2643 Christus
493 2587 584 2644 noluit
600 2604 630 2644 se
644 2587 690 2644 in·

102 2658 263 2714 tromittcre
293 2658 328 2713 de
356 2658 494 2715 divisione
523 2659 690 2716 hereditatis

103 2735 235 2789 terrenae.
252 2729 379 2785 ostendit
398 2731 473 2801 quod
487 2731 689 2802 praedicatores

101 2800 259 2872 Evangelii,
272 2808 300 2857 et
313 2801 509 2873 spiritualibus
519 2801 618 2872 dediti,
630 2820 689 2861 non

101 2872 207 2931 debent
234 2890 263 2929 se
287 2873 477 2931 intromittere
504 2874 541 2931 de
567 2875 689 3003 nequitis

101 2945 289 3011 secularibus,
308 2946 344 3001 ob
370 2961 433 3017 quae
453 2945 548 3003 minus
574 2946 688 3004 soliciti

101 3016 159 3074 siut
177 3017 213 3073 de
229 3015 433 3088 spiritualibus.
453 3017 498 3075 Sic
517 3025 546 3075 et
562 3018 688 3091 Apostoli

100 3093 132 3146 ut
154 3094 271 3161 possent
286 3104 387 3146 vacare
405 3091 492 3148 verbo
508 3089 570 3159 Dei,
590 3106 688 3148 curam

101 3160 302 3233 temporalium
330 3177 348 3218 a
373 3177 404 3218 se
429 3163 606 3234 abjecerunt,
638 3162 688 3218 di-

100 3239 220 3289 centes:
238 3235 299 3289 Noa
319 3238 359 3289 est
372 3250 480 3304 aquom
497 3250 546 3290 nos
563 3234 688 3290 deretiw

100 3305 299 3376 qucreoerbum
313 3308 404 3373 Det,cl
412 3307 570 3360 ministrare
577 3308 686 3361 mensis.

101 3377 167 3444 Sed,
184 3376 255 3432 boul
272 3375 357 3432 hodie
372 3392 502 3447 personae
518 3375 689 3432 ecclesiasti·

99 3465 141 3504 cae
164 3447 265 3504 litibus
284 3456 314 3504 et
333 3446 425 3503 causis
442 3462 476 3521 eo
492 3462 581 3518 usque
600 3463 689 3504 occu-

99 3529 214 3591 pantur,
236 3525 267 3575 ut
283 3517 328 3575 bis
343 3517 521 3574 solummodo
535 3534 635 3574 vacare
650 3520 690 3574 vi-

99 3592 221 3648 deantur
231 3609 239 3659 3
250 3589 366 3647 utiliora
380 3595 581 3662 postponentes
596 3597 625 3646 ot
638 3591 688 3647 Le-

98 3678 164 3734 gem
182 3663 240 3732 Uei,
257 3662 381 3718 avaritia
391 3663 427 3718 ad
443 3663 495 3718 boc
511 3660 591 3717 tracti
605 3668 634 3718 et
647 3661 688 3718 in·

99 3734 187 3790 vitati.
205 3735 311 3801 Primo,
328 3735 441 3806 quidem
469 3733 565 3789 tloruit
586 3733 688 3791 Eccle-

99 3809 143 3862 sia
168 3805 197 3862 io
225 3816 320 3877 strage
349 3809 521 3878 llartyrum;
551 3806 685 3874 secundo,

99 3878 189 3934 crevit
207 3878 234 3933 iu
254 3878 449 3951 persecutione
468 3876 685 3947 baereticorum

98 3966 173 4006 nuuc
184 3959 279 4006 autem
288 3967 345 4005 cori
355 3949 469 4021 uptioue
482 3949 616 4005 salsorum
628 3949 685 4005 ira·

98 4025 158 4077 tum
175 4022 271 4078 litibus
287 4027 315 4078 et
329 4021 474 4078 inutilibus
489 4037 616 4077 cresccre
629 4037 687 4077 non

99 4092 214 4149 desinit.
232 4094 364 4160 Qiramvvs
381 4110 449 4160 erpo
464 4092 601 4149 [lominus
617 4098 685 4164 pot-

99 4172 172 4232 erat,
199 4170 295 4221 tamen
316 4165 443 4221 dividere
464 4164 607 4221 nolebat:
637 4179 684 4232 ne,

99 4235 173 4293 sicut
184 4237 267 4294 multi
276 4235 558 4308 l'aciuut,spiritualia
568 4239 685 4307 propter

99 4308 270 4380 temporalia
283 4307 483 4378 intermittere,
493 4312 521 4366 et
538 4323 573 4364 ne
589 4306 684 4364 lavere

748 434 894 492 videretur
920 450 1014 492 arara
1033 434 1181 510 cupiditati
1199 439 1334 510 petentis,

749 510 797 579 qui
812 509 848 564 ad
861 506 1141 565 circumveniendum
1151 510 1269 567 tratrem
1281 513 1336 570 boc

748 581 873 652 petebat,
887 585 915 635 et
931 594 1015 650 quem
1033 596 1088 636 non
1104 586 1162 637 tarn
1176 581 1234 709 ssus,
1248 597 1335 653 quam

747 668 794 708 res
808 656 837 708 et
852 667 933 708 amor
951 650 1076 708 habendi
1097 653 1177 709 trabe
1198 659 1246 722 at3
1266 654 1334 726 qui-

747 740 802 794 que
817 736 929 780 terrena
944 728 972 779 et
986 739 1043 780 non
1055 723 1180 781 coelcstia
1194 724 1334 797 sapiebat,

748 794 823 852 sicut
836 793 954 863 terreni,
971 797 1044 851 inter
1062 811 1132 867 quos
1146 796 1335 866 hujuscemo-

748 867 776 923 di
795 867 882 935 zelus,
898 874 927 923 et
945 867 1089 925 contentio
1104 867 1263 925 diridendae
1283 871 1334 927 be·

749 939 879 996 reditatis
891 954 953 995 esse
967 938 1050 995 solet.

785 1031 798 1067 o
814 1012 963 1067 Cavssouu
977 1027 1060 1068 nocer
1069 1027 1103 1066 nn
1115 1027 1180 1067 oum
1194 1028 1332 1070 arsurem.

749 1113 783 1124 -
795 1084 885 1152 Uude,
901 1088 929 1139 et
936 1098 968 1138 cx
983 1083 1036 1139 hoc
1050 1092 1258 1155 consequenter
1272 1100 1336 1142 ava·

749 1152 843 1210 ritiam
860 1169 922 1226 quae
937 1170 955 1210 a
973 1156 1031 1211 Deo
1044 1160 1166 1226 separat,
1174 1155 1272 1212 statim
1287 1172 1335 1213 re·

750 1226 910 1296 prehendit,
920 1230 948 1281 et
972 1241 1072 1282 cavere
1098 1226 1203 1295 docuit,
1217 1226 1336 1299 loquens

749 1304 807 1354 tam
822 1298 858 1354 ad
881 1297 979 1354 turbas
996 1313 1081 1369 qnam
1102 1297 1138 1353 ad
1165 1298 1335 1370 discipulos:

749 1369 816 1440 qula
847 1368 966 1426 avaritia
994 1384 1144 1426 commune
1172 1370 1270 1428 vitium
1293 1374 1337 1428 est

749 1446 807 1498 tam
826 1442 994 1498 clericorum
1004 1456 1089 1512 quam
1104 1439 1242 1498 laicorum
1254 1459 1262 1510 ;
1275 1448 1335 1500 tam

747 1512 956 1586 religiosorum,
973 1528 1058 1584 quam
1070 1512 1241 1570 secularium
1253 1531 1260 1582 ;
1276 1519 1334 1572 tam

747 1584 901 1654 minorum,
922 1600 1008 1655 quam
1035 1584 1203 1656 majorums
1230 1585 1335 1644 etenim

747 1672 848 1713 omnes
868 1656 995 1714 avaritiae
1015 1656 1139 1713 student.
1166 1656 1246 1714 Unde
1273 1674 1334 1728 eos,

747 1729 901 1785 secundum
926 1729 1045 1796 Beatam,
1069 1727 1220 1786 occasione
1248 1730 1335 1802 hujus

747 1799 825 1856 stulti
839 1799 967 1872 petitoris
982 1800 1119 1856 adversus
1137 1798 1264 1858 avaritiae
1279 1817 1335 1873 pe-

748 1871 1335 1943 stem,quaeradiromniummalorumest,

748 1945 900 2016 praeceptis
909 1947 1018 2016 pariter
1030 1947 1060 2000 et
1073 1944 1209 2015 exemplis
1224 1943 1336 2002 munire

748 2014 862 2086 satagit.
883 2018 1018 2086 Dicitque
1032 2030 1101 2086 ergo
1116 2016 1153 2070 od
1169 2017 1233 2071 illos
1251 2034 1257 2073 :
1280 2018 1335 2073 Vi-

748 2088 818 2150 dete,
834 2091 860 2142 et
877 2092 970 2142 cauete
983 2087 1018 2142 ab
1035 2089 1127 2141 omnin
1143 2089 1258 2155 varitia,
1274 2084 1335 2143 sci-

748 2157 814 2215 licet
838 2163 895 2214 tam
927 2157 1056 2215 interiori
1082 2174 1166 2228 quam
1190 2157 1334 2229 exteriori,

747 2246 810 2302 qum
826 2229 956 2286 consistit
971 2229 1000 2286 in
1021 2228 1123 2302 cupida
1148 2229 1335 2301 requisitione

747 2302 970 2372 temporalium,
995 2306 1023 2358 et
1052 2301 1143 2359 tenaci
1172 2301 1334 2360 retentione

747 2390 857 2430 eornm.
874 2375 952 2431 Unde
967 2373 1043 2431 idem
1058 2374 1132 2431 Beda
1147 2391 1154 2430 ε
1172 2397 1186 2425 α
1201 2374 1273 2431 Dicit
1286 2391 1335 2431 au·

747 2451 814 2512 tem,
829 2446 865 2503 ab
877 2444 953 2502 omni
969 2445 1099 2513 avaritia,
1116 2445 1183 2518 quia
1197 2445 1335 2503 nonnulla

747 2517 913 2589 simpliciter
927 2519 963 2574 ab
978 2517 1141 2575 hominibus
1155 2517 1216 2589 geri
1232 2517 1332 2575 viden·

746 2593 811 2658 tur;
826 2588 877 2645 sed
894 2589 1024 2646 internus
1043 2587 1151 2645 arbiter
1166 2604 1222 2659 qua
1239 2588 1333 2646 inten-

745 2659 823 2716 tione
842 2661 923 2728 fiant,
942 2660 1008 2732 quia
1028 2660 1128 2729 cernit,
1149 2659 1296 2731 dijudicat.
1317 2680 1332 2716 u

745 2731 806 2803 Vel,
817 2732 975 2789 secundum
987 2734 1131 2803 cyrillum,
1141 2732 1210 2788 dicit
1221 2734 1258 2790 ab
1270 2748 1333 2790 om·

745 2803 785 2873 ni,
802 2803 908 2861 scilicet
921 2820 1023 2876 magua
1032 2809 1061 2861 et
1070 2819 1158 2876 parva
1171 2827 1177 2862 :
1192 2805 1264 2872 Quia
1277 2820 1333 2862 non

744 2879 775 2932 in
795 2877 969 2932 abundantia
985 2874 1150 2933 divitiarum
1164 2877 1331 2949 cujusquam

743 2951 803 3004 uita
822 2948 881 3019 eius
899 2953 949 3018 est,
974 2948 1082 3006 scilicet
1102 2947 1266 3021 spiritualis,
1279 2964 1332 3022 per

744 3035 830 3092 quam
853 3021 1035 3093 conjungitur
1057 3023 1126 3091 Deo,
1142 3020 1209 3093 qula
1231 3037 1285 3078 oon
1299 3023 1332 3078 in

743 3094 800 3148 soto
815 3109 890 3218 fone
901 3097 972 3149 vivit
986 3096 1075 3162 bomo,
1091 3109 1144 3149 nec
1159 3092 1246 3149 etiam
1265 3107 1329 3149 cor-

742 3178 813 3235 pora
824 3163 859 3231 is,
873 3165 940 3235 quia
955 3163 1122 3236 temporalis
1137 3163 1195 3220 rita
1214 3161 1328 3220 divitia·

743 3249 806 3290 rum
839 3235 1021 3291 multitudine
1049 3251 1107 3291 uon
1158 3233 1329 3305 rotenditnr,

744 3305 793 3361 sed
802 3304 859 3361 imo
871 3305 1037 3378 frequenter
1048 3321 1081 3361 ex
1090 3249 1330 3387 sochitudinibus

744 3375 913 3439 animarum,
928 3383 956 3432 et
972 3375 1080 3432 deliciis
1094 3390 1258 3447 corporum,
1272 3390 1330 3433 ml·

745 3447 850 3503 nuitur.
871 3447 934 3505 Vita
950 3445 1073 3503 bominis
1087 3445 1253 3518 temporalis
1269 3460 1329 3505 non

743 3518 872 3574 consistit
890 3517 920 3575 in
940 3519 1115 3576 abundantia
1132 3534 1238 3588 rerum,
1261 3517 1329 3591 quia

743 3591 916 3662 quaudoque
939 3591 1001 3663 plus
1026 3589 1163 3648 minuitur
1182 3595 1212 3646 et
1225 3590 1328 3648 abbre-

743 3661 879 3718 viatnrin
903 3661 1099 3735 prosperitate,
1117 3678 1203 3735 quam
1227 3661 1257 3719 in
1281 3662 1329 3719 ad·

743 3733 887 3792 versitate.
905 3733 966 3792 Vita
981 3738 1067 3792 etiam
1087 3733 1243 3808 spiritualis
1266 3750 1326 3791 non

743 3806 872 3863 consistit
891 3805 921 3863 in
934 3805 1181 3877 abundantia,imo
1196 3807 1328 3878 trequen-

742 3883 786 3935 ter
803 3877 989 3948 periclitatur.
1003 3880 1081 3936 Unde
1100 3882 1325 3947 chrysostomus:

746 3973 756 3999 ι
783 3952 879 4022 Neque
908 3951 983 4008 enim
1010 3951 1113 4007 animae
1128 3949 1192 4018 soli,
1209 3952 1258 4005 sed
1273 3945 1327 4020 ipsi

741 4021 853 4093 corpori
867 4031 932 4078 suut
944 4023 1050 4080 nocivae
1062 4021 1188 4079 deliciae:
1205 4035 1238 4076 eo
1252 4017 1328 4100 quod

742 4107 774 4148 ex
788 4092 853 4149 lorti
869 4094 900 4150 tlt
917 4094 1021 4162 debile,
1037 4098 1065 4150 et
1084 4109 1117 4149 ex
1132 4107 1202 4148 sano
1216 4095 1329 4161 aegroti-

740 4180 817 4233 vum,
833 4180 866 4221 ex
878 4165 944 4247 agili
962 4182 1058 4237 grave,
1073 4178 1107 4220 ex
1127 4163 1252 4219 formoso
1277 4161 1327 4218 de-

740 4235 841 4305 forme,
854 4253 886 4293 or
896 4253 1002 4309 juvene
1015 4241 1232 4292 veternosum.»
1247 4232 1327 4292 Unde

740 4312 769 4365 et
782 4308 884 4366 Seneca
900 4324 907 4364 :
926 4330 936 4361 ι
960 4308 1057 4366 Potest
1066 4312 1166 4364 nostra
1175 4304 1328 4380 providen-
