2880 4942
120 292 153 347 ‘to
510 289 620 344 ruthe
647 289 767 343 PhthS
794 286 900 340 CAPUT
929 286 967 339 nt

121 413 174 473 pro
187 395 382 453 consolatione
394 394 474 464 alios,
484 394 533 466 (ιυί
546 411 596 452 eos
610 396 713 452 carita·

123 469 180 525 tive
204 467 359 540 suscipient
385 473 413 523 et
432 467 502 539 ipsis
527 467 627 523 donnes
646 484 713 523 suas

122 540 263 623 aperient,
283 557 315 595 ac
335 538 495 594 necessaria
509 538 713 595 ministrabunt

122 609 713 682 vitae,propterspemretrihutinnisacter-

121 699 180 751 nae‚
192 683 307 738 dicens:
322 683 375 748 Qui
390 686 491 752 recepit
506 698 562 750 ros,
578 697 712 752 corpora-

121 753 197 821 liter,
217 771 258 808 me
273 756 381 824 recipit,
394 752 582 824 spiritualiter
596 770 602 820 ;
620 758 645 807 et
663 756 713 822 nni

119 842 163 881 me
175 827 286 895 recipit.
305 828 403 893 recipit
418 841 488 886 eccm.
505 828 554 893 (ιυί
566 841 609 879 me
622 828 711 880 arisit.

121 895 219 953 Simile
250 895 316 951 alibi
347 896 477 962 habetur,
508 894 555 951 ubi
582 894 710 951 dicilur:

120 967 175 1035 Qui
192 970 304 1037 occipiti,
324 969 350 1020 si
364 984 442 1036 quern
457 970 565 1027 misero,
581 984 623 1021 rae
643 968 713 1021 ‹ceci›

117 1041 174 1110 pit.
202 1039 255 1105 Qui
284 1045 373 1093 crutam
399 1055 441 1092 me
468 1041 579 1109 accipit.
610 1041 712 1108 accipit

122 1125 183 1166 eum
201 1112 250 1179 qni
274 1126 315 1163 me
340 1113 427 1166 arisit.
445 1110 516 1176 Quia
542 1108 646 1179 iniquit,
662 1124 711 1164 uns

121 1183 251 1238 meritbra
272 1198 337 1236 mea
358 1180 436 1247 estis,
458 1189 487 1237 ct
505 1197 558 1249 ego
578 1180 605 1235 in
632 1180 712 1236 uobis

121 1267 203 1308 sunt:
219 1255 272 1319 Qui
287 1256 384 1323 recipit
409 1269 466 1319 ena,
477 1270 518 1306 me
540 1255 651 1322 recipit.
667 1250 710 1307 si-

121 1323 227 1379 militet·
241 1330 335 1379 autem
348 1323 415 1393 quiin
425 1328 480 1393 Erro
493 1330 517 1377 et
532 1323 613 1379 Pater
627 1340 710 1377 umnn

121 1410 226 1463 summ,
246 1402 274 1449 ct
290 1412 343 1466 ego
355 1412 416 1449 sum
429 1396 456 1449 in
471 1397 563 1455 Patre.
580 1401 609 1449 et
625 1396 711 1449 Pater

121 1466 151 1522 in
168 1482 213 1521 me
233 1472 275 1520 cst
294 1484 300 1519 :
321 1469 374 1531 vrci
390 1484 431 1520 nie
450 1469 558 1534 recipit,
575 1465 604 1534 ip
624 1481 711 1520 mem-

124 1537 185 1593 bnis
207 1536 289 1603 meis,
304 1540 401 1605 recipit
417 1554 476 1591 cum
493 1540 598 1605 perime
622 1539 708 1604 misit,

121 1607 230 1663 scilicet.
250 1609 383 1673 Patrem;
403 1615 430 1661 et
454 1623 504 1677 per
532 1623 710 1677 consequeus

123 1677 208 1734 etiam
231 1678 330 1748 recipit.
345 1677 478 1748 Spiritmn
500 1679 646 1745 Sanctum,
663 1677 710 1748 (ιυί

122 1766 188 1806 cum
203 1751 287 1805 Patre
303 1754 330 1804 ct
346 1749 415 1804 Filio
430 1765 480 1821 pec
495 1749 614 1819 gratiam
631 1748 711 1805 inha-

120 1820 192 1879 bitat
212 1821 373 1892 recipientis
394 1826 527 1877 mentem.
553 1822 630 1877 Unde
651 1836 710 1876 nta-

121 1892 254 1948 nilcstum
281 1898 334 1957 cst,
351 1893 418 1961 quia
437 1899 465 1948 et
494 1894 606 1947 Patrem
624 1899 651 1948 ct
667 1891 711 1947 ri-

120 1963 190 2020 lium
208 1970 352 2035 lotamque
362 1963 528 2019 Trinitatem
541 1965 650 2037 recipit,
662 1963 710 2035 (ιυί

121 2034 171 2092 Dei
198 2036 328 2091 nuntium
351 2042 513 2104 veneratur,
538 2041 566 2091 et
594 2035 709 2107 recipit;

123 2108 171 2234 ΐιί
189 2123 254 2163 vcro
275 2107 323 2163 Dei
338 2107 468 2163 ministro
483 2107 615 2178 injuriam
633 2109 709 2176 lacit,

150 2194 183 2233 co
201 2177 385 2247 omnipotenti
405 2186 431 2233 et
455 2179 583 2234 Tnuitati
601 2178 711 2249 insepa-

126 2248 207 2305 rabili
238 2248 371 2318 injuriam
395 2249 470 2304 tacit.
503 2253 535 2304 tit
557 2257 632 2304 certe
658 2252 711 2304 hoc

124 2333 259 2389 magnum
276 2324 318 2373 est
334 2320 480 2388 praemium
497 2321 572 2389 quod
592 2326 623 2376 tu
642 2320 710 2375 reci·

122 2390 226 2462 piendo
244 2391 387 2445 ticinuuem
403 2391 535 2447 et'tieinris
553 2391 639 2446 totius
653 2390 712 2446 Tri-

122 2459 220 2517 nitatis
235 2460 440 2517 habitaculum.
461 2464 490 2516 Et
512 2480 563 2535 per
579 2464 631 2517 hoc
648 2463 711 2517 hor-

120 2536 198 2588 tatur
217 2550 265 2588 ens
278 2533 325 2603 (ιυί
349 2533 500 2605 discipulos
516 2551 582 2591 snos
597 2539 625 2589 et
637 2550 710 2589 nun-

119 2602 176 2660 tios
200 2605 348 2676 recipiunt,
365 2607 517 2662 oslcmtens
541 2604 710 2678 magnitudi-

122 2691 189 2733 nem
212 2677 320 2748 pra-mii
346 2694 429 2747 quam
452 2679 608 2735 habebunt.
631 2678 711 2733 Unde

123 2748 349 2815 chrysostomus:
374 2772 388 2799 «
403 2749 532 2820 seipsum
561 2748 657 2821 posuit
681 2748 709 2804 in

122 2816 174 2884 eis,
184 2825 214 2873 ut
222 2819 258 2872 ad
267 2819 473 2890 susceptionem
486 2836 583 2876 corum
595 2836 709 2876 omnem

122 2887 307 2944 christianum
324 2891 457 2960 poputum
475 2898 653 2961 provocaret.
672 2891 709 2947 si-

120 2958 150 3018 bi
169 2958 314 3029 imputans
328 2968 473 3031 acceptum
490 2963 565 3032 quod
579 2963 619 3018 cis
638 2963 710 3018 toret

121 3030 234 3088 datum:
250 3052 264 3083 n
279 3031 338 3086 hece
354 3033 568 3101 t'hrpsostomus.
582 3034 636 3090 Sed
650 3040 709 3090 stu-

120 3102 205 3159 deant
228 3102 430 3174 praedicatores
453 3111 481 3160 et
507 3104 637 3177 discipuli
653 3108 708 3161 lto-

120 3173 240 3242 mini,ut
252 3191 282 3230 se
296 3175 367 3230 tates
380 3176 539 3245 cxliibeaut,
548 3178 623 3248 quod
632 3184 708 3233 cete·

120 3244 146 3302 ri
165 3245 306 3315 homines,
322 3248 461 3305 honorum
477 3265 596 3320 operum
610 3265 708 3305 corum

121 3320 250 3389 exemplo
263 3321 418 3390 provocati,
432 3320 570 3377 beneficia
581 3320 709 3376 caritatis

120 3387 257 3447 libentius
272 3389 313 3447 eis
338 3390 513 3463 impendant.
541 3392 620 3449 Unde
640 3393 708 3448 dum

120 3461 235 3533 quidam
260 3462 287 3519 in
317 3464 498 3534 praedicando
526 3463 707 3520 exclamatio-

117 3547 183 3589 nem
207 3550 264 3589 non
289 3535 429 3592 modicam
460 3536 575 3605 laceret,
601 3537 635 3591 de
655 3536 708 3591 hoc

120 3603 196 3675 quod
223 3605 326 3660 caritas
357 3615 385 3661 et
413 3608 531 3663 allectus
559 3607 707 3663 hominum

118 3673 273 3729 multorum
298 3676 332 3730 ad
362 3678 450 3732 Deum
471 3687 500 3733 et
528 3677 563 3733 ad
589 3682 707 3734 Sanctos

119 3743 183 3816 ejus
210 3744 370 3815 defecisset,
402 3753 431 3804 et
463 3749 540 3818 quod
578 3748 707 3804 Christus

120 3830 202 3872 suam
228 3817 367 3872 litantium
388 3816 416 3872 in
441 3818 546 3873 mundo
570 3820 706 3890 jamnon

115 3883 269 3955 inveniret,
285 3902 348 3957 quoe
371 3892 412 3943 tot
434 3895 463 3944 ut
484 3888 550 3944 olim
571 3890 708 3960 obsequia

120 3957 174 4017 eibi
191 3960 316 4027 taceret;
333 3966 396 4030 post
416 3960 586 4032 completum
603 3977 708 4017 sermo·

119 4046 186 4088 nem
202 4032 330 4102 quaedam
348 4036 480 4087 matrona
498 4033 600 4087 devota
613 4031 706 4103 ipsum

119 4102 190 4161 adiit
219 4103 304 4173 eique
340 4103 419 4175 quasi
450 4104 706 4159 substomachando

118 4172 206 4231 dixit:
228 4176 250 4232 0
275 4177 373 4243 irater,
396 4175 419 4231 si
439 4176 549 4231 tttartha
573 4191 650 4231 nunc
676 4182 708 4231 ut

766 393 894 451 Christus
906 409 981 449 nunc
991 409 1104 464 quoque
1115 393 1185 449 sicut
1198 393 1264 449 otim
1276 393 1355 451 inve·

766 465 840 522 nicet
852 481 932 521 suam
944 466 1082 520 hiartham
1095 482 1102 532 3
1116 467 1265 521 intendens
1279 464 1356 536 quod

766 537 788 592 si
819 537 936 607 quidam
955 537 990 591 de
1010 537 1243 609 praedicatoribus
1259 542 1356 593 essent

766 610 839 665 sicut
850 610 997 675 deberent,
1015 610 1107 664 adhuc
1123 614 1219 663 esseut
1235 608 1282 678 (ιυί
1299 607 1352 678 eie,

766 696 828 736 cum
844 679 920 735 omiti
937 678 1096 746 devotione,
1112 679 1306 735 subvenirent.

803 753 939 806 allennes
964 768 1036 813 ernau
1056 769 1150 807 iussus
1169 754 1257 807 duent
1281 752 1355 807 [isus

766 841 965 878 uncinissrmcs
976 841 1041 877 sitire
1053 841 1209 879 necatricem
1223 853 1257 862 -
1269 824 1312 888 Et,
1323 826 1355 878 ut

765 894 793 949 in
804 894 991 965 suscipiendis
1001 894 1145 965 discipulis
1160 893 1355 964 unusquisque

766 965 940 1021 credentium
950 965 1092 1021 Christum
1102 983 1132 1021 se
1147 965 1291 1036 suscipere
1305 980 1352 1021 ar·

765 1035 930 1103 bitraretur,
946 1037 1092 1107 adjungit:
1109 1040 1226 1103 (teri-recl
1248 1041 1269 1089 it
1285 1039 1353 1092 Pro·

761 1110 885 1179 phetam,
906 1125 963 1164 nnn
990 1108 1166 1179 simpliciter,
1186 1124 1215 1163 se
1251 1111 1281 1162 in
1300 1123 1350 1163 no·

764 1183 1008 1250 minel’r·npttetze,·
1021 1187 1047 1234 et
1062 1180 1180 1249 justum,
1204 1195 1261 1234 non
1282 1178 1353 1234 sim·

763 1250 884 1322 pliciter,
903 1252 951 1306 sed
968 1255 997 1306 in
1021 1255 1128 1306 nostrone
1151 1251 1234 1319 justi,
1247 1249 1278 1319 jd
1297 1255 1352 1318 est,

765 1338 821 1377 non
847 1340 879 1377 ex
906 1326 1008 1378 att'ectu
1034 1322 1127 1377 carnis
1156 1339 1204 1376 seu
1236 1326 1354 1393 propter

764 1393 1041 1464 consanguinitatem
1055 1394 1097 1449 uel
1112 1393 1294 1462 affinitatem,
1304 1397 1354 1448 aut

763 1465 830 1535 quia
843 1468 950 1521 arilicus
964 1473 1016 1533 cst,
1032 1482 1081 1521 scu
1096 1464 1293 1535 compatriota,
1309 1463 1353 1519 nel

764 1536 969 1605 hujuscemodi,
987 1554 1038 1592 nec
1053 1544 1169 1607 propter
1183 1538 1294 1592 tucrum
1309 1534 1352 1590 vel

764 1608 942 1663 commodum
959 1608 1124 1679 temporale,
1141 1607 1208 1678 quia
1229 1606 1270 1661 sic
1291 1621 1350 1661 non

764 1679 863 1750 reeipit
878 1695 943 1734 eum
961 1696 1030 1751 pure
1052 1679 1204 1735 introiret
1227 1678 1353 1750 Prophe-

766 1756 801 1805 lae
826 1767 874 1806 scu
887 1751 957 1821 justi
973 1752 1110 1815 nomine,
1131 1751 1181 1805 scd
1208 1749 1275 1820 quia
1303 1748 1352 1805 Dei

766 1821 895 1878 minister
912 1829 964 1890 est,
985 1840 1018 1878 ac
1043 1822 1145 1879 Christi
1171 1822 1256 1876 sutem
1285 1835 1352 1892 pro-

764 1894 864 2020 phetet
885 1900 913 1949 et
928 1894 1049 1961 numiat,
1066 1894 1109 1949 vel
1131 1893 1249 1964 justitiae
1264 1906 1354 1962 opera

776 1965 842 2033 acit,
866 1968 1013 2021 mercedem
1036 1967 1188 2035 Propheta,
1205 1963 1247 2019 iel
1267 1964 1353 2033 justi,

763 2052 781 2092 a
805 2038 873 2104 Deo,
893 2037 972 2107 qu'us
997 2037 1138 2108 Propheta
1164 2036 1211 2090 itte
1233 2041 1286 2106 est,
1304 2034 1354 2115 qui

764 2108 993 2180 huncJ'ustilicat,
1003 2111 1111 2177 recipit.
1121 2107 1264 2178 Recipitur
1276 2120 1354 2161 enim

764 2179 828 2249 quis
849 2179 1015 2250 dupliciter:
1031 2180 1074 2235 vel
1096 2178 1198 2234 intuitu
1214 2178 1353 2233 doctrinae

764 2266 833 2317 suae,
848 2251 887 2305 sic
902 2251 969 2306 dicit
986 2253 1171 2322 Prophetarum
1188 2250 1229 2305 rel
1247 2247 1351 2305 intuitu

763 2322 847 2377 honac
866 2321 942 2389 vite,
964 2324 1004 2377 sic
1020 2322 1089 2378 dicit
1109 2323 1229 2392 justum.
1247 2320 1350 2376 lttcrito

763 2392 920 2463 prophetiae
942 2400 970 2449 ct
984 2393 1101 2463 justitiae
1125 2392 1285 2448 mercedem
1301 2406 1352 2447 ac·

764 2463 859 2534 cipiet,
875 2464 921 2534 qui
940 2464 968 2519 in
989 2472 1095 2520 tantum
1119 2463 1299 2535 prophetiam
1322 2466 1353 2518 et

761 2534 899 2605 justitiam
916 2535 1060 2605 «litigium
1084 2536 1214 2591 cortilibus
1229 2532 1354 2589 honuni-

763 2607 817 2661 hus
833 2624 864 2663 ex
877 2608 978 2663 allectu
995 2608 1109 2674 serviat,
1126 2607 1151 2661 in
1168 2606 1269 2676 quilius
1284 2620 1353 2676 pro·

763 2678 888 2748 phetiam
905 2679 947 2733 vet
957 2678 1096 2748 justitiam
1117 2694 1178 2733 esse
1194 2674 1353 2745 cognoscit.

763 2751 833 2804 Nam
850 2749 929 2820 quasi
946 2750 1091 2821 operarios
1106 2749 1133 2804 iu
1160 2749 1310 2820 prophetia
1324 2752 1355 2804 et

763 2819 793 2875 in
818 2821 953 2892 operibus
972 2821 1089 2891 justitiae
1115 2820 1168 2875 sibi
1194 2817 1353 2889 constituit,

763 2892 829 2947 dum
850 2908 901 2947 sua
916 2891 1046 2974 largitate
1068 2908 1117 2948 eos
1136 2895 1286 2951 sustentat.
1315 2906 1354 2946 ne

763 2971 879 3035 propter
894 2962 940 3019 ino
963 2980 1017 3019 tam
1034 2963 1187 3031 deliciant;
1205 2961 1251 3033 (ιυί
1269 2960 1348 3017 enim

762 3033 921 3105 spiritualia
935 2980 1012 3090 dona
1024 3035 1194 3091 habentibus
1208 3043 1353 3104 tempora·

762 3104 799 3162 tia
815 3105 943 3162 subsidia
961 3107 1071 3175 tribuit,
1086 3107 1116 3161 in
1132 3104 1200 3177 ipsis
1215 3104 1352 3176 spiritua-

761 3176 836 3234 libus
850 3178 934 3234 donis
948 3177 989 3234 eis
1004 3178 1160 3234 collaborat
1171 3182 1199 3233 et
1215 3191 1351 3247 coopera-

761 3254 806 3305 tor
833 3249 935 3317 existit,
968 3249 1072 3305 idcirco
1094 3264 1156 3305 cum
1183 3247 1248 3315 iltis,
1274 3246 1350 3320 apud

760 3320 862 3388 Deum,
878 3320 995 3393 praemio
1015 3320 1141 3386 habehit,
1161 3325 1188 3374 ot
1206 3318 1350 3391 particeps

761 3393 855 3449 meriti
872 3409 969 3449 eorum
986 3391 1049 3448 erit.
1071 3390 1217 3458 Similiter,
1235 3390 1284 3461 (ιυί
1303 3404 1349 3447 sa·

760 3466 889 3520 cerdotes
904 3480 954 3535 pro
970 3463 1074 3520 Christi
1095 3462 1220 3529 nomine,
1240 3460 1350 3531 etquis

760 3536 922 3591 sacerdotes
936 3541 1012 3603 sunt,
1028 3540 1178 3591 veneratur
1192 3538 1220 3589 et
1235 3531 1349 3603 recipit,

760 3607 920 3662 mercedem
946 3605 1096 3662 sacerdotii
1115 3604 1241 3662 habehit.
1269 3606 1351 3660 Eam·

760 3677 824 3732 dem
840 3677 936 3746 itaque
959 3679 1119 3734 mercedem
1135 3675 1252 3732 habebit
1277 3674 1349 3731 reci·

758 3747 839 3819 piens
855 3747 889 3802 de
910 3748 1082 3819 receptione,
1102 3763 1186 3819 quam
1208 3746 1350 3828 Propheta

759 3824 795 3874 de
810 3819 967 3889 prophetia,
983 3825 1012 3876 et
1026 3821 1120 3892 Justus
1134 3822 1169 3876 de
1183 3817 1305 3890 Justitm,
1321 3823 1350 3874 et

760 3890 892 3946 sacerdos
914 3891 950 3947 de
987 3891 1173 3958 sacerdotio;
1201 3895 1229 3946 ct
1254 3895 1349 3962 potest

759 3977 821 4018 esse
846 3962 993 4033 equalitas
1015 3968 1152 4034 quantum
1177 3962 1213 4018 ad
1243 3976 1351 4018 merce·

760 4034 824 4090 dem
845 4033 1072 4101 substantialem,
1099 4033 1122 4089 si
1150 4031 1252 4103 annali
1277 4049 1347 4104 ope·

760 4110 859 4162 rentur
877 4105 1004 4162 caritate.
1032 4104 1084 4162 Ubi
1114 4107 1345 4173 chrysostomus:

760 4178 946 4248 «Prophetae
974 4178 1105 4233 doctores
1136 4175 1345 4247 intelliguntur,

24 4292 26 4299 .
116 4243 335 4305 olimiuueniret
348 4262 430 4304 suum
440 4245 593 4318 Christum,
607 4245 706 4321 utique
754 4247 825 4321 J'usti
847 4255 943 4307 autem
960 4264 1061 4307 omnes
1076 4246 1251 4320 Christiani3
1271 4249 1345 4306 Pro·
