2880 4942
98 502 146 557 ubi
163 499 295 556 b'ulomou
314 495 349 550 ad
364 491 503 548 errandum
519 496 593 546 stare
609 489 683 545 sole·

98 573 146 629 bat
162 589 168 626 ι
189 569 302 626 nominc
316 564 393 623 enim
408 561 506 634 templi
521 578 576 618 non
591 562 684 617 sulum

98 659 200 714 corpus
226 639 323 712 ipsius,
337 635 386 692 sod
403 633 489 690 etiam
505 632 639 713 porticus,
656 639 684 688 et

97 723 172 771 atria
193 729 243 769 seu
267 713 327 765 loca
346 705 570 772 circumstantia,
595 713 623 761 ct
647 703 684 760 ad

98 787 214 841 domum
246 776 358 838 Domini
378 775 551 850 pertinentia
579 775 684 832 intelli-

99 860 216 929 guntur,
231 852 261 909 in
284 851 388 924 quibus
406 847 526 921 populus
541 848 634 904 stabat
647 846 685 929 ad

99 928 252 993 orandum,
267 939 323 979 non
339 921 368 978 in
387 919 492 1047 templo
506 936 514 988 3
530 935 587 975 non
609 933 685 975 enim

99 999 203 1055 licebat
229 993 338 1068 ingredi
367 998 444 1074 temp
456 1006 515 1060 um,
536 990 589 1048 nisi
618 990 686 1046 solis

101 1067 200 1141 templi
223 1064 371 1124 ministris.
387 1063 442 1120 dlii
455 1069 551 1120 autem
566 1063 687 1119 orabant

99 1151 179 1200 extra
203 1139 233 1197 in
257 1136 422 1212 porticibus.
436 1151 486 1191 seu
510 1133 590 1191 atriis
614 1138 686 1189 tem·

102 1216 179 1285 plum
199 1208 395 1284 cingentibus3
411 1206 458 1264 ubi
478 1223 527 1263 rex
551 1206 685 1263 Salomon

99 1285 154 1342 sibi
169 1282 325 1340 oratorium
344 1280 460 1343 fecerat,
476 1276 552 1350 quod
571 1278 615 1333 hic
635 1293 652 1332 a
673 1306 685 1317 -

101 1355 225 1428 pellatur
235 1350 408 1427 porticus,in
422 1366 477 1422 qun
490 1349 625 1415 oratorio,
661 1351 686 1404 ie

100 1425 296 1488 dedicationis.
317 1423 488 1488 columnam,
511 1436 561 1476 scu
590 1421 686 1476 basem

100 1514 223 1567 teneam,
245 1495 399 1552 habentem
423 1492 548 1564 quinque
575 1491 687 1548 cubitos

99 1567 296 1641 longitudinis,
312 1571 340 1619 ct
361 1570 419 1619 tres
438 1562 547 1620 cubitos
564 1561 688 1618 latitudi-

99 1639 153 1709 nis,
169 1646 198 1696 et
211 1646 270 1695 tres
287 1634 395 1692 cubitos
411 1633 571 1690 altitudinis
586 1633 685 1699 crexit,

100 1727 186 1780 super
210 1723 295 1783 quam
327 1705 446 1778 genibus
474 1704 553 1760 llexis
577 1704 685 1773 orarit;

102 1782 150 1856 qui
171 1782 251 1839 loeus
267 1778 353 1836 etiam
369 1780 453 1849 Regis
470 1775 625 1833 oratorium
641 1777 687 1832 di-

101 1857 228 1912 cebatur.
249 1850 299 1910 Ubi
319 1850 486 1977 Theosshitus
502 1865 510 1903 ι
527 1869 542 1898 «
559 1849 686 1919 Satagas,

101 1933 132 1984 tu
157 1940 281 1999 quoquc,
304 1925 370 1979 dum
412 1921 483 1977 iems
504 1922 643 1980 imminet.
659 1923 687 1975 id

101 2004 154 2063 est,
167 1999 223 2054 vita
237 2010 365 2069 praeseus
380 1994 540 2050 turbnibus
551 1991 687 2062 iniquita·

100 2075 137 2126 tis
151 2084 297 2128 concussa.
312 2064 470 2138 spiritualia
496 2063 623 2119 encaenia
646 2061 686 2118 tui

101 2140 198 2213 tempti
219 2140 373 2204 celebrare,
389 2152 502 2207 semper
521 2133 687 2191 renovando

101 2212 235 2284 teipsum,
249 2222 277 2266 et
294 2208 477 2265 ascensiones
492 2205 522 2261 in
537 2206 623 2262 corde
639 2211 687 2261 tuo

102 2283 272 2353 disponens;
287 2286 354 2336 tunc
371 2281 453 2335 lesus
468 2277 522 2334 crit
538 2283 641 2348 praesto
656 2276 687 2332 in

104 2354 215 2426 porticu
230 2353 400 2419 Salomonis,
413 2348 563 2422 paciticum
582 2354 688 2405 statum

106 2425 156 2482 tibi
178 2424 306 2481 tribuens
326 2422 378 2479 sub
398 2419 536 2492 regimine
556 2419 686 2492 proprio;

104 2497 133 2554 in
143 2500 237 2554 seculo
253 2506 347 2552 autem
364 2495 458 2550 luturu
473 2508 557 2549 necno
572 2508 690 2548 renova·

104 2569 189 2626 tionis
218 2567 355 2625 solemnia
380 2565 518 2637 perlicere
539 2563 652 2636 poterit.
674 2584 688 2613 n

141 2662 156 2698 ι
183 2642 277 2699 Orant
307 2639 417 2696 Gnnrsri
449 2652 628 2692 resriuoxiuu
656 2653 690 2690 nn

104 2731 164 2770 uso
183 2727 378 2768 reputaretur.
395 2737 429 2749 -
445 2708 690 2765 Circumdederunt

103 2801 167 2853 erpo
186 2800 246 2839 eum
264 2783 365 2848 ludaei,
381 2778 612 2850 comprimentes,
628 2777 689 2833 ani·

103 2871 149 2911 mo
176 2850 418 2909 circumveniendi
438 2856 467 2905 et
488 2848 689 2919 persequendi,

103 2932 135 2982 ut
153 2923 237 2980 eitius
253 2937 318 2978 eum
337 2921 367 2976 in
392 2918 487 2975 verbis
504 2925 648 2988 caperent,
664 2925 692 2975 ct

102 2996 232 3052 dicebant
252 2996 277 3047 ei
296 3012 305 3048 r
326 2992 471 3060 Quousque
493 2992 616 3045 animum
640 3007 689 3046 no-

101 3072 190 3124 strum
213 3065 312 3121 tollis?
328 3062 356 3119 id
380 3067 423 3118 cst
447 3060 566 3127 crucias,
590 3060 688 3118 dimit·

103 3139 190 3197 tendo
211 3153 262 3193 nos
282 3135 312 3192 in
331 3149 467 3206 suspenso
487 3131 688 3202 dubitationis;

103 3207 280 3269 certificandi
300 3207 377 3265 enim
392 3222 491 3262 sumus
506 3204 541 3261 de
560 3213 597 3261 te.
612 3206 690 3262 hdu·

103 3283 206 3341 latorie
232 3283 398 3352 loquuntur,
416 3284 545 3334 volentes
568 3293 618 3348 per
637 3280 691 3334 hoc

102 3356 256 3412 ostendere
271 3369 301 3408 se
316 3350 480 3408 desiderare
492 3348 565 3406 scire
584 3352 689 3405 verita·

102 3433 161 3484 tem
176 3428 212 3484 de
223 3426 296 3496 ipso.
313 3422 397 3492 Quasi
414 3427 440 3478 ei
458 3421 586 3477 dicerent
603 3443 610 3478 :
626 3422 692 3476 hni-

103 3514 151 3555 ma
167 3504 266 3555 nostra
280 3502 324 3552 est
339 3499 368 3552 in
387 3509 525 3567 suspenso
545 3491 690 3574 desiderii,

104 3569 240 3641 quamdiu
254 3568 295 3624 sic
307 3566 417 3623 vinctos
432 3583 482 3622 nos
492 3565 691 3636 derelinquis?

102 3647 172 3713 bpes
191 3641 267 3696 cuim
284 3654 345 3708 puae
358 3639 497 3708 differtur,
511 3639 616 3706 usflipit
631 3639 691 3691 uni-

103 3729 193 3775 mom:
209 3726 261 3783 per
270 3710 324 3764 hoc
337 3708 487 3765 innuentes
498 3708 574 3779 quod
586 3708 691 3764 vellent

102 3787 164 3856 ejus
177 3781 252 3839 dicto
265 3785 387 3843 starent
403 3796 467 3835 eum
481 3779 602 3835 libenter
617 3779 691 3835 sicut
716 3782 719 3811 ³

437 385 545 439 illuit
573 384 693 438 Pluris
718 384 821 438 citur
847 380 1009 435 lxxxvii

745 491 874 546 veritate.
890 490 982 556 Quasi
1003 489 1179 546 dicerent:
1199 489 1338 544 Peccantis.

744 561 812 619 situ
836 577 866 617 cs
886 562 1025 619 Christus
1042 566 1078 618 et
1099 558 1230 617 Messias
1247 562 1273 615 in
1287 560 1338 631 lep

743 631 910 706 promissus,
922 638 954 687 et
968 632 1022 690 tibi
1039 648 1106 689 non
1121 631 1280 688 credimus.
1290 630 1338 686 insi

744 704 824 760 diosc
838 705 899 761 haec
916 705 1008 761 abeo
1031 704 1234 776 quaerebant,
1250 702 1337 759 utsisc

744 775 886 834 Christum
900 774 1025 839 diceret.
1045 777 1138 848 quasi
1156 791 1191 832 se
1207 772 1336 847 regentia

745 847 834 917 ciens,
850 845 957 905 Caesari
985 847 1236 913 contradiceret,
1250 852 1277 903 et
1292 862 1336 927 nux

744 922 899 988 teneretur,
914 919 1194 989 Romanorumque
1221 916 1337 975 ministrs

744 990 916 1047 occidendus
930 990 1119 1048 traderetur.
1140 990 1228 1048 Unde
1247 991 1336 1047 lituum

746 1085 761 1114 d
774 1063 833 1119 Non
845 1060 994 1118 veritatem
1006 1063 1247 1121 desiderabant.
1258 1061 1337 1119 sedes

745 1134 882 1191 lumniam
893 1134 1119 1205 praeparabant.
1132 1155 1148 1186 s
1159 1136 1208 1201 Et,
1217 1132 1336 1207 quiadoln

745 1205 947 1276 loquebantur,
960 1203 1030 1261 ideo
1042 1222 1231 1278 responsum
1244 1210 1337 1276 tenpe-

745 1277 818 1333 ravit
833 1279 979 1343 Dominus,
995 1275 1107 1334 dicens
1126 1294 1135 1334 :
1153 1280 1268 1348 Loquor
1279 1277 1339 1331 rods

744 1352 777 1405 ut
792 1349 915 1405 Verbum
931 1348 994 1415 ut,
1010 1353 1044 1404 et
1057 1347 1130 1405 dico
1150 1348 1238 1406 vobis
1251 1349 1338 1405 verita·

745 1425 814 1489 tem,
830 1423 859 1475 et
877 1420 925 1490 qui
944 1417 998 1475 sim
1019 1421 1121 1491 probo
1140 1437 1199 1494 per
1216 1426 1339 1493 operes

745 1509 799 1547 non
810 1491 923 1547 creditis
935 1492 1016 1546 mihi.
1029 1492 1130 1562 Opera
1145 1510 1214 1565 quae
1224 1509 1272 1562 epo
1281 1494 1339 1560 lacu

745 1566 776 1618 in
794 1564 902 1618 nornine
920 1565 1015 1618 Putris
1034 1566 1105 1632 mei,
1126 1575 1162 1621 et
1180 1564 1218 1620 ad
1235 1563 1340 1637 glorian

746 1635 818 1707 eius,
827 1633 991 1691 confitendo
1003 1640 1129 1703 eum,et
1139 1635 1272 1708 gloriam
1281 1636 1339 1707 ejus,

747 1722 806 1762 nun
830 1704 916 1762 aliam
944 1704 991 1762 ubi
1013 1721 1051 1762 ne
1072 1707 1340 1779 quaerendumque

747 1776 845 1834 omnia
872 1721 1037 1844 tribuenffo,
1066 1779 1131 1835 bac
1163 1782 1340 1835 testimonia

744 1850 891 1922 perbibent
906 1849 941 1904 ds
956 1864 1007 1918 me,
1025 1854 1057 1905 et
1079 1850 1119 1907 de
1141 1866 1214 1908 mea
1232 1850 1340 1917 deitate

769 1919 815 1977 uia
829 1919 936 1977 scilicet
953 1936 1010 1976 non
1026 1928 1161 1990 possunt
1179 1922 1237 1979 nisi
1256 1939 1274 1980 a
1295 1924 1341 1979 be

747 1937 823 2061 Heri,
837 2000 867 2049 et
880 1990 944 2048 idco
963 1992 1124 2050 manifeste
1139 2010 1181 2066 ap
1223 2003 1267 2051 ret
1278 1991 1340 2065 qnod

747 2080 765 2119 a
780 2066 838 2119 ltco
854 2061 930 2120 veni.
944 2061 1028 2131 Quasi
1042 2062 1126 2120 dicat
1146 2082 1154 2121 ε
1196 2065 1264 2122 ultis
1277 2082 1295 2123 a
1306 2080 1340 2120 ne

747 2135 848 2192 audire
872 2133 968 2205 siege
994 2149 1057 2190 sum
1078 2136 1239 2209 Christus;
1255 2142 1340 2208 mem

748 2206 909 2276 respondeo
933 2205 1023 2273 vobis,
1040 2208 1122 2277 quod
1148 2225 1222 2266 non·
1237 2212 1339 2281 oportet

748 2284 779 2334 ut
798 2293 850 2349 ego
866 2277 958 2334 dicam
973 2277 1081 2347 verbis,
1097 2279 1176 2350 quia
1189 2298 1276 2353 opera
1289 2294 1340 2352 pua

748 2366 796 2419 epo
809 2352 895 2418 tucio,
912 2351 967 2405 hac
988 2353 1189 2408 testimonium
1202 2352 1338 2424 perhibent

748 2423 782 2477 de
802 2437 854 2476 me.
869 2422 903 2476 Et
924 2419 947 2476 si
972 2420 1108 2492 operibus
1133 2438 1199 2480 non
1220 2422 1337 2489 creditis,

770 2493 872 2549 ualitcr
893 2491 987 2548 verbis
1009 2491 1167 2550 credetis?
1183 2497 1218 2552 Et
1236 2494 1277 2551 sie
1289 2508 1337 2550 non

749 2510 819 2621 altit
833 2579 964 2635 expresse
978 2579 1010 2620 se
1022 2580 1087 2621 esse
1097 2563 1334 2645 Christumquod

749 2637 936 2708 quaerebant3
951 2634 1002 2691 sed
1028 2635 1101 2693 dixit
1124 2636 1242 2709 aliquid
1260 2651 1335 2708 equ·

749 2707 859 2775 salens,
879 2706 923 2763 vel
948 2708 1050 2779 majus,
1072 2709 1155 2779 qnod
1179 2715 1279 2766 tamen
1300 2707 1333 2763 cit

749 2795 807 2835 nun
821 2777 992 2848 sufficiebat,
1009 2784 1039 2834 ut
1056 2778 1217 2837 veritatem
1230 2794 1332 2851 respon

749 2852 840 2918 deret,
855 2855 885 2906 et
907 2851 1056 2906 calumniae
1082 2850 1230 2909 malitiam
1251 2849 1330 2908 exrlu

750 2923 839 2978 deret.
860 2919 906 2978 Sic
934 2937 1002 2977 ero
1028 2922 1206 2992 temperavit
1230 2934 1330 2994 respon·

749 3009 823 3059 sum,
837 2997 868 3049 ut
882 3008 935 3049 nec
949 2936 1005 3049 iliis
1021 2992 1058 3049 sit
1071 2992 1327 3061 calumniemur,

749 3072 778 3120 et
799 3063 940 3125 fidelibus.
977 3069 1074 3136 ropter
1094 3080 1170 3136 quos
1188 3068 1251 3123 baec
1268 3063 1330 3121 relc-

749 3142 862 3217 runtur,
877 3079 1024 3193 maniiiste
1038 3142 1180 3208 appareat
1194 3136 1272 3210 quod
1281 3134 1328 3207 ipse

749 3212 787 3263 sit
812 3207 952 3275 Christus,
972 3223 1029 3264 non
1052 3209 1140 3263 humo
1167 3207 1329 3284 tantumtd

750 3277 789 3333 illi
807 3283 920 3351 putant,
936 3278 987 3335 sed
1003 3279 1127 3336 verbnm
1144 3279 1242 3337 Putris
1254 3279 1328 3336 etllu

750 3348 845 3407 Filius.
863 3349 905 3406 llli
921 3350 998 3407 enim
1013 3351 1160 3408 Christum
1175 3366 1280 3424 purum
1290 3349 1328 3405 bo

749 3424 856 3477 minem
876 3422 996 3478 credunt
1019 3426 1188 3489 venturum,
1208 3423 1261 3480 sed
1282 3434 1327 3492 pra

749 3492 883 3551 omnibus
898 3498 1093 3566 regnaturum,
1109 3509 1168 3549 non
1183 3510 1255 3567 ergo
1274 3508 1327 3566 prt-

749 3569 813 3637 pter
835 3564 900 3621 illos
920 3570 1032 3622 tantum
1056 3564 1209 3637 respondit
1224 3564 1275 3633 eis,
1288 3560 1328 3643 sed

749 3642 778 3692 et
790 3642 907 3708 propter
918 3642 1046 3706 posteros
1059 3637 1171 3693 lideles.
1185 3639 1251 3694 Alia
1264 3640 1329 3693 teste

750 3709 846 3764 monia
862 3707 939 3780 quod
955 3707 991 3764 sit
1009 3723 1094 3765 verus
1106 3710 1196 3777 Deus,
1211 3714 1241 3766 et
1256 3719 1328 3764 verus

749 3779 845 3847 homo,
867 3779 948 3852 ponit
972 3781 1107 3846 loannes,
1131 3778 1232 3837 dicens
1248 3796 1256 3837 t
1272 3781 1328 3836 lits

101 3858 245 3914 Christum
268 3853 488 3922 reciperatum
508 3854 602 3905 tantun
618 3866 690 3906 con·
715 3854 718 3905 l
748 3856 813 3906 sunt
832 3854 882 3921 qui
905 3853 1091 3907 testimonium
1105 3851 1178 3907 duat
1196 3855 1226 3908 ln
1250 3851 1328 3908 erlo:

102 3927 221 3984 trarium
238 3924 378 3980 haberent
397 3938 424 3977 in
448 3920 543 3976 corde.
557 3922 589 3978 Si
609 3927 640 3976 tu
661 3939 689 3977 es
715 3944 718 3983 ι
747 3925 840 3989 Pater,
853 3924 981 3992 Verbum,
992 3928 1017 3978 et
1028 3924 1153 3994 Spiritus
1163 3922 1329 3981 Sanctusbt

104 4002 240 4061 Christus,
256 3997 285 4053 id
301 3998 344 4051 est
359 3995 415 4049 Rex
427 3998 456 4048 et
468 3998 588 4058 unctus;
604 4007 688 4063 quem
714 4002 717 4069 l
748 3999 802 4049 tres
810 3997 932 4064 suntqui
942 3997 1127 4050 testimonium
1134 3995 1327 4051 duraturam:

102 4064 690 4139 enimnosregemdicimus,tudaeiappel·
714 4078 717 4131 i
746 4069 874 4133 spiritus,
891 4071 1011 4136 aquo,et
1026 4068 1144 4135 saapuis
1163 4066 1249 4134 Quod
1262 4066 1328 4122 enin
1376 4042 1379 4143 i

101 4142 200 4200 labent
211 4143 364 4207 Christum,
378 4138 405 4193 ld
424 4142 469 4192 est
483 4135 688 4207 unctum,quia
746 4138 875 4194 Christus
894 4137 980 4194 luerit
992 4140 1129 4201 celestis.
1146 4136 1175 4193 id
1192 4144 1236 4194 est
1255 4149 1329 4193 verus
1376 4156 1380 4215 p

102 4213 198 4271 unctio
217 4213 376 4270 debebatur
394 4209 525 4281 regibus3
544 4207 590 4261 dic
609 4209 688 4263 nubis
747 4211 830 4274 Deus,
844 4207 1131 4266 testimoniumdcdit
1144 4209 1328 4281 Fatendum·
1377 4224 1380 4229 ·

100 4288 207 4357 putum,
224 4291 255 4341 ut
279 4283 400 4340 sciamus
421 4295 504 4353 quern
524 4294 687 4351 sequamur,
746 4281 782 4337 do
794 4279 863 4336 dixit
875 4297 882 4336 ε
896 4283 937 4337 Tu
946 4297 974 4337 es
984 4283 1075 4337 Filius
1085 4297 1161 4337 meus
1173 4280 1290 4338 dilectru
1302 4280 1327 4332 ir

102 4358 198 4429 palam
222 4354 300 4412 enim
329 4350 556 4411 annuntiandum
584 4355 627 4408 est
651 4351 688 4408 de
713 4406 715 4417 ,
746 4367 800 4423 quo
810 4351 1324 4426 mibtbeueeomplocut'3testimonium
