2880 4942
144 349 195 402 204
508 342 617 397 inlitu
644 340 764 397 itiits
791 337 898 392 ctint
927 337 1029 393 LXXI!

147 452 211 511 aliis
225 449 320 509 verbis
333 452 389 508 hoc
402 449 479 507 idem
497 448 629 521 quaesiiit
642 447 678 505 ab
692 448 735 520 ip·
791 446 829 503 do
842 445 925 502 solvit
941 441 1129 517 quaestionem
1141 442 1393 514 faot0,homineni

146 525 196 583 sis.
213 524 272 580 iliis
283 528 380 580 autem
395 521 436 579 sic
448 520 617 589 tacentibus,
631 534 736 592 propo·
791 518 946 574 habentem
962 530 1079 573 manuni
1100 514 1217 572 aridam
1246 516 1390 575 sanando.

147 597 205 654 suit
219 593 433 652 similitudinem
447 592 483 649 de
496 591 622 661 animati,
638 596 667 648 et
679 591 737 646 sot·
791 591 871 646 Tunc
890 588 968 645 enim
983 587 1023 644 ait
1035 586 1077 642 iili
1096 606 1106 643 .-
1128 587 1262 643 Eaeteiide
1278 604 1392 647 munius

148 667 190 723 rit
213 665 400 739 quaestionem
426 663 505 736 prius
521 665 619 730 verbo,
639 668 736 720 osten·
792 665 880 731 tuom,
900 666 926 716 et
947 675 1011 717 cum
1026 658 1207 728 extenderet,
1230 662 1334 716 statim
1351 676 1391 717 rs·

148 738 220 796 dens
241 753 294 810 per
314 735 455 794 rationem
470 735 546 807 quod
567 734 677 791 licitum
694 738 739 790 est
791 736 892 789 stitoto
906 737 946 787 est
961 729 1095 797 sanitati3
1109 729 1139 812 in
1151 746 1209 802 quo
1220 735 1309 804 patet
1325 748 1391 805 per·

149 824 253 867 sanare
270 808 417 865 bominem
445 807 492 864 die
512 805 634 875 sabbati,
652 812 681 862 et
695 810 739 862 est
792 804 876 860 tectio
906 802 1050 860 sanitatis.
1066 802 1119 858 Ubi
1137 802 1357 873 chrysostomus
1378 823 1389 861 ε

146 881 221 938 ratio
236 880 301 937 tatis
317 897 324 936 ε
341 878 430 951 MagIs
450 877 677 936 subveniendum
694 882 739 934 est
795 899 808 927 ι
834 878 894 932 Hoc
923 874 1000 943 fecit,
1024 879 1059 931 ut
1080 889 1134 956 pro
1156 873 1266 931 ositum
1297 873 1389 958 Legis,

147 951 259 1009 homini
279 968 365 1025 quam
384 944 524 1020 animali3
551 950 602 1007 sed
630 948 737 1006 animal
792 963 880 1019 quam
893 945 984 1004 Judiei
998 962 1055 1028 uon
1075 889 1258 1028 intefiigunt,
1281 952 1390 1006 sanitas

148 1022 325 1081 siceciderit
352 1023 382 1080 in
409 1028 527 1094 puteum
543 1022 588 1079 vel
615 1021 737 1091 foveam,
793 1019 965 1076 manifestet.
983 1019 1012 1075 Si
1037 1033 1114 1074 enim
1136 1019 1215 1075 Deus
1233 1018 1388 1076 offenditur

147 1095 308 1154 extrahitur
324 1100 352 1152 et
376 1094 514 1152 liberatur
539 1093 585 1176 die
609 1092 721 1175 sabbati
729 1109 737 1162 ;
792 1090 823 1148 in
838 1106 924 1164 opere
939 1088 1062 1158 sabbati,
1078 1089 1140 1171 sine
1157 1088 1247 1147 dubio
1262 1088 1387 1172 infirmi·

149 1166 580 1310 tt⁰itt¹t⁰ttttt⁰tttttt
596 1165 738 1293 mittit
790 1162 1387 1314 ,tttt?ttttttatttttttftfttt

149 1309 306 1382 imaginem
320 1309 382 1378 Dei,
394 1310 418 1366 si
432 1309 464 1366 in
477 1308 676 1366 infirmitatem
691 1323 739 1364 ce·
794 1322 923 1375 mancus,
950 1305 1107 1362 secundum
1126 1307 1342 1374 Hieronymum,
1360 1319 1387 1360 in

45 1432 54 1446 ,
149 1381 261 1451 uiderit,
277 1386 393 1439 curatur
411 1380 457 1438 die
473 1379 594 1437 sabbati.
618 1379 648 1436 Si
662 1378 740 1435 enim
794 1377 950 1449 Evangelio
965 1393 1022 1449 quo
1038 1379 1157 1432 utuntur
1175 1375 1320 1444 Nazaraei,
1335 1390 1385 1432 cie·

149 1454 205 1510 hoc
219 1453 252 1508 fit
267 1458 383 1525 propter
399 1451 582 1533 cupiditatem
597 1456 739 1522 tempora·
795 1450 950 1506 mentarius
966 1447 1111 1517 scribitur,
1124 1445 1293 1504 istiusmodi
1311 1445 1385 1504 roci·

150 1523 238 1592 fium;
255 1524 344 1579 multo
364 1538 456 1593 magis
475 1522 560 1579 debet
574 1521 650 1578 istud
664 1520 738 1590 fieri,
794 1521 847 1578 biis
862 1519 996 1578 auxilium
1009 1534 1128 1591 precans
1141 1535 1148 1575 :
1160 1520 1254 1575 Homo
1267 1533 1385 1575 caemen

151 1593 203 1676 ubi
219 1594 296 1675 salus
312 1593 635 1675 quaerituruanimarumf
649 1594 683 1648 Et
699 1591 741 1650 sic
794 1593 884 1648 tarius
905 1607 994 1659 eiam,
1011 1588 1142 1672 manibus
1158 1589 1266 1647 victum
1289 1588 1387 1674 quati:

150 1669 741 1818 tttitttftttttttttttfttt
794 1662 1387 1818 tttiittttttfttttistittit

153 1809 391 1878 chrysostomus:
418 1829 433 1860 i<
456 1809 543 1865 Vobis
571 1824 654 1864 ovem
678 1808 744 1863 licet
795 1807 989 1865 dicemcibos.

153 1878 185 1937 in
202 1881 322 1937 sabbato
337 1881 469 1948 ''salvara
497 1885 526 1937 et
552 1879 622 1936 mihi
650 1878 743 1936 bomi-
832 1880 919 1937 dcun
933 1880 1065 1936 Cunisrus
1079 1893 1211 1934 noconius
1226 1894 1260 1933 nr
1279 1892 1385 1935 marcu·

155 1968 222 2010 nem
242 1969 301 2009 non
315 1952 404 2009 ticett
422 1950 510 2009 Vobis
527 1951 658 2009 manibus
677 1951 744 2008 licet
796 1968 832 2007 ιι
846 1968 983 2008 ori-:uirus
1008 1967 1104 2007 suanir
1117 1965 1260 2006 niniirmius
1275 1967 1306 2005 in
1331 1966 1387 2007 sii·

155 2026 315 2093 extrahere,
330 2023 399 2080 milii
413 2039 466 2080 nec
480 2024 568 2082 verbo
583 2023 649 2080 licet
661 2039 743 2081 cura·
797 2023 899 2079 niris‘i
915 2055 950 2064 -
966 2021 1103 2079 Dominus
1116 2023 1200 2078 Jesus
1220 2019 1346 2079 maxime
1359 2020 1387 2078 iu

153 2095 216 2153 ref
245 2099 316 2153 Ecce
343 2112 396 2153 nee
425 2095 596 2153 medicinam
624 2095 743 2152 conficio
798 2094 925 2152 sabbatis
942 2093 1073 2163 docebat,
1088 2098 1118 2151 et
1137 2092 1317 2165 operabatur
1331 2091 1385 2149 vir·

154 2182 209 2223 nec
235 2183 353 2225 manum
375 2183 470 2224 meam
492 2183 578 2240 super
596 2166 677 2223 ilium
695 2184 743 2223 oi·
798 2172 901 2224 tutes:
931 2166 1035 2239 primo,
1063 2170 1095 2223 ut
1124 2165 1291 2222 ostenderet
1314 2160 1387 2237 qnod

155 2237 254 2295 tendo.
275 2238 343 2295 Dico
357 2240 456 2308 verbo,
474 2244 504 2295 et
518 2243 636 2295 sanatur
661 2237 743 2294 infir·
798 2237 999 2310 Evangelicum
1015 2242 1044 2294 et
1058 2236 1204 2309 spirituale
1224 2237 1386 2305 sabbatum,

155 2324 233 2376 mus,
261 2313 290 2365 et
315 2311 418 2381 Legem
439 2309 549 2366 sabbati
576 2308 662 2365 vestri
687 2325 744 2365 non
799 2309 901 2366 meiius
917 2314 946 2365 et
972 2307 1144 2365 fructuosius
1159 2308 1250 2364 veteri
1268 2308 1387 2365 sabbato

155 2378 365 2451 transgredior,
380 2384 410 2436 et
424 2379 485 2436 sine
500 2396 586 2452 opere
601 2395 673 2451 opus
685 2378 744 2436 vir·
798 2380 982 2448 succedebat3
995 2380 1131 2450 secundo,
1144 2383 1175 2436 ut
1184 2379 1318 2449 sabbato,
1331 2377 1390 2451 plu·

155 2449 225 2508 tutis
242 2467 408 2508 consummo
432 2469 439 2508 ε
466 2472 481 2503 »
497 2452 558 2508 haec
582 2452 742 2521 Gtirpsosto·
798 2452 878 2509 ribus
892 2452 1117 2522 occurrentibus,
1132 2451 1288 2524 proficeret
1302 2448 1390 2522 pluri·

155 2538 227 2580 mus.
242 2524 297 2581 Sed
311 2523 389 2581 avari
403 2522 611 2596 Pharisaeiplus
622 2523 745 2597 diligunt
798 2525 863 2594 bus,
880 2528 909 2580 et
927 2524 1058 2581 Salvator
1070 2522 1179 2591 mundi,
1195 2538 1230 2579 eii
1240 2521 1391 2579 miraculo·

154 2611 239 2653 ovem
253 2610 339 2669 quam
355 2595 501 2653 hominem
520 2596 699 2669 proximum3
716 2601 745 2652 et
798 2611 865 2653 rum
884 2595 1063 2668 operatione,
1088 2593 1259 2651 manifestus
1286 2594 1389 2663 fieret,

156 2667 274 2725 laudant
289 2668 454 2742 impendere
468 2668 665 2726 subsidiumin
680 2684 744 2738 oie,
798 2667 895 2736 tertio,
907 2674 939 2724 ut
947 2666 1086 2724 Dominus
1104 2665 1186 2737 begis
1198 2670 1288 2738 atque
1303 2665 1390 2722 etiam

155 2743 187 2795 et
203 2746 338 2796 accusant
364 2740 538 2797 beneficium
565 2739 693 2798 caritatis
713 2738 744 2795 in
800 2739 910 2796 sabbati
924 2736 1391 2811 probaretur3quurto,utmaium

156 2809 282 2865 homine.
295 2810 373 2867 Unde
383 2814 586 2880 Hieronymus:
602 2830 617 2865 (ι
632 2811 678 2867 Sic
691 2810 747 2867 sol·
799 2810 976 2867 intellectum
991 2810 1167 2878 tudaeorum,
1187 2808 1224 2866 de
1237 2808 1393 2866 observan-

157 2877 199 2935 vit
213 2879 400 2962 questionem
410 2881 600 2962 propositam,
615 2886 647 2938 ut
659 2881 747 2963 intem
799 2880 1261 2952 tiasabbati,auferret,dumbene
1272 2894 1390 3010 οἵεᾶιιιι·

154 2955 290 3020 rogantes
316 2957 444 3007 avaritiae
474 2951 688 3009 condemnaret.
715 2954 745 3010 Si
800 2954 837 3010 do
850 2955 1001 3011 sabbatum
1013 2970 1043 3010 se
1053 2969 1111 3010 non
1125 2951 1233 3010 violare
1242 2967 1296 3024 pro
1336 2954 1389 3021 mi,

154 3035 216 3102 ips,
232 3020 595 3104 inquit,in·sabbatoovem
610 3029 638 3081 et
653 3024 745 3107 quod·
801 3024 851 3097 qni
876 3024 907 3080 in
924 3027 1044 3083 sabbato
1066 3026 1196 3094 curabat,
1217 3022 1297 3080 etin
1326 3024 1390 3093 hoo,

156 3091 227 3173 tibet
241 3093 318 3150 alind
332 3094 440 3151 animai
454 3094 485 3151 in
497 3095 608 3152 foveam
618 3094 746 3154 incidens
800 3113 899 3155 coram
909 3097 1049 3169 pluribus,
1061 3095 1252 3168 Legisperitos
1263 3095 1391 3152 confuta·

155 3179 267 3235 eripere
282 3165 433 3248 festinatis,
459 3183 517 3223 non
536 3166 666 3231 animali,
693 3168 745 3225 sed
800 3169 860 3226 bat.
877 3169 959 3226 Circa
980 3168 1057 3240 quod
1076 3168 1235 3237 sciendum,
1255 3167 1391 3238 quoniam

156 3242 258 3294 vestroe
273 3241 400 3295 avaritiae
427 3239 621 3309 consulentem
638 3244 745 3311 quanto
801 3239 889 3313 aliqui
903 3244 971 3297 sunt
985 3245 1065 3297 actus
1080 3238 1149 3297 boni
1172 3238 1202 3296 in
1220 3254 1329 3310 genere
1342 3252 1392 3296 en·

156 3308 248 3390 magis
265 3326 318 3383 ego
336 3310 494 3381 hominem,
512 3311 561 3384 qui
576 3313 666 3369 multo
684 3327 746 3368 me·
802 3312 848 3382 tis,
862 3311 910 3383 qui
926 3317 1024 3369 tamen
1039 3328 1072 3368 ex
1086 3327 1117 3368 se
1137 3326 1195 3367 non
1220 3310 1330 3367 babent
1343 3308 1391 3369 bo·

154 3378 210 3437 fior
223 3385 267 3438 est
290 3398 354 3452 oie,
370 3383 460 3442 debeo
475 3383 619 3442 liberare?
636 3405 650 3437 ii
667 3383 746 3441 Unde
800 3385 920 3441 nitatem
935 3383 964 3440 iu
979 3399 1086 3455 genere
1106 3381 1206 3451 moris,
1222 3381 1300 3439 sicut
1321 3378 1391 3439 aedi·

157 3456 187 3509 et
204 3454 365 3537 Roianus:
384 3475 399 3510 ii
416 3456 593 3528 competenti
610 3473 678 3529 ergo
696 3472 747 3512 ex·
801 3457 888 3513 ficare
900 3456 1027 3525 domum,
1043 3454 1086 3536 vei
1101 3452 1285 3537 hujusmodi3
1306 3457 1334 3510 et
1347 3456 1392 3534 1⁸,-

157 3525 252 3596 empto
276 3526 361 3583 solvit
404 3527 571 3586 uaestionem
591 3531 747 3598 eorum,ut
800 3528 840 3586 fia
854 3532 1007 3585 nouerant
1030 3526 1108 3584 licita
1138 3525 1240 3582 indie
1267 3524 1389 3582 sabbati.

155 3610 205 3651 eos
219 3597 349 3679 ostendat
359 3543 510 3657 sabbatum
523 3600 629 3657 violare
639 3600 670 3657 in
680 3615 747 3672 ope-
801 3599 855 3656 Atii
869 3605 965 3657 autem
980 3603 1047 3656 sunt
1065 3603 1145 3655 actus
1157 3595 1225 3655 boni
1240 3594 1272 3653 in
1284 3608 1391 3670 genero

155 3679 188 3720 re
201 3668 376 3749 cupiditatis,
396 3669 445 3741 qui
470 3687 535 3728 eum
562 3671 670 3728 violare
698 3686 745 3727 ar·
801 3670 900 3741 moris,
915 3671 1073 3728 secundum
1088 3685 1129 3738 se,
1141 3667 1215 3726 sicut
1227 3672 1295 3724 sunt
1305 3678 1392 3748 oport

157 3742 252 3817 guunt
266 3753 296 3792 ιιι
311 3754 398 3809 opere
409 3740 546 3811 caritatis,
558 3744 662 3813 Legem
673 3741 747 3798 male
800 3741 954 3811 virtutum,
970 3748 999 3798 et
1026 3740 1096 3799 talia
1113 3739 1192 3797 ficita
1213 3746 1328 3796 suntin
1345 3737 1392 3797 dis

156 3810 401 3878 interpretantes3
417 3811 572 3883 quidicunt
583 3812 613 3869 in
625 3812 745 3870 sabbato
801 3813 923 3882 sabbati,
939 3813 974 3869 de
991 3812 1095 3885 quibus
1112 3816 1175 3869 erat
1195 3808 1311 3869 sanatio
1335 3822 1393 3867 ins·

156 3877 275 3936 abono
301 3878 473 3960 feriandum,
498 3882 529 3940 iii
567 3900 602 3940 uo
626 3900 644 3940 a
664 3883 747 3940 malis
802 3901 857 3941 nus
884 3884 973 3940 aridae
990 3883 1079 3959 :quia
1103 3887 1250 3955 eratopus
1285 3881 1391 3947 fetatis,

156 3954 270 4008 tontum
285 3951 446 4036 feriandum
473 3960 526 4011 est.
544 3900 625 4012 gude
639 3955 746 4038 .timno
800 3960 830 4013 et
842 3971 908 4012 cum
923 3956 978 4012 boc
995 3961 1057 4013 erat
1070 3954 1107 4011 ad
1125 3953 1249 4026 gloriam
1261 3898 1313 4010 gei
1331 3966 1391 4035 ηις·

156 4037 227 4095 opos
239 4024 340 4080 seruile
351 4039 406 4080 non
423 4027 535 4094 [ocimo
551 4030 582 4083 iii
598 4043 640 4097 eo,
657 4027 746 4085 idest
800 4026 1002 4092 nifestandam,
1023 4026 1210 4099 inquantum
1230 4025 1321 4082 fiebat
1339 4038 1391 4081 int·

154 4101 315 4167 peceatum,
343 4095 412 4167 quia
427 4100 478 4167 qui
489 4100 564 4167 facit
587 4104 744 4171 peccatum,
799 4098 931 4156 raculoso
948 4103 976 4154 et
996 4114 1082 4171 supra
1105 4104 1238 4156 naturam
1251 4114 1259 4166 ;
1274 4099 1307 4153 et
1329 4094 1392 4153 ideo

157 4181 254 4249 seruus
278 4173 318 4224 est
336 4171 454 4251 peceati.
471 4168 517 4227 Sic
530 4169 561 4227 in
575 4176 684 4229 aeterna
697 4187 745 4229 re·
801 4170 871 4229 talia
884 4175 1002 4243 possunt
1012 4169 1076 4226 fieri
1090 4167 1121 4226 in
1138 4167 1185 4225 die
1196 4168 1322 4250 sabbati,
1334 4178 1393 4225 uon

157 4251 223 4308 quio
247 4255 265 4296 a
279 4239 362 4298 molis
375 4245 487 4299 tantum
509 4241 669 4313 feriabitur,
685 4259 745 4301 non
801 4242 895 4301 solum
909 4240 995 4307 licite,
1009 4241 1059 4298 sed
1071 4245 1101 4297 et
1115 4238 1309 4297 laudabiliter.

156 4309 274 4370 abonis
288 4329 326 4370 :io
345 4313 408 4372 haec
423 4314 565 4374 Roianus.
583 4345 620 4358 -
632 4316 745 4375 Secun-
836 4319 855 4386 t
876 4315 956 4372 tinio
981 4329 1101 4371 siiturus
1121 4329 1150 4371 ui
1172 4327 1258 4369 serisii
1279 4322 1394 4368 iiisrioo
