2880 4942
107 306 140 362 96
475 302 585 356 cuthb
612 303 731 358 PhthS
759 303 863 357 chPUT
893 303 977 358 lllll

53 418 55 422 “
107 411 266 485 piscatores
280 404 424 466 et'rustici
447 406 617 464 invenerunt
633 423 701 479 quo·

111 482 180 539 tidie
194 487 351 538 tractantes
364 479 437 537 retia
447 478 580 535 manibus
595 478 670 536 suis:
685 499 699 531 o

108 555 171 612 haec
187 555 403 622 chrysostomus.
413 554 475 608 Non
490 550 703 607 laetaturilomi·

108 642 175 693 nus,
187 625 255 696 quia
265 629 310 681 est
324 622 501 694 sapientibus
518 621 701 693 occultatum,

112 697 163 754 sed
184 697 251 767 quia
279 694 435 752 humilibus
454 699 498 750 est
520 694 700 750 revelatum:

112 768 168 827 boe
182 766 385 839 enimdignum
399 772 444 822 est
458 764 644 833 laetitia,illud
656 782 704 822 au·

111 844 169 897 tem
186 838 330 895 moestitia.
353 837 433 894 Unde
451 836 527 892 idern
544 839 702 907 chrysosto-

110 926 192 967 mus:
208 934 221 961 α
233 909 304 978 Quid
319 909 405 982 igitur
419 909 448 964 in
458 907 617 980 perditione
628 908 705 964 laeta·

43 1001 51 1023 ·
114 983 186 1039 tur‘l
201 984 234 1038 Et
249 980 315 1053 quia
326 997 384 1037 non
397 979 557 1036 didicerunt
572 981 626 1036 hoc
640 980 704 1035 illi?

113 1055 311 1124 Nequaquam.
340 1052 505 1108 Revelatum
539 1051 615 1107 euim
641 1067 705 1108 esse

113 1124 159 1181 bis
174 1124 291 1194 dignum
307 1130 351 1180 est
369 1123 482 1192 laetrtia3
501 1122 635 1179 occultari
653 1139 704 1180 au·

113 1199 172 1252 tem
186 1196 223 1252 ab
238 1195 295 1251 illis
310 1212 366 1251 non
382 1194 491 1263 laetitia,
507 1195 558 1250 sed
573 1194 705 1266 lacrymis

113 1272 157 1324 est
176 1267 305 1333 dignum.
323 1269 381 1323 lloc
398 1266 521 1338 denique
540 1271 569 1322 et
584 1267 651 1322 lecit
665 1266 706 1323 lu·

25 1398 27 1403 ,
111 1353 182 1466 fens
200 1338 352 1395 civitatem.
367 1340 428 1394 Non
440 1354 508 1408 ergo
520 1344 638 1410 proptr-r
652 1339 705 1393 hoc

124 1417 237 1477 alatur,
264 1417 293 1465 et
322 1409 430 1479 gratias
456 1408 525 1490 agit,
548 1409 622 1480 quod
655 1407 706 1464 Dei

74 1510 77 1515 v
116 1481 252 1552 mysteria
278 1481 403 1538 latebant
427 1482 540 1537 Scribas
554 1486 583 1535 et
605 1479 705 1535 Phari·

117 1566 211 1608 saeos:
228 1568 285 1607 non
300 1550 377 1607 enim
392 1557 454 1608 erat
468 1550 588 1607 materia
602 1549 706 1607 alacri·

116 1623 195 1689 tatis
218 1623 268 1679 sed
296 1626 435 1693 gemitus;
454 1628 497 1678 ast
524 1624 600 1692 quia,
630 1622 705 1694 quod

118 1694 263 1765 sapientes
277 1710 335 1750 non
355 1700 505 1762 noverant,
523 1693 646 1749 humiles
658 1710 707 1749 no-

118 1772 220 1821 rerunt
237 1783 243 1820 :
258 1787 273 1816 r>
290 1765 351 1821 haec
367 1767 583 1835 chrysostomus.
599 1764 707 1836 Accipi-

119 1840 165 1892 tur
179 1853 246 1908 crgo
261 1836 307 1892 hic
322 1837 472 1903 concessio,
482 1852 534 1908 pro
548 1837 706 1907 gratiarum

116 1906 229 1964 actione
251 1914 279 1963 st
300 1907 383 1964 laude
399 1926 405 1964 :
423 1908 500 1979 quia,
514 1914 544 1965 ut
562 1907 631 1964 dicit
645 1911 708 1964 Hic·

117 1995 259 2049 ronyurus,
272 1979 411 2036 confessio
423 1996 480 2036 non
494 1996 607 2051 semper
620 1979 708 2051 perni-

121 2051 251 2117 tentiam,
267 2052 316 2106 sed
340 2057 369 2106 et
393 2051 550 2122 gratiarum
565 2051 706 2107 actionem

119 2121 272 2191 significat.
298 2122 378 2178 Unde
403 2122 488 2179 etiam
509 2125 706 2191 Atcyustinus:

124 2211 138 2244 u
155 2195 214 2248 h'on
229 2192 317 2249 solius
334 2193 523 2249 estconl'essio
539 2193 706 2264 peccatoris,

123 2266 171 2319 sed
188 2262 341 2332 aliquando
356 2263 441 2319 eliam
458 2264 623 2320 laudatoris
635 2266 707 2320 Con·

119 2333 237 2390 lltcmur
254 2350 321 2403 ergo
348 2333 407 2389 sire
438 2335 588 2391 laudantes
607 2338 706 2404 Deum,

119 2404 178 2460 sive
194 2409 361 2461 accusantes
375 2404 564 2477 nosmetipsos
585 2424 592 2462 ι
612 2426 625 2460 r
646 2407 707 2462 haec

119 2477 306 2544 huymrmus.

153 2548 239 2619 7Cun
267 2565 382 2604 sarvam
406 2566 538 2616 casnunr,
564 2567 707 2605 sarrsnres

117 2636 188 2674 taso
216 2637 271 2674 non
298 2621 439 2676 casnuur‘l
464 2653 496 2662 -
517 2622 551 2677 Et
569 2619 610 2676 sic
629 2625 708 2692 patet

117 2690 192 2760 quod
220 2707 316 2758 causa,
351 2707 384 2748 ex
418 2698 498 2763 parte
529 2691 706 2748 credentium

116 2760 169 2817 luit
185 2778 283 2818 eorum
298 2763 454 2833 humilitas,
470 2780 534 2835 quae
549 2780 598 2820 eos
613 2764 648 2820 ad
664 2779 708 2819 sa·

115 2831 254 2914 pientiam
278 2833 435 2906 disposuit;
453 2835 529 2906 quia,
549 2841 580 2891 ul
601 2834 707 2891 dieitur

113 2918 145 2960 ln
160 2903 232 2960 libro
248 2906 463 2962 l¹roverbiorum
476 2924 483 2962 :
497 2907 550 2963 Uhi
563 2912 654 2962 utitem
665 2911 706 2963 est

114 2976 267 3037 humilitas.
294 2979 334 3032 ihi
352 2980 499 3049 sapientia.
520 2979 564 3045 Et,
586 2983 617 3034 ut
637 2976 707 3034 dicit

114 3048 276 3102 Ptolomaeus
294 3047 478 3129 philosophus
501 3065 538 3103 :s
558 3047 611 3116 Qui
631 3047 706 3104 inter

113 3117 257 3188 sapientes
276 3125 320 3175 est
334 3119 480 3187 humilior,
499 3118 574 3176 inter
593 3119 705 3191 sapien·

115 3194 160 3245 tes
180 3196 223 3244 est
239 3189 436 3262 sapientior.»
453 3193 491 3247 Ex
510 3195 591 3262 parte
606 3196 702 3249 autern

115 3276 173 3318 non
184 3261 370 3332 credentium,
386 3261 439 3318 luit
449 3278 546 3318 eorum
559 3262 717 3333 superbias

117 3348 183 3405 quae
210 3338 252 3389 est
269 3332 431 3391 intellectus
454 3334 632 3391 excaeatira.
649 3334 705 3392 Sed

117 3419 150 3460 ex
165 3410 246 3487 parte
261 3404 311 3461 Dei
329 3421 416 3462 causa
437 3404 555 3478 simplex
574 3405 705 3462 voluntas

116 3475 225 3545 divina,
242 3482 269 3532 et
288 3478 342 3534 hoc
361 3479 494 3550 estquod
510 3477 629 3535 subdit:
649 3481 703 3539 lte.

114 3548 207 3609 Pater,
229 3548 332 3604 lactum
358 3555 411 3619 est,
438 3553 569 3675 guentam
588 3552 628 3605 sio
648 3551 706 3618 [uit

112 3620 260 3688 placitum,
283 3625 346 3674 ante
363 3627 398 3688 te,
427 3619 435 3675 i
479 3620 604 3689 esttibi,
629 3626 657 3677 el
675 3619 705 3677 in

117 3696 271 3768 conspectu
287 3696 346 3758 tuo,
362 3695 429 3747 ante
440 3707 525 3762 quern
540 3691 648 3749 scilicet
664 3690 705 3747 ni·

117 3758 159 3814 hrl
188 3759 323 3839 injustum
343 3766 436 3831 potest
452 3763 575 3834 placere.
593 3762 704 3819 Nullam

116 3844 184 3885 vero
212 3830 298 3885 aliam
317 3830 457 3888 rationem
475 3833 595 3891 reddere
616 3833 705 3890 voluit

116 3900 214 3968 Filius,
231 3900 299 3972 quia
322 3904 405 3959 Pater
423 3903 487 3960 illos
511 3903 706 3977 reprobaverit

120 3977 148 4055 et
168 3973 225 4055 bos·
240 3973 368 4054 elegerit,
389 3973 444 4031 nisi
464 3976 556 4033 solum
570 3976 705 4048 benepla-

118 4050 204 4101 citum
218 4061 308 4116 ipsius
322 4044 412 4103 Patris
423 4065 431 4116 3
442 4045 472 4103 in
485 4048 656 4118 exemplum,
669 4063 706 4103 ne

120 4127 229 4197 secreta
245 4116 295 4173 Dei
309 4116 504 4188 discutiamus,
519 4125 547 4176 et
561 4118 592 4175 in
607 4120 706 4175 conlu-

119 4201 228 4245 sronem
249 4188 373 4260 illorum,
393 4189 440 4262 qui
464 4191 500 4247 do
520 4189 637 4247 secretis
655 4188 706 4246 Dei

121 4259 221 4316 volunt
234 4276 362 4331 quaerere
381 4262 532 4322 rationem.
549 4261 628 4319 Unda
644 4261 709 4319 cre·

757 411 852 478 qartus
868 427 876 464 :
891 427 905 460 a
921 406 971 463 llis
984 404 1202 474 Dominirerbis
1215 409 1346 482 exempla

758 477 927 536 humilitatis
942 477 1109 550 accipimus,
1125 494 1162 534 na
1175 485 1285 536 temere
1300 479 1345 538 di·

759 557 871 608 scutere
890 566 1014 622 superna
1029 549 1147 606 consilia
1167 550 1203 607 de
1221 550 1345 608 aliorum

758 623 915 693 vocatione,
928 621 1084 678 aliorumve
1099 621 1263 693 repulsione
1275 639 1348 706 prae·

758 709 913 751 sumamus.
944 694 1013 750 Cum
1051 692 1127 749 enim
1160 693 1347 764 praemisisset

757 771 921 836 utrumque,
938 781 993 820 non
1009 780 1072 820 mox
1088 763 1228 821 rationem
1248 766 1347 822 reddi·

758 837 820 906 dh;
837 837 887 893 sed
903 835 944 892 sio
967 839 1024 892 Deo
1040 835 1176 907 placitum
1194 836 1273 905 dixit,
1292 839 1348 895 boc

758 908 890 966 videlicet
920 907 1073 964 intendens
1102 908 1178 978 quod
1208 908 1346 981 injustum

759 996 822 1036 esse
840 996 898 1036 non
920 985 1014 1051 potest
1040 979 1117 1049 quod
1136 978 1242 1050 placuit
1254 981 1344 1051 justo.

759 1054 789 1107 ln
809 1049 917 1108 cunctis
932 1065 1011 1121 ergo,
1030 1066 1095 1121 quae
1111 1051 1235 1107 exterius
1253 1068 1270 1107 a
1287 1054 1346 1109 Deo

759 1123 957 1195 disponuntur,
986 1127 1085 1192 aperta
1111 1138 1198 1178 causa
1225 1122 1347 1179 rationis

759 1201 813 1263 est,
828 1194 939 1250 occulta
949 1192 1055 1265 Judreia
1063 1193 1226 1250 voluntatis.
1239 1214 1255 1245 »
1267 1194 1346 1250 Unde

760 1271 787 1323 et
804 1267 1009 1335 chrysostomus
1023 1285 1031 1320 r
1044 1284 1058 1316 a
1074 1267 1134 1321 Non
1150 1264 1218 1321 dicit
1234 1281 1291 1336 qua
1303 1281 1348 1322 ra·

761 1337 839 1393 tione
859 1337 900 1392 sic
915 1335 942 1393 ei
956 1335 1076 1407 placuit;
1090 1337 1140 1393 sed
1154 1341 1263 1393 lantum
1280 1353 1346 1408 gra·

761 1407 816 1465 tias
829 1408 887 1480 agit
900 1406 988 1477 Patri,
998 1407 1065 1478 quia
1074 1407 1114 1464 sic
1125 1406 1151 1463 ei
1160 1408 1275 1491 placuit.
1289 1408 1346 1479 Sic,

761 1487 790 1537 ot
818 1487 860 1548 tu,
885 1495 1041 1550 numquam
1065 1479 1202 1536 discutias
1227 1479 1347 1536 consilia

761 1551 812 1609 Dei
828 1551 857 1607 in
872 1550 1006 1622 operibus
1029 1551 1101 1623 ejus,
1117 1550 1187 1621 quid
1212 1551 1279 1607 lecit
1297 1555 1348 1608 aut

762 1639 817 1750 gua
828 1621 940 1679 ratione
952 1620 1017 1678 lecit
1025 1640 1032 1690 ;
1041 1625 1090 1678 sed
1100 1638 1280 1694 quocumque
1290 1638 1349 1678 mo-

781 1711 798 1750 o
812 1710 872 1749 rem
887 1709 968 1750 suam
982 1692 1072 1749 voluit
1086 1692 1232 1760 ordinare,
1261 1693 1349 1751 ratius

762 1765 787 1823 ei
803 1781 892 1836 agas:
912 1764 1018 1821 sulilcit
1033 1780 1135 1838 nempe
1151 1765 1202 1822 tibi
1218 1710 1261 1821 aff
1272 1763 1349 1821 testi-

762 1837 900 1904 monium,
915 1835 977 1908 ipsa
990 1835 1039 1892 Dei
1055 1844 1158 1893 natura
1171 1854 1177 1892 :
1191 1835 1260 1907 quia
1275 1838 1348 1892 Deus

762 1907 823 1966 sine
836 1907 948 1964 ratione
959 1913 987 1962 ot
997 1906 1057 1963 sine
1064 1906 1256 1978 justitianihil
1270 1906 1347 1963 lacit.

761 1983 822 2036 lton
840 1979 915 2036 enim
931 1978 966 2034 ad
977 1979 1182 2036 discussionem
1195 1995 1286 2047 suam,
1297 1977 1348 2036 sed

761 2053 796 2108 ad
812 2052 950 2107 honorem
966 2066 1048 2106 suum
1063 2050 1169 2107 creavit
1184 2058 1226 2118 te;
1241 2066 1293 2106 nec
1304 2050 1349 2121 ju·

762 2122 852 2178 dicem
869 2128 897 2178 te
911 2121 999 2177 roluit
1014 2138 1076 2178 esse
1089 2127 1203 2179 actuum
1219 2136 1347 2190 suorum,

762 2195 812 2251 sed
825 2210 937 2249 servum
952 2199 1172 2265 praceptorum.
1185 2193 1254 2249 Boni
1270 2192 1348 2249 enim

762 2264 875 2322 Domini
889 2270 932 2320 est
951 2264 1294 2337 omniaprovidere,quae
1310 2263 1347 2320 ad

762 2335 914 2393 utilitatem
934 2335 1077 2407 pertinent
1095 2337 1185 2405 sarri,
1203 2336 1270 2393 boni
1294 2350 1348 2391 au·

762 2412 819 2463 om
835 2406 908 2463 servi
923 2413 966 2464 est
980 2407 1103 2464 fideliter
1117 2406 1240 2479 operari,
1253 2411 1282 2463 et
1291 2421 1349 2463 non

762 2478 1351 2547 discuteredominisuiectus:»haeechry·

761 2558 904 2607 sostomus.
915 2550 1029 2607 Undeel
1039 2554 1228 2619 huyusttrus:
1238 2551 1352 2630 aQuare

761 2622 840 2679 illum
857 2620 946 2677 trahit
963 2627 991 2678 et
1007 2620 1087 2678 illum
1103 2638 1159 2677 non
1174 2619 1273 2689 trabit,
1293 2619 1351 2677 noir

761 2694 833 2750 velle
842 2692 1010 2763 dijudicare,
1021 2693 1044 2749 si
1054 2709 1111 2749 non
1120 2692 1277 2749 riserrare.
1290 2712 1304 2745 n
1316 2692 1352 2747 Ut

762 2771 857 2821 aulem
873 2763 941 2820 dicit
953 2767 1072 2847 Prosper
1083 2783 1093 2820 .-
1106 2784 1120 2816 (ι
1132 2766 1207 2820 Deus
1220 2763 1353 2821 resisten·

761 2840 819 2893 tern
836 2851 893 2892 non
907 2834 1006 2904 trahit,
1020 2835 1197 2907 invitumque
1209 2852 1266 2891 non
1278 2848 1353 2890 com·

760 2907 855 2991 pellit3
868 2907 917 2963 sed
928 2922 960 2963 ex
971 2906 1072 2975 invito,
1082 2907 1224 2964 volentem
1234 2904 1312 2975 lacit,
1323 2907 1351 2960 et

761 2978 960 3037 infidelitatem
985 2977 1143 3035 resistentis
1166 2978 1295 3043 inclinat,
1318 2978 1351 3030 ut

760 3066 809 3108 cor
828 3049 980 3120 audientis,
996 3048 1148 3106 obediendi
1169 3048 1198 3105 in
1220 3064 1251 3104 se
1275 3045 1351 3103 dele·

760 3120 883 3179 clatione
893 3120 1001 3191 genita,
1014 3120 1052 3177 ibi
1063 3126 1172 3190 surgat,
1183 3117 1230 3175 ubi
1244 3131 1353 3192 preme·

760 3194 859 3259 balur3
871 3191 937 3247 inde
948 3193 1026 3261 velit,
1042 3189 1089 3248 ubi
1104 3190 1220 3247 nolebat
1235 3207 1242 3248 :
1259 3209 1274 3243 r
1290 3191 1350 3245 haec

759 3268 885 3335 Prosper.
902 3265 935 3319 Et
951 3261 1016 3319 licet
1030 3261 1059 3319 in
1077 3261 1191 3335 speciali
1210 3277 1266 3318 non
1281 3277 1350 3343 pos·

761 3335 796 3393 sit
809 3333 949 3405 assignari
964 3333 1037 3390 ratio
1052 3349 1140 3416 quare
1155 3333 1234 3415 illum
1252 3332 1349 3405 eligat,

760 3413 789 3464 ot
798 3406 885 3463 istum
895 3404 1029 3474 dimittat,
1042 3405 1095 3461 msi
1107 3407 1168 3476 eius
1176 3405 1294 3476 simplex
1304 3418 1351 3459 vo

760 3480 871 3547 luntas;
884 3477 959 3549 quod
974 3482 1070 3534 tamen
1082 3475 1171 3548 aliqui
1184 3475 1239 3532 sint
1254 3472 1350 3556 electi,

760 3556 789 3606 et
802 3549 890 3620 aliqui
910 3547 1065 3620 reprobati,
1084 3549 1158 3604 bene
1172 3552 1266 3620 potest
1281 3562 1350 3602 assc-

759 3620 842 3693 gnari
856 3636 941 3676 causa
953 3619 983 3675 in
994 3619 1131 3691 generali,
1145 3636 1177 3676 ex
1192 3624 1273 3690 parte
1287 3616 1349 3684 Dei,

759 3691 834 3749 utin
851 3690 948 3747 electis
967 3697 1103 3763 appareat
1120 3689 1169 3747 Dei
1187 3688 1350 3746 misericor-

759 3763 817 3830 dia,
833 3762 863 3818 in
877 3761 940 3818 aliis
952 3768 1047 3819 aulem
1062 3762 1124 3845 ejus
1134 3759 1246 3834 justitia
1260 3777 1267 3816 :
1281 3757 1352 3831 quia

760 3832 833 3891 sicut
844 3834 881 3889 ad
892 3832 1014 3906 gloriam
1027 3848 1104 3906 regis
1115 3839 1145 3890 et
1157 3833 1290 3914 decorem
1304 3829 1350 3888 sui

760 3904 840 3976 regni
855 3921 910 3961 non
922 3905 1014 3961 solum
1026 3904 1148 3974 pertinet
1161 3903 1236 3972 aula,
1249 3918 1279 3958 tu
1293 3917 1352 3974 qus

760 3975 869 4033 strenui
881 3975 985 4032 milites
996 3977 1187 4044 honorantur,
1199 3973 1250 4031 sed
1261 3972 1349 4031 etiarn

759 4047 918 4121 patibulum
935 4046 1036 4118 inquo
1054 4047 1249 4104 malefactores
1264 4043 1350 4118 puni·

761 4124 862 4187 untur;
885 4118 925 4175 sic
945 4118 981 4175 ad
1005 4118 1125 4189 gloriam
1146 4117 1196 4175 Dei
1220 4132 1279 4173 non
1302 4131 1349 4174 so·

760 4191 819 4246 lum
830 4189 953 4262 pertinet
967 4188 1125 4261 praemiatio
1136 4191 1288 4258 bonorum,
1299 4186 1352 4245 sed

761 4259 847 4318 etiam
859 4259 968 4333 punitio
979 4262 1177 4334 reproborum.
