2880 4942
161 321 203 376 be
232 319 386 381 oblitos
413 319 454 371 lu
482 319 624 381 suauis,
654 320 696 375 ET
723 323 846 376 vilibus
874 323 916 374 ab
943 306 1219 376 bisetvsvtttlb.
1267 323 1311 378 lli

79 430 177 488 dieina
192 447 199 498 ;
213 428 261 487 alii
274 427 352 486 enim
375 427 491 497 amaris,
506 427 554 485 alii
578 427 668 485 dulci-

82 505 144 571 bus,
170 499 220 559 alii
240 499 456 569 austerioribus,
480 499 529 556 alii
557 499 669 557 lenibus

79 575 264 631 delectantur
278 570 359 629 cibis.
375 572 411 627 Ut
424 569 501 628 enim
516 569 557 628 ait
569 573 668 628 Hiero·

81 661 191 716 nymus,
218 644 303 702 turba
329 656 388 699 non
408 642 492 700 unius
518 643 668 700 sententiae

79 723 133 786 est,
159 715 210 773 sed
233 713 413 774 diversarum
434 714 463 772 in
480 713 600 783 singulis
617 732 667 772 vo·

81 788 232 856 luntatum;
245 791 274 845 et
287 786 352 843 ideo
367 785 492 859 loquitur
507 784 543 844 ad
558 802 621 845 eam
635 787 668 844 in

80 859 174 917 multis
191 857 347 933 parabolis,
361 863 392 915 ut
408 859 489 930 juxta
508 859 603 916 varias
617 876 666 916 vo-

79 931 213 1001 luntates,
240 930 370 988 diversas
396 929 557 1002 reciperent
585 930 667 988 disci-

77 1001 189 1128 plinam
223 1006 253 1059 et
282 1000 365 1073 quasi
393 1000 471 1058 dives
499 1001 665 1083 paterfami-

88 1073 130 1130 ias
144 1072 279 1130 invitatos
297 1070 417 1128 diversis
436 1072 569 1129 reficiens
586 1072 667 1142 cibis,

78 1150 111 1200 ut
134 1142 332 1216 unusquisque
356 1143 512 1200 seeundum
536 1149 669 1201 naturam

79 1215 221 1271 stomachi
236 1213 279 1271 sui
293 1213 430 1271 alimenta
448 1212 529 1272 varia
542 1215 668 1287 suscipe-

80 1290 136 1342 ret.
153 1287 188 1342 Et
198 1283 355 1354 sciendum,
366 1285 520 1344 secundum
536 1288 668 1344 eumdem

75 1356 283 1426 Hieronymum,
301 1357 376 1428 quod
391 1373 448 1414 non
463 1357 560 1415 omnia
576 1358 668 1416 Domi·

76 1444 133 1484 nus
153 1427 264 1486 locutus
282 1428 319 1483 sit
334 1427 376 1484 cis
395 1427 425 1484 in
442 1429 596 1502 parabolis,
616 1429 666 1487 sod

75 1499 175 1580 multa.
192 1498 221 1558 Si
238 1498 314 1556 enim
331 1499 446 1556 dixisset
459 1506 561 1558 cuncta
572 1501 601 1557 in
615 1517 666 1575 pa-

74 1570 181 1627 rabolis
193 1571 299 1642 absque
313 1571 505 1629 emolumento
516 1573 611 1644 populi
621 1589 665 1630 re-

74 1640 240 1707 cessissent3
253 1641 400 1712 perspicua
412 1642 512 1700 miscet
523 1643 662 1714 obscuris,

75 1712 664 1788 utpereaquaeintelligunt,provocentur

75 1782 113 1842 ad
133 1800 232 1842 eorum
251 1783 382 1841 notitiam
402 1802 466 1858 qum
484 1804 542 1844 non
561 1787 664 1845 intelli·

74 1860 158 1928 gunt.
168 1855 256 1915 Inhis
267 1861 363 1912 autem
374 1859 664 1930 quatuorparabolis,

74 1932 105 1984 et
120 1926 183 1984 aliis
197 1927 288 1984 tribus
304 1934 514 2000 consequenter
529 1929 582 1986 sibi
598 1947 664 1987 suc·

74 1997 253 2066 cedentibus,
273 1998 392 2070 ponitur
411 2000 547 2057 decursus
568 2002 665 2058 Eccle-

73 2069 126 2128 siae
144 2085 163 2128 a
179 2069 382 2151 predicatione
403 2070 507 2128 Christi
522 2088 612 2145 usque
629 2071 666 2130 ad

75 2141 284 2200 sinemmundi.

111 2235 130 2272 2
139 2214 290 2273 Pmasonn
304 2231 337 2268 ne
353 2231 503 2271 snunvnvre
520 2233 571 2272 rsn
585 2231 666 2272 insen

74 2302 232 2344 amunte.
246 2317 280 2367 .‘
295 2287 327 2341 ln
337 2285 430 2357 prima
440 2288 587 2370 parabola,
601 2303 665 2360 quas

73 2360 121 2414 est
134 2357 171 2415 de
185 2373 294 2414 semine
302 2358 429 2429 projecto
444 2375 474 2414 m
486 2364 602 2428 terrain,
619 2375 666 2416 cu-

68 2430 121 2500 jus
132 2434 232 2502 quarta
244 2445 312 2500 pars
325 2434 436 2486 tantum
450 2430 518 2487 lecit
531 2432 664 2500 fructum,

75 2499 231 2558 denotatur
243 2499 407 2572 predicatio
429 2501 532 2558 Christi
548 2507 577 2559 et
594 2504 666 2574 Apo

76 2571 228 2641 stolorum,
245 2572 293 2643 qui
317 2572 547 2644 predicaverunt
558 2573 666 2631 iudaeis

76 2642 276 2701 indifferenter
298 2643 383 2699 honis
409 2649 437 2700 et
460 2643 553 2702 malis.
582 2642 666 2701 Pauci

73 2715 269 2788 comparative
293 2715 486 2784 crediderunt,
501 2732 553 2788 pro
565 2714 667 2788 majori

71 2790 171 2844 autam
206 2792 267 2843 arte
287 2785 317 2841 in
334 2786 505 2845 infidelitate
521 2803 666 2844 remanse-

77 2862 160 2915 runt.
186 2802 297 2940 imma
318 2875 386 2930 ergo
414 2864 458 2915 est
484 2860 520 2916 de
547 2862 667 2928 semine,

76 2934 110 2988 ot
123 2930 216 2988 Verbo
242 2932 303 3011 Dei,
315 2930 400 3012 ‚qnod
416 2930 511 2988 exiens
532 2947 549 2989 a
572 2933 666 3000 Patre,

77 3000 193 3128 gelando
209 3001 245 3056 de
264 3001 458 3060 invisibilitate
475 3002 567 3060 Patris
582 3019 667 3060 mun·

100 3088 117 3130 o
142 3071 262 3129 visibilis
292 3074 432 3146 apparuit,
461 3074 611 3133 seminavit
636 3074 667 3131 in

79 3144 197 3202 mundo.
216 3147 250 3200 Et
269 3143 298 3200 in
323 3150 444 3216 quatuor
463 3146 532 3204 locis
554 3146 666 3216 cecidit,

79 3214 189 3273 scilicet
208 3233 214 3271 :
231 3216 378 3273 interram
396 3217 546 3290 tripliciter
561 3219 668 3275 malam

78 3302 133 3345 nec
158 3287 297 3344 terentem
316 3289 450 3358 lructum,
467 3295 497 3347 et
514 3289 668 3346 interram

78 3359 195 3427 bonam,
211 3359 361 3416 facientem
379 3361 502 3417 lructum
514 3359 667 3432 triplicem.

78 3429 236 3488 seminavit
251 3435 344 3488 autern
360 3431 444 3503 plura
455 3447 563 3504 genera
582 3430 668 3487 semi·

78 3517 159 3559 num.
176 3502 271 3558 Primo
286 3502 539 3573 seminavitlegem
553 3508 668 3558 natura-

79 3574 137 3630 lem
164 3571 195 3629 in
224 3579 318 3630 mente
352 3573 504 3646 cujuslibet
532 3572 669 3643 hominis,

78 3643 153 3702 sicut
167 3650 225 3701 est:
236 3647 313 3713 Quod
328 3648 381 3701 tibi
392 3649 454 3717 fieri
469 3662 523 3702 uon
540 3648 593 3714 uis,
603 3647 669 3702 attia

78 3719 237 3785 attacoris,
256 3723 285 3773 et
299 3719 373 3789 quod
389 3717 438 3775 tibi
455 3717 518 3774 sseri
531 3719 585 3787 vis,
605 3717 668 3774 aliis

79 3787 198 3856 leceris;
215 3788 293 3857 item,
310 3789 459 3846 seminavit
475 3806 525 3863 pcr
543 3790 668 3862 Angelos

56 3908 59 3913 .
79 3858 341 3932 revelationes,per
356 3863 469 3934 Moysen
482 3864 585 3935 Legem
601 3861 667 3918 scri-

79 3935 170 4002 ptam,
197 3930 303 3987 scilicet
325 3933 467 4005 precepta
485 3941 514 3991 et
538 3933 666 4015 prohibi-

78 4000 193 4072 tiones3
212 4019 264 4084 por
284 4004 443 4074 Prophetas
456 4005 667 4133 (promissiones

78 4077 108 4131 et
137 4075 394 4145 comminationes;
424 4093 454 4133 se
500 4093 576 4134 nunc
601 4076 668 4133 exiit

76 4145 222 4203 seminare
246 4162 298 4217 per
317 4146 440 4218 scipsum
459 4150 562 4222 Legem
577 4150 667 4204 Evan-

77 4216 200 4288 gelicam
220 4217 353 4274 omnibus
369 4219 508 4276 fidelibus.
524 4222 586 4277 Non
609 4236 668 4276 ces·

77 4294 122 4348 sat
137 4288 226 4348 etiam
239 4304 352 4363 semper
363 4289 393 4346 in
402 4292 507 4350 nostris
518 4291 669 4350 animabus

725 429 878 497 sominare,
894 445 952 485 non
967 429 1059 486 solum
1075 445 1139 486 cum
1155 428 1247 498 docet,
1261 430 1312 488 sed

724 501 811 558 etiam
827 516 890 557 cum
906 505 983 556 creat
996 499 1026 556 in
1041 499 1083 556 eis
1098 503 1208 556 semina
1234 503 1312 560 hona

724 571 871 640 virtutum,
888 570 997 629 scilicet
1007 570 1160 628 donorum.
1175 575 1256 628 Exiit
1269 590 1312 631 er·

722 660 759 715 go
775 644 824 701 Dei
838 642 928 700 Filius
943 643 978 700 de
993 641 1059 699 sinu
1074 643 1177 712 Patris,
1195 661 1251 700 non
1269 661 1313 702 se·

722 717 847 772 cundum
883 714 1074 783 divinitatem,
1101 714 1168 786 quia
1199 715 1239 771 sic
1268 722 1312 774 est

720 788 838 860 ubique,
854 786 904 844 sed
922 787 1080 844 secundum
1099 785 1310 844 humanitatem

721 864 750 915 et
765 859 858 916 carnis
872 857 1106 931 assumptionem.
1121 858 1203 914 L'nde
1216 857 1256 914 sic
1269 857 1311 915 ait

722 933 955 1002 chrysostomus:
982 952 996 982 «
1024 933 1106 987 Eeiit
1133 935 1229 986 autem
1258 930 1308 1001 qui

720 1002 827 1075 ubique
847 1008 901 1071 est,
920 1017 978 1059 non
1002 1002 1131 1058 localiter
1146 1001 1198 1058 sed
1213 1004 1310 1058 Incar-

723 1074 852 1143 natione3
872 1080 901 1131 et
935 1089 967 1131 er
980 1073 1115 1129 amictum
1130 1072 1224 1129 carnis
1243 1088 1309 1144 pro·

723 1144 856 1227 pinquior
875 1090 959 1202 neiis
979 1145 1069 1201 lactus
1097 1149 1151 1200 est.
1182 1164 1196 1197 n
1220 1148 1312 1213 Exiit,

723 1232 853 1287 inquam,
867 1219 916 1288 qui
928 1219 1056 1280 seminat,
1069 1214 1098 1271 id
1111 1220 1154 1272 est
1167 1215 1214 1286 qui
1227 1216 1314 1273 habet

723 1288 859 1357 officium,
878 1286 1027 1344 scientiam
1042 1291 1071 1343 et
1086 1286 1208 1357 gratiam
1225 1286 1313 1343 semi·

723 1359 822 1428 nandi,
843 1362 979 1415 seminare
1001 1375 1090 1415 semea
1111 1375 1201 1421 suum,
1220 1356 1250 1414 id
1269 1362 1313 1415 est

722 1429 1313 1501 doctrinaeverhum.Seminatorcrgopro·

720 1503 782 1575 prie
807 1502 935 1559 Christus
959 1507 1018 1570 est;
1041 1500 1213 1573 praedicator
1233 1500 1310 1557 enim

720 1573 1013 1646 potiusesteophinus
1023 1572 1215 1641 seminatoris,
1222 1587 1310 1700 guam

719 1645 885 1702 seminator.
901 1649 938 1702 Et
960 1646 1026 1702 dum
1055 1647 1183 1708 seminet,
1211 1644 1219 1699 i
1266 1649 1309 1700 est

719 1717 877 1775 doctrinam
887 1716 1086 1774 indifferenter
1098 1716 1218 1788 spargit,
1229 1715 1311 1771 atiud

719 1791 816 1846 cecidit
841 1806 919 1847 secus
945 1792 1030 1856 oium,
1047 1787 1076 1844 id
1104 1793 1147 1844 est
1162 1803 1248 1859 super
1262 1803 1311 1843 cor

720 1861 845 1930 devium,
857 1876 910 1933 per
922 1876 1050 1927 errores;
1068 1875 1183 1929 vagum.
1199 1875 1250 1930 per
1266 1858 1309 1914 la·

721 1931 840 2001 scivias,
863 1931 1003 2000 attritum,
1022 1946 1075 2002 per
1090 1929 1221 1986 carnales
1242 1930 1311 1986 alle·

722 2003 830 2060 ctiones
842 2019 875 2059 ae
884 2001 1081 2074 suggestiones
1091 2002 1252 2057 daemonum
1263 2017 1270 2067 ;
1283 2005 1311 2057 et

721 2074 809 2131 variis
821 2072 1025 2130 tentationibus
1039 2071 1173 2129 vitiorum
1188 2072 1223 2128 ad
1250 2086 1312 2128 mo-

722 2147 791 2203 dum
806 2145 858 2202 viae
884 2143 1050 2218 expositum,
1066 2159 1118 2217 per
1132 2142 1227 2199 carnis
1243 2159 1310 2199 con·

721 2216 910 2344 cupiscentias
930 2233 937 2272 ι
956 2220 984 2273 et
1004 2216 1106 2273 horum
1122 2213 1253 2271 omnium
1267 2229 1310 2272 se·

721 2290 787 2347 duo
803 2289 923 2346 transitu
938 2292 967 2345 et
980 2287 1123 2360 frequenti
1141 2292 1248 2355 meatu,
1262 2301 1308 2344 se·

720 2378 787 2418 men
799 2361 876 2418 verbi
887 2360 1078 2428 conducatur,
1091 2374 1135 2442 no
1143 2358 1306 2441 germinare

720 2432 819 2516 possit.
836 2435 998 2490 Etootueres
1014 2433 1085 2498 coti,
1096 2431 1201 2488 scilicet
1217 2446 1305 2499 aerei,

720 2506 750 2561 id
774 2510 817 2561 est
839 2505 995 2573 daemones,
1020 2502 1069 2575 qui
1094 2503 1224 2557 volucres
1242 2501 1307 2558 coeli

721 2576 863 2644 dicuntur,
874 2575 932 2632 sive
948 2580 1066 2647 propter
1080 2572 1155 2628 aeris
1170 2572 1311 2628 inhabita·

721 2647 840 2715 tionem,
860 2644 928 2717 quia
956 2661 1008 2717 per
1036 2659 1104 2701 aera
1132 2643 1307 2722 discurrunt,

722 2717 781 2774 sive
797 2724 914 2790 propter
929 2720 1059 2772 naturam
1073 2714 1230 2783 coelestcm,
1242 2728 1309 2785 quia

722 2788 846 2847 coelestis
858 2788 917 2845 sive
935 2785 1090 2860 spiritualis
1106 2794 1216 2843 naturae
1232 2788 1314 2858 sunt,

722 2861 780 2919 sive
805 2867 921 2934 propter
935 2859 1113 2916 velocitatem
1132 2859 1169 2915 ad
1191 2859 1309 2927 malum,

721 2933 789 3061 guia
803 2934 839 2991 ad
854 2934 908 2990 hoc
923 2947 1035 3002 semper
1047 2931 1212 2996 intendunt;
1225 2945 1309 2986 come·

742 3011 821 3062 erunt
836 3006 918 3071 illud,
933 3005 961 3061 id
984 3008 1027 3061 est
1047 3020 1098 3061 sua
1125 3002 1309 3072 suggestione

720 3082 887 3150 rapuerunt,
905 3081 933 3134 et
944 3076 1065 3133 fructum
1079 3074 1307 3147 impediverunt3

721 3149 809 3206 etsie
830 3149 934 3206 tollunt
957 3148 1074 3206 verbum
1095 3153 1122 3202 et
1141 3145 1310 3201 memoriam

722 3222 801 3277 verbi
833 3219 868 3276 de
902 3219 998 3286 corde,
1017 3224 1048 3274 ut
1079 3234 1131 3273 noc
1159 3215 1308 3281 memoria,

723 3308 776 3347 nec
791 3306 873 3347 mens
884 3294 983 3346 teneat
996 3288 1073 3414 fluod
1081 3303 1167 3358 opere
1178 3300 1310 3341 exercere

723 3361 858 3432 neglexit,
872 3366 904 3416 ut
918 3359 995 3430 impe
1016 3359 1055 3414 ito
1071 3359 1158 3413 verbo
1174 3356 1312 3427 impedia-

723 3438 771 3488 tur
787 3432 870 3499 srdes,
896 3447 930 3486 ne
956 3430 1093 3485 credentes
1119 3431 1193 3484 salci
1219 3430 1311 3496 fient:

725 3503 792 3574 quia
804 3503 871 3573 fides
883 3507 968 3557 estes
977 3501 1078 3555 auditu
1082 3540 1136 3555 .....
1146 3498 1312 3567 llisuntpui

725 3576 855 3638 ozcdimrt,
872 3573 923 3630 sed
938 3571 968 3628 in
983 3571 1060 3627 verbi
1075 3570 1177 3627 virtute
1194 3585 1251 3625 non
1267 3566 1309 3650 el·

724 3647 874 3714 ficiuntur;
891 3644 965 3701 unde
982 3659 1075 3715 neque
1089 3643 1225 3707 nascitur,
1243 3655 1309 3712 quia

723 3718 854 3774 diabolus
869 3718 905 3774 de
916 3715 1001 3772 corde
1016 3715 1203 3772 eorumtollit.
1218 3713 1311 3770 Verba

723 3807 791 3861 ergo
815 3791 864 3847 Dei
889 3792 984 3845 mente
1009 3787 1156 3844 retinenda
1177 3792 1253 3853 sunt,
1283 3789 1311 3842 et

723 3863 794 3918 sicut
810 3878 908 3918 semen
933 3861 985 3918 sub
1010 3864 1097 3927 terra,
1125 3860 1165 3916 ita
1190 3859 1309 3913 verbum

723 3934 771 3990 [tei
794 3933 820 3989 in
848 3931 987 3990 memoria
1012 3932 1097 3988 debet
1116 3928 1264 3994 occultari,
1281 3932 1311 3984 ut

723 4006 884 4062 fructificet.
914 4002 994 4072 Quia,
1025 4004 1181 4059 secundum
1212 4002 1310 4065 drapo-

723 4080 809 4145 rium,
830 4076 902 4133 sicut
916 4077 951 4133 de
974 4075 1035 4146 ejus
1059 4073 1116 4128 vita
1140 4073 1309 4149 desperatur

724 4147 782 4219 qui,
806 4148 959 4220 languente
985 4145 1143 4207 stomacho,
1174 4144 1310 4223 aluirenta

724 4237 782 4274 nou
798 4219 915 4286 retinet;
932 4218 972 4273 sic
990 4221 1105 4271 aeternrr
1122 4219 1221 4292 nautis
1238 4227 1310 4282 peri·

724 4291 819 4347 culum
843 4289 998 4347 formidare
1023 4286 1119 4354 debet,
1147 4300 1196 4356 qui
1223 4284 1310 4343 verba
