2880 4942
112 360 129 413 8
485 352 596 409 rntnn
623 355 744 410 lintis
773 355 877 410 olent
904 356 973 411 Xlill

125 465 178 525 Ubi
206 464 358 523 Rudanas:
387 463 477 519 «Non
507 461 706 532 discipulatum

124 536 242 610 respuit,
262 537 311 592 scd
326 534 435 606 expleta
454 532 575 605 primum
596 534 706 605 paterni

124 606 232 666 lunaris
255 610 368 677 pietate,
389 603 506 662 liberior
529 605 605 661 bunc
626 606 704 675 sequi

122 680 275 746 desiderat,
294 680 367 733 sicut
390 678 517 745 Elisaeus,
539 684 657 733 vocante
676 693 706 732 se

119 751 199 808 Elia:
224 750 345 809 osculer.
366 749 467 820 inquit,
483 764 530 804 oro
547 753 583 817 te,
597 753 706 820 putrem

115 838 206 879 meum
225 827 251 877 et
264 828 379 877 matrem
393 836 491 885 meam,
507 826 533 875 et
551 822 592 876 sie
605 836 706 890 sequor

116 896 152 951 a.
166 914 177 943 r
194 897 273 949 ‚lesus
286 898 378 949 autem
389 895 431 947 ait
443 894 498 961 illi,
508 893 605 948 animo
619 892 707 947 curri·

118 966 216 1039 piendi
231 986 237 1024 :
250 966 367 1035 Sequere
380 980 432 1033 me,
444 979 501 1019 non
514 963 643 1019 obstante
658 978 705 1032 pa·

118 1039 170 1093 tris
179 1040 220 1093 tui
231 1038 341 1092 sunere.
355 1036 536 1104 Quasidieat:
547 1036 607 1091 Nun
621 1035 705 1090 estde

118 1108 245 1165 caritatis
258 1110 357 1165 ordine
375 1109 467 1163 minus
481 1107 588 1163 bunum
603 1106 704 1177 majori

116 1195 294 1252 praeponere:
302 1186 327 1235 et
338 1181 585 1247 dimittemortuos,
598 1180 706 1234 scincet

118 1260 211 1311 morte
226 1253 325 1322 culpce,
338 1253 453 1323 sepelire
467 1256 598 1315 mortuos,
611 1258 704 1306 morte

116 1330 239 1393 naturae,
259 1339 332 1389 suos,
353 1323 462 1379 scilicet
479 1323 533 1378 sibi
554 1323 705 1379 adstrictos

118 1396 232 1452 vinculo
258 1394 476 1465 propinquitatis
496 1394 539 1450 tel
568 1399 701 1463 naturae3

120 1467 218 1523 dicens
241 1473 336 1521 autem
355 1482 429 1534 suos,
445 1464 622 1520 monstrabat
636 1480 704 1535 quo-

114 1538 191 1596 niam
213 1537 259 1592 liic
278 1544 405 1593 mortuus
420 1552 478 1593 non
497 1538 568 1608 ejus,
585 1536 635 1592 sed
650 1534 704 1591 ali·

121 1610 185 1681 quis
203 1608 360 1664 infidelium
377 1616 448 1677 erat,
468 1609 546 1691 cujus
562 1614 591 1664 et
608 1607 704 1679 sepul·

120 1685 263 1750 toresper
281 1679 477 1736 infidelitatem
498 1679 650 1750 impietatis
674 1680 703 1734 in

118 1752 215 1809 anima
230 1758 356 1807 mortuos
374 1750 492 1823 intelligi
513 1751 636 1807 volebat.
658 1752 702 1805 lii-

115 1822 214 1880 fideles
241 1824 374 1904 dicuutur
406 1823 520 1890 mortui,
551 1824 618 1895 quia
647 1822 703 1877 side

114 1901 223 1962 carent,
250 1909 314 1965 quae
338 1901 396 1950 rita
414 1895 518 1951 animae
533 1902 585 1962 est,
605 1911 704 1952 securi-

115 1966 184 2024 dtim
208 1966 300 2022 illud:
326 1969 421 2023 Iustus
435 1983 470 2021 ea
488 1967 542 2038 fide
555 1970 635 2023 crivit.
653 1968 703 2024 llic

113 2053 181 2111 ergo
194 2047 357 2095 removetur
366 2039 703 2165 carnalitasprupinquo·

115 2125 196 2177 rum;
219 2126 268 2179 per
290 2112 344 2165 buc
369 2110 445 2165 enim
465 2126 521 2180 quo
561 2112 631 2166 dixit
650 2113 700 2167 ei:

113 2181 235 2250 Sequere
248 2196 299 2241 me,
318 2186 343 2235 et
359 2181 469 2234 dimitte
486 2185 607 2236 mortuos
626 2198 702 2251 sepe-

116 2251 169 2306 tire
186 2256 308 2305 mortuos
320 2266 394 2319 suos,
411 2249 533 2304 ostendit
547 2252 622 2320 quod
637 2268 701 2306 car·

115 2321 190 2378 nelis
204 2320 322 2376 allectus
335 2336 352 2374 a
363 2320 548 2389 sequentibus
558 2322 701 2376 Christum

115 2398 159 2450 est
177 2390 304 2447 totaliter
323 2390 514 2446 dimittendus.
536 2392 571 2445 Et
589 2398 630 2446 est
648 2393 702 2447 boc

117 2469 318 2535 argumentum
340 2465 440 2519 contra
473 2470 639 2518 excusantes
671 2478 702 2520 se

117 2535 153 2590 de
182 2535 311 2606 ingressu
338 2534 495 2607 religionis,
519 2543 635 2604 proptor
658 2550 702 2589 cu·

116 2621 179 2662 ram
199 2612 348 2677 parentum
358 2622 366 2675 ;
389 2609 456 2662 item
472 2612 571 2662 contra
585 2620 701 2676 procra-

116 2677 266 2747 stinantes,
294 2676 415 2733 sienim
439 2677 531 2732 noluit
560 2677 701 2733 retardari

114 2763 166 2817 pro
202 2750 357 2817 sepultura,
392 2749 481 2803 multo
521 2746 615 2803 minus
651 2763 701 2816 pro

114 2820 294 2888 expeditione
308 2820 451 2875 diuturna.
466 2819 546 2875 Unde
560 2822 601 2875 ait
613 2819 700 2888 Gliry-

114 2895 272 2947 tertomua:
303 2891 412 2946 «itlius
441 2891 600 2946 intentione
636 2892 702 2945 licta

113 2960 194 3031 dixit,
215 2977 316 3031 sequor
341 2965 383 3031 te;
406 2962 452 3017 hic
469 2962 555 3018 etiam
573 2968 701 3017 sanctum

113 3046 175 3088 rem
201 3039 300 3102 petens
330 3048 388 3088 non
416 3035 521 3089 sinitur
551 3036 700 3103 recedere,

114 3104 182 3174 quia
211 3106 259 3160 elii
287 3109 370 3159 erant
401 3106 449 3175 qui
478 3104 642 3185 sepelirent,
673 3113 702 3161 et

113 3174 191 3231 hunc
219 3177 351 3247 amagis
380 3178 547 3231 necessariis
565 3177 701 3232 recedere

113 3258 173 3302 non
187 3247 357 3317 oportebat:
374 3266 389 3299 u
405 3248 465 3303 haee
482 3249 700 3318 chrysostomus.

113 3316 149 3373 Et
171 3319 236 3374 ride
263 3318 406 3390 quomodo
428 3317 552 3390 primum
572 3320 701 3375 dolosum

113 3393 144 3445 et
170 3389 334 3462 superbum,
362 3391 409 3462 qui
431 3394 497 3446 licte
520 3396 549 3447 et
570 3391 701 3446 simulata

112 3469 210 3518 mente
224 3468 392 3531 accesserat,
405 3463 530 3533 respuit;
545 3463 701 3519 secundum

115 3532 273 3604 simplicem
299 3540 328 3588 et
349 3534 492 3602 devotum,
517 3536 566 3605 qui
587 3550 652 3590 vore
673 3538 702 3589 et

114 3602 236 3673 simplici
250 3610 346 3658 mente
360 3611 389 3657 et
401 3620 473 3673 puro
486 3607 572 3661 corde
587 3619 702 3675 quaere·

115 3670 175 3742 bat,
187 3673 278 3728 adsui
291 3673 436 3743 sequelam
448 3672 543 3742 traxit,
557 3683 584 3729 et
593 3678 701 3743 absque

116 3741 255 3799 dilatione
267 3759 297 3799 se
310 3743 389 3813 sequi
402 3743 506 3814 jubens
519 3759 572 3800 nec
588 3754 701 3817 patrem

116 3814 238 3885 sepelire
252 3816 387 3885 permisit,
404 3829 489 3885 quein
501 3817 574 3872 l‘orte
584 3816 702 3888 asepul·

113 3888 180 3941 tura
198 3900 256 3941 non
275 3884 475 3956 prohibuisset,
489 3886 512 3941 si
527 3887 575 3943 alii
592 3905 642 3969 qui
655 3901 701 3943 se·

157 3958 698 4015 lirentnonluissentncsieidiccret:

142 4036 224 4085 enisti
238 4032 275 4083 ad
291 4030 389 4098 vitam,
404 4028 447 4084 ris
459 4030 555 4086 redire
568 4031 605 4087 ad
622 4046 701 4086 mor-

119 4104 178 4156 tem
192 4106 204 4156 t
219 4103 279 4170 Ege
292 4114 353 4155 euin
369 4103 439 4170 uita,
457 4116 510 4172 ego
529 4117 591 4158 sum
606 4104 700 4171 Pater,

119 4177 150 4229 et
162 4171 279 4227 Creator
292 4179 355 4227 tuus
371 4189 379 4229 ε
402 4174 520 4244 Sequere
539 4188 591 4245 me,
615 4178 642 4229 et
658 4175 702 4230 dt·

118 4245 198 4299 mitte
216 4250 337 4300 mutuos
353 4245 468 4317 sepetire
481 4250 602 4303 mutuos
614 4261 678 4302 suos
691 4262 700 4317 ;

119 4318 152 4371 tri
167 4317 270 4388 auton,
289 4315 369 4383 eade,
386 4320 414 4374 et
430 4319 569 4375 omentis
585 4332 700 4389 requam

760 465 821 533 Dei,
842 478 900 519 non
923 462 1043 533 fabulas,
1068 479 1126 520 nori
1154 465 1346 540 curiositates,

761 534 805 591 vel
832 534 938 606 aliquid
966 534 1172 606 hujuscemodi.
1193 538 1255 592 b'on
1274 554 1347 610 nego

760 607 936 677 sepulturam
958 622 1019 662 esse
1041 608 1075 662 cle
1090 608 1225 677 operibus
1238 610 1348 666 miseri·

762 677 879 743 cordiae,
896 694 948 734 nec
959 678 1024 734 dico
1041 692 1127 747 opera
1143 679 1203 749 ejus
1217 682 1345 749 piroiimo

761 765 818 805 non
838 765 899 805 esse
914 749 1114 819 impendenda,
1132 750 1181 806 sed
1197 766 1246 819 pro
1262 752 1348 822 majo-

760 821 839 876 ribus
853 837 913 877 rsse
929 822 1136 892 postponenda.
1151 822 1349 878 denuntiare·

758 909 843 962 quum
857 895 916 959 Dei,
931 894 1036 948 suscita
1055 898 1180 948 mortuos
1195 895 1223 947 iii
1238 895 1345 952 anima.

760 966 928 1020 instruimur
950 980 1019 1035 ergo
1046 965 1103 1033 liic,
1124 973 1154 1020 ut
1174 981 1224 1034 pro
1244 966 1345 1036 majori

759 1036 834 1092 bono
847 1039 941 1092 minus
956 1036 1062 1091 bonum
1078 1037 1260 1108 ilescramus3
1275 1051 1344 1093 nam

759 1108 783 1163 si
799 1107 977 1164 meritorium
992 1108 1029 1162 sit
1048 1116 1194 1177 parentem
1214 1107 1343 1179 sepelire,

760 1181 873 1252 dignius
887 1187 1039 1236 esttamen
1053 1180 1139 1235 rerba
1156 1180 1219 1234 sitae
1231 1182 1345 1245 (locere,

759 1254 836 1322 pium
865 1255 911 1322 qui
925 1268 969 1322 ipe
992 1258 1052 1305 erat
1075 1251 1150 1320 quud
1173 1252 1285 1306 l'ttlssllat
1301 1249 1345 1307 la·

759 1340 834 1392 cere,
844 1324 893 1379 sed
906 1344 912 1377 i
925 1323 1001 1378 ocuit
1013 1321 1219 1401 blagistcrquid
1229 1323 1347 1378 deberet

761 1408 950 1465 praeponere:
974 1409 1065 1461 majus
1083 1394 1158 1448 enirn
1175 1401 1218 1448 est
1237 1395 1346 1451 animas

759 1474 947 1534 mortuorum,
977 1465 1170 1536 praedicando,
1195 1465 1231 1520 ad
1259 1464 1347 1522 vitam

759 1540 938 1605 resuscitare,
963 1553 1048 1608 quam
1069 1554 1170 1608 corpus
1190 1539 1295 1592 mortui
1314 1537 1345 1594 in

759 1617 835 1665 terra
854 1610 1029 1665 abscondere
1044 1627 1052 1678 ;
1073 1625 1165 1679 majus
1183 1616 1224 1664 est
1240 1609 1345 1679 praedi·

759 1680 851 1739 cando
867 1696 954 1737 unum
971 1679 1071 1736 saltem
1090 1679 1244 1748 vivificare,
1259 1694 1346 1750 quam

758 1768 858 1810 omnes
879 1760 1004 1809 mortuos
1028 1751 1159 1822 sepelire.
1178 1753 1255 1806 Unde
1275 1754 1345 1808 Am·

758 1826 890 1881 broccus:
916 1842 929 1875 u
945 1825 1014 1880 Cum
1038 1824 1202 1895 religiosum
1226 1822 1345 1879 humani

758 1898 885 1968 corporis
899 1894 1055 1966 sepeliendi
1071 1896 1266 1965 acceperimus
1280 1894 1343 1950 otn-

758 1970 845 2037 cium,
872 1968 1014 2040 quomodo
1034 1967 1081 2022 liic
1102 1967 1212 2036 paterni
1231 1981 1345 2037 quoque

759 2040 867 2097 luneris
879 2040 1025 2111 sepultura
1040 2039 1206 2107 prohibetur
1218 2038 1299 2092 inlisi
1315 2044 1346 2093 ut

758 2113 902 2183 intelligas
930 2114 1054 2165 bumana
1081 2109 1274 2177 posthabenda
1301 2107 1343 2164 di·

757 2182 849 2248 rinis3
865 2183 970 2235 bonum
982 2180 1122 2256 studiuiii,
1131 2180 1179 2231 scd
1193 2182 1284 2245 maius
1294 2180 1345 2236 im·

758 2254 952 2322 pediinentum
966 2265 974 2303 :
989 2264 1055 2303 nain
1075 2262 1123 2315 qui
1144 2254 1265 2316 partitur
1284 2253 1343 2303 stu·

757 2321 846 2390 dium,
873 2318 976 2375 diriiat
998 2318 1142 2384 allectum,
1169 2318 1216 2388 qui
1245 2316 1345 2375 dividit

757 2408 867 2460 curam,
882 2390 977 2446 dillert
991 2387 1147 2460 protectum
1160 2405 1167 2456 ;
1182 2404 1249 2460 crgo
1267 2390 1344 2460 prius

757 2472 822 2518 suut
834 2462 1037 2533 habendaque
1052 2474 1183 2515 maxima.
1196 2461 1343 2526 Quomodo

757 2551 825 2605 ergo
854 2533 958 2589 mortui
984 2533 1105 2603 sepelire
1125 2540 1253 2587 mortuos
1278 2548 1345 2602 pos·

756 2605 894 2675 sunt,nisi
909 2605 1052 2676 geminam
1063 2603 1257 2675 hicintclligas
1271 2619 1345 2660 mor

757 2685 815 2733 tem
842 2694 849 2732 :
877 2692 961 2732 unam
994 2683 1114 2743 naturae,
1143 2675 1263 2731 alteram
1284 2675 1344 2731 cul·

759 2748 822 2820 pae'l
840 2749 888 2803 Est
910 2750 995 2803 etiam
1023 2762 1098 2802 mors
1121 2749 1215 2813 tertia,
1236 2748 1265 2803 in
1289 2762 1346 2819 qua

758 2826 874 2892 peceato
890 2820 1040 2887 morimur,
1054 2819 1113 2873 lieo
1126 2819 1266 2887 vivimus;
1286 2834 1346 2874 non

758 2907 826 2961 ergo
852 2891 963 2962 paterni
989 2892 1095 2945 l'uneris
1117 2890 1262 2960 sepultura
1277 2905 1345 2959 pro·

758 2963 881 3026 bibetur,
912 2961 963 3018 sed
996 2960 1199 3017 necessitudini
1231 2961 1344 3031 generis

758 3036 862 3090 dirinae
885 3032 1032 3105 religionis
1058 3034 1146 3103 pietas
1174 3032 1342 3090 antefertur.

759 3106 828 3161 illud
861 3104 1039 3160 consortibus
1072 3103 1256 3172 relinquitur,
1290 3104 1344 3159 hoe

758 3178 911 3232 mauclatur
926 3174 1034 3233 electis.
1053 3193 1068 3227 i>
1086 3176 1165 3230 Unde
1185 3184 1213 3229 ct
1229 3175 1344 3245 Chryso-

757 3254 882 3304 stomus:
910 3265 924 3299 u
940 3247 1146 3302 inconveniens
1170 3248 1246 3302 euim
1271 3251 1343 3317 erat,

758 3326 789 3375 ut
813 3320 862 3391 qui
887 3318 975 3374 semel
996 3316 1067 3373 Filio
1093 3319 1142 3372 llei
1159 3318 1289 3386 medena,
1305 3317 1344 3373 ri·

757 3406 824 3446 rum
840 3399 868 3447 et
887 3390 1030 3445 coelestem
1049 3390 1138 3444 Deum
1164 3395 1274 3459 piatcem
1291 3389 1343 3445 ba·

758 3462 825 3519 bere
842 3464 903 3534 iam
926 3468 1061 3532 coepcrat,
1080 3461 1115 3515 de
1135 3467 1214 3530 patre
1231 3465 1344 3516 mortuo

757 3535 916 3606 cogitaret3
938 3540 968 3590 et
984 3533 1047 3587 ideo
1067 3533 1203 3586 Dominus
1222 3530 1346 3587 ostendit

759 3606 965 3675 praeterendum
992 3618 1053 3659 esse
1077 3602 1164 3657 lidein
1193 3608 1221 3657 et
1244 3603 1344 3675 cogni·

758 3683 864 3731 tionem
883 3675 987 3731 Christi
1008 3673 1204 3743 hujuscemodi
1231 3674 1346 3743 pietatis

758 3743 870 3815 ciliciis,
894 3751 1011 3816 propter
1037 3760 1121 3815 quem
1144 3747 1269 3800 virentes
1293 3761 1345 3815 pa·

758 3816 1172 3887 rentesjubemurrelinquere.
1184 3818 1266 3872 lesus
1277 3831 1346 3888 ergo

758 3887 906 3958 probibuit
925 3902 990 3943 eum
1012 3902 1071 3942 nun
1090 3890 1194 3958 jubens
1216 3895 1344 3944 contem·

756 3974 827 4015 nere
855 3959 1003 4027 bonorem,
1025 3960 1075 4030 qui
1100 3960 1200 4014 estad
1223 3974 1272 4015 eos
1295 3960 1346 4031 qui

758 4036 981 4101 progenuerunt,
1009 4030 1059 4085 sed
1088 4036 1250 4086 monstrans
1276 4046 1344 4101 quo-

757 4100 834 4157 niam
849 4100 920 4158 nibil
934 4099 1094 4157 coelestibus
1114 4101 1235 4173 negotiis
1253 4102 1344 4174 magis

756 4173 840 4229 nobis
863 4173 1053 4229 necessarium
1070 4188 1130 4229 esse
1154 4175 1289 4244 oportet;
1314 4178 1343 4229 et

757 4246 892 4316 quoniam
919 4259 984 4302 cuni
1003 4244 1116 4301 fastidio
1144 4244 1342 4302 universorum

756 4318 802 4375 tiis
827 4317 912 4390 jungi
932 4320 1056 4390 oportet,
1080 4322 1109 4373 et
1131 4332 1225 4390 neque
1239 4330 1342 4389 petum
