2880 4942
196 329 236 383 ltu
262 328 440 391 cuculus,
470 330 502 383 lit
529 331 650 393 QUIBUS
677 330 878 387 uoluuntur
905 331 1009 387 insuti
1037 332 1152 387 ntllb.
1248 332 1292 389 309

53 432 133 493 dedit
144 433 266 507 Spiritus
279 435 408 499 Sanctus,
423 436 537 506 otiando
550 454 644 509 eorpo-

53 510 114 563 role‘
132 510 221 577 speeie
229 510 301 563 sicut
312 508 437 562 columbo
449 510 478 561 in
489 511 580 578 ipsum
592 510 644 567 ba-

53 584 191 651 ptizatum
210 579 367 645 descendit3
386 578 580 636 testimonium
595 583 646 638 dc-

54 651 98 707 drt
106 651 166 723 ipse
174 649 270 719 Filius,
280 651 392 721 quaudo
403 650 472 706 dixit
484 669 490 706 :
501 655 590 721 Epoet
598 656 646 709 Po·

54 727 98 779 ter
116 739 202 778 crium
223 737 328 777 merrus.
347 722 427 790 Quod
446 729 542 779 autem
561 725 647 782 luerit

53 792 211 861 terrestris,
222 792 252 848 id
265 798 400 850 estverus
413 794 512 861 homo,
524 801 582 853 tres
608 805 648 853 tc·

43 870 112 921 stes
122 870 198 931 suut,
210 863 318 921 seilicet
328 881 336 920 ι
346 864 473 937 spiritus,
490 865 518 922 id
533 874 576 924 est
587 868 647 924 ani-

52 952 111 1005 ma,
123 951 210 1008 quam
222 934 251 991 in
265 952 350 993 eruce
361 935 455 994 emisit
466 954 473 1005 ;
485 954 570 1011 aqua,
582 955 645 1011 quae

52 1007 89 1065 de
109 1010 172 1090 ejus
186 1007 278 1065 latere
296 1007 396 1077 exirit;
410 1014 439 1064 et
458 1011 584 1082 sanguis,
597 1011 644 1083 qui

53 1078 91 1136 de
106 1094 169 1151 ejus
181 1078 262 1135 venis
273 1079 395 1136 effluxit.

90 1155 108 1206 5
135 1152 225 1208 Causa
250 1168 469 1208 rucnnnnnrrlrrs
493 1154 644 1211 duunonuu

55 1238 217 1289 nnrccirun,
232 1239 439 1286 nrsrnnruuouc
467 1242 645 1282 ssucrrssrun

53 1296 212 1351 Turuirlrrs
224 1311 380 1351 lssnurrun.
394 1327 429 1337 -
445 1297 537 1352 Causa
549 1306 643 1353 autem

54 1362 266 1423 incredulitatis
289 1383 388 1423 eorum
408 1368 539 1424 subditur
559 1386 566 1424 :
590 1370 645 1426 Sed

53 1452 104 1493 nus
126 1453 181 1492 non
205 1438 331 1505 creditis,
346 1443 414 1509 quio
429 1455 484 1494 non
500 1442 575 1506 estis,
592 1456 644 1497 nec

54 1524 119 1566 esse
134 1508 230 1576 vultis,
246 1526 281 1565 ec
296 1512 485 1579 ovibusoret,
501 1509 529 1565 id
546 1516 588 1567 est
604 1511 644 1567 in-

55 1585 194 1639 nocentes
214 1585 243 1637 et
261 1581 403 1651 humiles3
417 1582 467 1637 sed
485 1581 646 1653 superbiet

55 1651 222 1724 maligni‚et
237 1650 301 1709 ideo
314 1652 363 1709 Dei
376 1652 486 1724 judicio
501 1653 643 1712 excaecati.

55 1724 125 1781 Once
141 1740 218 1791 mee,
233 1722 263 1779 id
278 1728 322 1780 est
337 1724 469 1791 humiles,
483 1724 586 1797 quibus
600 1742 644 1782 re-

54 1795 169 1851 velatur
182 1794 288 1852 ueritas
300 1812 317 1852 e
331 1811 386 1861 me,
397 1813 487 1852 vocem
497 1813 585 1852 mecm
598 1814 645 1852 an·

55 1866 151 1936 diunt,
166 1866 311 1923 credendo
331 1868 427 1935 corde,
441 1873 470 1923 et
483 1868 644 1925 obediendo

54 1952 160 2011 opere;
177 1945 203 1993 et
216 1954 264 2007 epo
279 1955 407 2008 copnoseo
418 1955 475 2003 eos.
487 1956 543 1996 non
554 1940 644 1997 solum

56 2009 162 2067 notitia
180 2009 309 2080 visionis,
325 2011 375 2067 sed
394 2010 481 2067 etiam
503 2012 643 2083 approba·

55 2080 162 2150 tionis3
178 2088 205 2138 et
216 2089 371 2153 seq-cuntur
382 2100 435 2151 me,
448 2081 587 2141 imitando
601 2083 646 2139 bic

55 2150 86 2211 in
102 2152 237 2226 praesenti
254 2170 304 2224 per
318 2154 449 2225 gretiam.
465 2159 494 2210 et
508 2154 538 2210 in
552 2155 645 2211 tuturo

55 2240 110 2299 per
133 2224 264 2297 gloriam.
281 2226 347 2282 ldeo
373 2225 525 2297 sequitur:
546 2229 580 2282 lit
598 2242 646 2295 epo

54 2298 146 2353 uitem
166 2303 296 2353 eternam
317 2298 352 2352 do
371 2301 420 2366 eis,
441 2298 487 2353 hie
509 2297 539 2353 in
563 2304 646 2369 pastu

55 2370 115 2425 mei
130 2368 263 2441 Corporis
280 2373 309 2424 et
334 2368 494 2440 Sanguinis,
511 2373 539 2423 et
558 2369 585 2424 in
601 2369 646 2424 lu·

55 2442 125 2497 turo
147 2439 178 2496 in
192 2438 343 2496 dulcedine
362 2439 522 2508 fruitionis;
543 2445 569 2495 et
583 2439 647 2496 idco

53 2526 114 2567 mon
135 2512 267 2583 peribunt
286 2514 315 2567 in
337 2518 478 2581 etenum,
493 2510 560 2583 quia
578 2527 649 2584 prec-

54 2581 211 2639 destinatio
225 2584 261 2639 de
273 2585 314 2639 eis
327 2582 445 2640 frustari
465 2599 523 2639 nou
538 2587 646 2654 potcst;

55 2658 95 2723 et,
108 2653 185 2723 ideo,
198 2671 253 2711 non
270 2657 362 2725 reptet
387 2671 433 2710 eos
452 2658 599 2725 quicquum
615 2655 649 2709 de

55 2742 154 2794 monn,
163 2726 190 2782 id
202 2730 246 2781 est
256 2725 291 2781 de
340 2730 439 2782 testate
448 2742 519 2791 meo,
531 2741 582 2797 per
590 2724 648 2782 vio·

56 2796 179 2853 lentiam
194 2797 241 2853 bic
255 2802 302 2853 tra
323 2796 398 2854 endo
413 2798 449 2853 ad
466 2797 590 2869 culpam,
605 2795 648 2852 vel

56 2868 89 2925 iu
112 2868 209 2925 tuturo
233 2867 269 2924 ud
288 2884 414 2941 poenam.
433 2869 512 2937 Quod
534 2870 649 2940 probat,

56 2940 160 2997 dicens
174 2958 181 2998 ε
197 2942 281 2996 Pater
296 2957 371 2996 meus
385 2941 460 3011 quod
476 2941 554 2996 dedit
568 2942 649 3007 mibi,

56 3012 153 3081 moins
180 3014 306 3067 omnibus
335 3017 386 3081 est,
412 3011 442 3068 id
472 3020 516 3069 est
543 3011 650 3079 Deitas,

58 3083 651 3155 quemhabeoaPatremco;omuiacnim

58 3157 172 3212 excedit
184 3154 214 3211 in
227 3154 381 3211 infinitum.
399 3155 478 3212 Unde
493 3156 533 3211 ait
547 3156 651 3223 dupu-

56 3228 152 3283 cemus
167 3245 176 3281 ε
193 3249 208 3277 «
222 3226 305 3283 Dedit
319 3226 397 3283 mibi.
415 3232 445 3281 ut
459 3226 511 3281 sim
528 3227 652 3282 Verbum

59 3298 138 3371 ejus,
152 3302 184 3355 ut
203 3296 256 3354 sim
278 3298 446 3369 Unigenitus
466 3296 552 3352 Filius
578 3298 650 3366 ejus,

701 444 727 495 et
741 441 825 495 Peter
838 456 923 495 unum
937 456 1051 505 sumus;
1068 439 1092 497 si
1106 440 1184 498 enim
1204 442 1290 499 Pater

700 516 730 568 et
742 510 830 568 Filius
843 517 938 568 esseut
955 528 1011 568 una
1025 529 1156 583 persona,
1171 512 1287 571 dixisset

700 599 763 640 sum
777 586 804 639 in
814 583 961 653 singulari.
976 582 1060 640 Arius
1073 590 1180 653 antem,
1193 602 1209 640 e
1222 602 1288 641 con·

700 661 754 715 tra.
773 653 868 723 posuit
883 654 1078 712 diversitatem
1098 656 1288 713 essentiarum

700 725 773 783 sicut
785 733 812 781 et
825 742 1025 798 personarum,
1043 733 1072 783 et
1085 728 1140 783 hoe
1163 726 1288 785 excludi·

701 802 824 853 turcum
840 796 965 854 dicitur:
986 800 1093 865 Unum
1107 800 1130 854 si
1145 797 1223 855 euim
1239 800 1291 855 Pa·

700 877 745 926 ter
758 873 786 925 et
799 868 886 925 Filius
899 871 1039 927 baberent
1054 869 1182 927 diversas
1194 885 1289 926 essen·

701 940 766 1009 tias,
783 956 839 997 non
865 940 974 998 diceret
997 957 1087 998 unum
1111 940 1289 1009 neutraliter,

700 1012 750 1069 sed
767 1014 861 1084 plura.
882 1013 973 1085 igitur
993 1029 1044 1086 per
1060 1031 1067 1068 :
1082 1017 1141 1082 Epo
1162 1019 1187 1069 et
1209 1014 1293 1069 Pater

700 1099 805 1151 sumus,
821 1083 956 1141 discretio
977 1091 1006 1141 et
1019 1084 1170 1155 aequalites
1191 1100 1290 1157 perso-

701 1171 805 1213 narum
820 1155 1003 1228 exprimitur;
1020 1172 1093 1227 per:
1113 1159 1211 1221 Unum,
1228 1155 1291 1211 uni-

700 1231 746 1283 tas
761 1225 863 1283 divium
879 1226 1044 1285 substantioe
1061 1226 1242 1300 intelligitur.
1260 1229 1290 1282 ln

701 1298 857 1369 Theologia
879 1298 954 1355 enim
977 1315 1029 1371 per
1048 1303 1178 1355 neutrum
1202 1313 1292 1370 genus

702 1369 808 1426 dicitur
821 1368 981 1426 substantia
994 1369 1100 1437 divina,
1117 1386 1168 1441 per
1185 1385 1292 1426 mascu-

701 1439 790 1497 linum
806 1456 1004 1513 personaeper
1017 1440 1186 1498 femininum
1200 1442 1289 1497 notio.

703 1512 782 1568 Uudc
804 1518 892 1583 petet,
909 1512 986 1583 quod
1001 1512 1031 1568 in
1049 1514 1155 1584 hymno
1170 1528 1226 1568 non
1243 1512 1292 1568 de·

702 1584 751 1640 bet
776 1582 884 1638 cantui
902 1600 909 1638 τ
926 1585 1004 1640 Unus
1021 1582 1098 1639 Patri
1119 1599 1185 1639 eum
1209 1582 1290 1650 Filio,

703 1655 754 1711 sed
772 1670 857 1709 unum
870 1657 961 1721 Patri,
976 1660 1030 1711 etc.
1045 1673 1052 1721 ;
1069 1655 1136 1727 quia
1154 1655 1240 1711 Pater
1263 1658 1292 1709 et

703 1725 789 1782 Filius
803 1741 860 1782 non
874 1731 942 1782 sunt
956 1742 1030 1783 unus
1049 1725 1079 1781 in
1092 1741 1228 1796 persona,
1240 1725 1291 1783 sed

703 1813 789 1853 unum
812 1796 842 1852 iu
867 1797 1036 1854 substantie.
1058 1798 1137 1854 Unde
1158 1799 1293 1866 nepessi-

703 1885 756 1924 nus
772 1891 781 1923 .·
795 1870 977 1940 «Utrumque
990 1868 1165 1935 audi‚unum
1179 1884 1289 1925 mmet:

704 1939 780 2011 quod
795 1938 865 1995 dixit
879 1955 966 1996 unum
984 1938 1087 1996 liberet
1106 1946 1135 1995 te
1153 1939 1189 1995 ab
1204 1937 1288 2009 drio;

705 2010 781 2082 quod
796 2026 904 2079 sumus,
917 2010 1020 2067 liberat
1033 2017 1061 2067 te
1075 2026 1092 2067 a
1104 2008 1238 2067 Sabellio.
1249 2010 1288 2077 Si,

704 2098 804 2149 unum,
824 2097 893 2153 ergo
917 2098 975 2138 non
998 2081 1159 2151 diversum
1179 2080 1214 2149 si,
1241 2096 1290 2136 su·

705 2169 779 2216 mus.
796 2169 864 2225 ergo
880 2154 964 2209 Pater
978 2158 1006 2209 et
1017 2152 1113 2208 lilius.
1130 2171 1146 2207 e

740 2230 756 2292 d
770 2226 854 2281 Sioua
866 2241 992 2287 ouarueu
1006 2241 1091 2280 ovum
1106 2225 1166 2280 Dur.
1176 2223 1291 2280 -Oucs

705 2313 773 2369 ergo
796 2295 844 2352 Dei
866 2311 918 2368 per
936 2295 1018 2367 signa
1041 2300 1165 2368 quatuor
1184 2310 1291 2365 coguo-

706 2373 919 2438 secutumque
937 2367 984 2424 bic
1002 2383 1053 2439 per
1074 2367 1206 2424 ordinem
1227 2372 1293 2422 tan·

705 2445 822 2509 guntur.
842 2441 947 2507 Primo,
960 2455 1012 2512 per
1026 2440 1102 2496 bona
1120 2454 1209 2510 opera
1228 2452 1292 2564 Ἦιᾳε

706 2510 824 2578 faciunt,
836 2515 1045 2583 cognoscuntur
1057 2508 1122 2582 quia
1135 2509 1233 2566 ovesC
1257 2524 1292 2563 rr·

706 2581 741 2639 sti
758 2587 833 2637 sunt.
847 2582 924 2638 Istud
939 2582 1049 2655 signum
1062 2580 1144 2652 ponit
1155 2579 1293 2636 Dominus

707 2654 742 2710 de
757 2669 787 2709 se
803 2653 875 2724 ipso,
886 2651 933 2725 qui
950 2659 994 2709 eet
1006 2658 1187 2724 pastor,cum
1206 2649 1291 2706 dicit:

706 2728 796 2796 Opera
826 2740 887 2795 que
915 2739 963 2793 epo
988 2726 1078 2793 focio,
1109 2724 1294 2779 testimonium

705 2797 849 2869 perbibent
858 2796 953 2852 deme.
963 2794 1123 2852 Notandum
1134 2799 1229 2850 umen
1238 2796 1292 2861 est,

708 2867 783 2939 quod
797 2871 865 2924 sunt
879 2867 1009 2939 quaedam
1023 2882 1111 2938 opera
1124 2882 1188 2937 quie
1200 2862 1294 2921 bomi-

708 2955 774 2995 nem
800 2943 928 2997 sanctum
958 2939 1127 3006 ostendunt,
1155 2936 1206 2994 sed
1236 2952 1293 2993 nou

708 3011 831 3079 laeiuut;
854 3013 927 3067 sicut
945 3015 1013 3067 sunt
1031 3025 1119 3081 opera
1143 3007 1294 3064 miraculo-

708 3099 782 3151 rum,
801 3098 863 3153 quae
888 3081 973 3138 eliam
997 3080 1148 3151 aliquando
1171 3079 1236 3135 mali
1253 3078 1294 3135 la·

708 3153 786 3209 ciunt
808 3153 911 3208 virtute
935 3152 1012 3207 ndei.
1033 3152 1096 3207 Alia
1119 3158 1187 3207 suut
1207 3164 1295 3220 opera

729 3240 771 3279 uae
786 3227 916 3279 sanetum
932 3222 1048 3289 iaciunt,
1061 3221 1110 3277 sed
1127 3237 1183 3276 non
1198 3226 1292 3275 osteu-

707 3240 1293 3361 inuhsicutestsimplicitaselhumilltas

59 3374 96 3427 ut
110 3367 166 3426 sim
177 3369 314 3442 splendor
327 3370 399 3426 lucis
412 3369 483 3439 ojus.
500 3390 512 3415 l
528 3370 563 3423 Et
575 3382 651 3421 neruo
707 3370 870 3421 sanctorum
890 3362 1053 3429 bominum,
1071 3367 1100 3417 et
1117 3367 1219 3417 ceterae
1236 3360 1292 3415 vir-

59 3446 153 3513 potest
166 3456 264 3513 rapere
276 3442 310 3497 de
328 3459 412 3497 manu
426 3441 519 3498 Putris
533 3440 587 3492 mei
603 3453 652 3518 per

59 3509 242 3583 uiolentiam,
250 3528 315 3570 cum
324 3512 362 3568 sit
373 3511 493 3568 infinite}
505 3514 651 3581 potentiss,

61 3598 136 3657 ergo
160 3599 215 3641 nec
235 3584 272 3641 de
288 3600 376 3641 manu
398 3598 473 3649 mea,
488 3580 654 3637 continente

707 3440 781 3493 tutes
806 3449 994 3505 eorumque
1016 3432 1122 3489 iaciunt
1148 3430 1293 3487 bominem

708 3511 837 3563 sanctum
847 3521 943 3561 eoram
953 3504 1081 3567 lleo.scd
1090 3518 1165 3574 saepe
1173 3501 1296 3558 reddunt

708 3576 908 3649 despicabilem
921 3592 1016 3632 coram
1028 3575 1145 3632 mundo.
1156 3573 1219 3630 Alia
1230 3579 1296 3629 suut

60 3670 114 3712 cas
124 3660 154 3711 et
166 3658 436 3723 conservantem«)
446 3652 521 3710 enim
536 3658 562 3708 et
572 3655 655 3708 Pater
680 3662 683 3711 i
709 3664 796 3722 opere
806 3664 869 3721 quse
880 3647 1025 3704 bominem
1036 3652 1163 3703 sanctum
1176 3644 1295 3714 sariunt,

59 3742 264 3797 cremonenses,
278 3726 386 3784 scilicet
399 3726 428 3782 iu
443 3725 545 3781 virtute
561 3728 589 3780 et
605 3739 654 3795 po·
681 3716 684 3727 '
710 3727 738 3778 et
750 3721 923 3785 ostendunt;
942 3719 1013 3801 sicut
1028 3724 1096 3775 snut
1111 3733 1198 3789 opere
1210 3716 1298 3790 pieta·

60 3797 168 3869 tentia,
183 3798 259 3857 sient
273 3798 304 3855 in
319 3797 425 3855 deitate
440 3802 468 3853 et
482 3799 508 3851 iu
521 3798 655 3852 essentia.
711 3793 758 3860 tis,
773 3807 838 3863 quae
858 3807 891 3847 ex
906 3796 1024 3847 caritate
1042 3791 1122 3847 fiunt.
1139 3819 1172 3831 -
1187 3789 1296 3869 Secun-¹

62 3870 230 3927 Notandum
244 3877 352 3937 autem,
366 3869 442 3942 quod
457 3884 490 3924 eu
505 3868 558 3923 hoe
570 3867 656 3923 verbo
712 3866 779 3922 dum
799 3862 910 3935 signum
930 3867 984 3930 eet,
1002 3862 1079 3933 quod
1102 3877 1169 3917 ores
1193 3860 1297 3942 Cbrrsu

63 3940 241 3999 Salvatoris:
257 3946 316 4011 Epo
327 3948 353 3997 ct
362 3944 446 3997 Peter
456 3956 540 3995 unum
552 3954 656 4003 stemus,
713 3935 784 4002 sint,
806 3934 919 4006 quando
947 3949 1045 3990 rocem
1071 3933 1132 4004 eius
1159 3931 1297 3997 audiunt;

63 4014 260 4072 excluduntur
267 4016 325 4070 duo
335 4028 448 4069 errores
456 4010 591 4067 constrarii
607 4009 658 4065 eir·
713 4007 788 4065 unde
804 4007 849 4062 hic
866 4005 1021 4062 subditur:
1038 4004 1106 4061 Oues
1124 4019 1190 4059 mere
1208 4018 1297 4057 uocem

64 4100 101 4142 oa
120 4085 274 4143 articulum
294 4083 485 4141 sanctissinum
501 4080 656 4138 Trinitatis.
713 4094 801 4135 mecm
818 4078 947 4133 crudiunt.
963 4078 1090 4144 Quatuor
1106 4079 1201 4131 autem
1216 4088 1300 4127 voees

68 4156 214 4215 Sabellius
237 4156 315 4214 enirn
336 4155 431 4229 posuit
446 4154 475 4210 in
491 4157 549 4211 [leo
563 4158 659 4210 unita·
715 4150 877 4222 istcpastor
890 4147 1048 4206 datoribus
1062 4145 1120 4203 suis
1133 4148 1244 4228 :prima
1257 4147 1301 4225 est

67 4233 126 4287 tem
136 4227 367 4303 personas,sicut
381 4232 410 4284 et
424 4229 567 4295 esseutiae,
576 4229 605 4281 et
614 4225 660 4280 bic
717 4222 840 4279 exterior
850 4219 1023 4289 exhortatio;
1038 4217 1173 4285 secunde,
1184 4221 1304 4297 interior

66 4316 152 4358 error
174 4306 354 4370 remoretur,
374 4315 438 4355 cum
460 4296 562 4355 dicitur
578 4314 585 4352 ε
601 4299 661 4369 Epo
718 4292 890 4364 inspiratio:
913 4290 999 4349 tertia
1028 4296 1072 4348 est
1099 4288 1302 4346 beneficiorum
