2880 4942
146 326 178 383 ll
337 356 339 361 ·
532 333 647 387 Pltltttt
673 334 796 389 PleIS
822 331 929 386 eleut
957 329 989 383 ht

149 432 300 506 precipuis
314 434 445 492 Ecclesiae
469 439 587 507 sponsis,
614 439 679 496 licet
707 440 736 496 in
794 453 862 511 ergo
878 437 1034 509 pulverem,
1054 433 1140 489 idest
1160 432 1280 489 minima
1295 431 1381 491 itine-

149 505 289 577 principio
304 509 395 563 missae
409 509 531 565 salutare
544 510 689 582 populum,
705 518 738 567 et
794 511 834 573 ris
848 515 877 566 et
888 507 1003 575 laboris,
1020 520 1084 576 quae
1100 520 1151 576 pro
1167 504 1223 559 illis
1250 503 1383 562 sustinul-

150 574 245 634 dicere
265 595 272 635 :
297 580 357 633 Poe
371 581 456 641 uubis,
475 596 526 650 pax
544 588 736 653 peccatorum,
796 583 856 649 stis,
875 577 1021 707 engonitm
1034 579 1129 633 eterit
1143 577 1184 632 eis
1198 577 1310 632 occasio
1326 592 1382 634 ma·

148 661 203 774 gan
220 649 735 729 temporistandempanaetcrnitatis.
792 651 864 723 juris
923 649 1104 707 amnationis.
1147 678 1183 688 -
1218 648 1382 705 Secundum

173 716 278 801 itnergo
293 722 437 787 introitus,
451 739 515 779 eum
530 726 674 794 optatione
689 741 737 781 sa·
794 726 907 795 signum
932 727 984 783 cst,
1006 721 1072 791 quia
1095 718 1184 790 pulvis
1213 719 1241 774 in
1263 720 1383 790 pedibus

149 789 236 860 lutrs;
253 791 337 857 salus,
360 810 423 850 curn
442 795 586 864 optatione
603 798 689 866 pacis.
703 798 738 852 Et
795 796 907 867 signum
924 799 966 850 cst
979 791 1101 860 laboris,
1117 791 1243 846 excussio
1259 791 1382 861 pulveris

150 859 212 916 baec
235 860 289 916 duo
316 871 382 919 sunt
408 867 531 935 optanda
550 869 736 940 hospitibus:
795 867 977 923 inutilitatem
992 863 1133 935 significat
1148 862 1264 927 laboris,
1292 861 1381 917 inuti-

148 931 232 999 salus,
248 933 277 988 in
291 938 434 992 amotione
450 939 609 1007 malorum;
625 956 689 1010 par,
706 940 736 994 in
795 938 833 994 lia
847 939 925 993 enim
944 937 1037 992 excuti
1060 933 1152 990 solent
1166 941 1195 988 et
1218 932 1313 1003 abjici.
1329 934 1383 989 Ex-

147 1002 299 1073 adeptione
330 1007 490 1076 bonorum;
522 1011 607 1075 salus,
637 1017 737 1067 contra
795 1010 930 1066 cuticndo
960 1023 1028 1080 ergo
1058 1006 1202 1077 pulverem
1229 1004 1384 1061 ostendunt

148 1075 306 1144 perieulum
329 1079 613 1151 darnnationis;pax,
636 1098 736 1153 quam·
762 1082 764 1105 ¹
794 1080 860 1152 quia
885 1080 1009 1136 inaniter
1035 1078 1074 1133 ibi
1104 1076 1324 1157 laboraverunt,
1354 1079 1383 1131 et

147 1148 259 1203 tumad
274 1148 380 1206 bonum
395 1152 644 1209 reconciliationis.
657 1155 736 1210 llunc
794 1154 858 1209 ideo
874 1149 1077 1207 inexcusabiles
1092 1153 1186 1216 erunt,
1210 1162 1263 1201 nee
1275 1150 1380 1217 injuste

150 1224 246 1299 autem
270 1224 385 1277 modum
413 1225 537 1279 intrandi
553 1231 581 1279 et
595 1226 735 1350 salugandi
761 1252 763 1263 =
794 1224 1006 1280 damnabuntur
1025 1221 1072 1292 qui
1091 1220 1210 1274 salutem
1229 1218 1283 1272 sibi
1298 1216 1380 1299 obla·

149 1287 286 1345 Domrnus
301 1294 388 1361 dedit,
405 1300 434 1350 ut
454 1312 485 1350 ex
501 1297 555 1351 hoc
573 1302 653 1352 osten
675 1301 737 1353 eret
760 1270 763 1377 ⁵
793 1300 851 1351 tam
868 1293 993 1364 recipere
1016 1293 1178 1348 noluerunt.
1202 1320 1230 1330 -
1255 1291 1381 1370 Tertrurn

147 1359 184 1416 ad
204 1362 274 1432 quid
293 1367 411 1433 reniret,
433 1369 563 1422 scilicet:
581 1384 677 1435 pacem
697 1367 737 1423 la·
760 1382 763 1423 3
792 1368 904 1437 signum
917 1374 970 1434 cst,
988 1369 1019 1420 ut
1033 1362 1216 1419 ostenderent
1234 1377 1264 1415 se
1283 1360 1320 1415 ab
1340 1375 1380 1417 ers

148 1446 222 1502 cere,
238 1432 313 1490 bella
334 1438 443 1505 sedare,
459 1438 659 1508 predicatores
677 1453 735 1494 non
760 1444 762 1519 j
794 1437 864 1493 nihil
885 1444 1032 1492 terrenum
1052 1450 1191 1505 quaerere,
1212 1448 1263 1488 nec
1293 1432 1381 1487 etiarn

137 1501 184 1570 ,de
212 1506 305 1574 nugis,
330 1509 380 1562 sed
407 1508 440 1562 de
468 1509 735 1565 sulutennimarum
792 1507 941 1565 minimum
957 1503 1380 1574 deterrenisopibusaecipere,

147 1571 226 1644 loqui
239 1577 358 1644 dehere;
375 1583 400 1632 et
414 1581 440 1632 si
454 1579 564 1648 quidem
579 1581 667 1645 tuerit
688 1581 734 1635 do·
759 1570 762 1663 Ι
794 1586 825 1635 ut
848 1595 901 1635 nee
923 1581 1010 1634 etiam
1035 1579 1178 1649 pulverem
1194 1577 1228 1631 de
1241 1583 1318 1631 terra
1331 1589 1382 1631 sua

146 1658 208 1699 mets
233 1648 285 1701 illo
325 1648 412 1718 dipoe
444 1649 597 1719 recipiendi
636 1667 734 1721 pacem
792 1650 845 1707 sibi
861 1656 1025 1721 paterentur
1037 1650 1195 1715 adhaerere,
1212 1664 1275 1701 cum
1292 1648 1383 1702 incor-

147 1713 282 1787 oblatam,
303 1719 330 1773 id
348 1729 399 1788 est,
415 1720 536 1776 siluerit
553 1722 734 1792 ejuslamilia
792 1724 861 1778 recti
879 1722 984 1777 inerint
1004 1729 1033 1778 et
1058 1720 1241 1791 Evangelium
1267 1733 1382 1787 spreve-

147 1785 286 1844 advitam
315 1798 450 1848 aeternam
477 1794 688 1863 praedestinata,
708 1799 735 1851 et
759 1816 761 1863 p
792 1796 860 1852 rint.
878 1796 963 1864 Ergo,
978 1793 1048 1849 nihil
1065 1806 1207 1862 umquam,
1226 1808 1278 1845 nec
1295 1789 1383 1846 etiem

147 1857 189 1911 ibi
203 1862 291 1927 luerit
313 1865 389 1931 {llius
410 1867 503 1935 pacis,
525 1865 552 1919 id
568 1871 611 1920 est
624 1871 735 1921 amator
759 1874 761 1943 l
791 1866 952 1923 necessaria
971 1865 1147 1936 accipiantur
1166 1864 1201 1917 ab
1218 1859 1383 1917 incorrectis

148 1928 192 1984 vel
225 1931 390 1991 observator
413 1936 457 1991 uel
478 1938 559 1991 heres
583 1937 669 2006 pacis,
698 1937 734 1993 ad
759 1946 761 1981 :
792 1945 851 1995 eta
872 1938 1115 2008 contemptoribus
1132 1933 1275 2004 Evengehi
1292 1938 1320 1987 et
1336 1930 1381 1986 in-

145 2015 244 2084 paeenr
261 2011 397 2063 aeteruam
422 2009 577 2076 ordinatus,
592 2013 682 2065 veniet
706 2014 735 2065 et
759 1990 761 2073 l
793 2010 1097 2081 diguis.Vel,ercutite
1114 2004 1379 2076 pulvercmpedum‚

148 2085 307 2155 requiescet
332 2096 414 2151 super
435 2083 514 2135 illum
525 2098 586 2152 pua
600 2086 702 2150 uestra,
717 2097 734 2137 a
758 2088 761 2103 ²
791 2083 819 2137 id
834 2090 876 2136 est
891 2082 965 2136 levia
979 2087 1092 2150 peccata
1106 2094 1169 2157 uiue¹
1183 2079 1277 2131 solent
1287 2091 1326 2156 er
1339 2080 1381 2130 ta-

147 2144 226 2200 vobrs
250 2152 380 2205 nuntiata
413 2158 441 2206 ct
466 2154 506 2205 eis
530 2159 637 2222 optata,
667 2153 733 2222 quia
759 2110 761 2197 l
790 2152 864 2207 libus
889 2152 1019 2206 accidere
1050 2150 1135 2203 etiam
1165 2163 1192 2200 m
1216 2145 1383 2201 homrnrbus

147 2216 239 2293 oratio
267 2227 360 2274 uestra
386 2220 593 2290 etpraedicatiu
619 2223 734 2277 habebit
758 2268 760 2309 Ι
791 2222 933 2292 perlectis.
963 2219 1105 2274 bloraliter
1133 2217 1216 2286 pedes
1242 2218 1383 2284 jubentur

148 2283 187 2338 rbr
215 2284 364 2355 ellectum3
398 2293 590 2360 recipientque
617 2293 733 2360 pacifice
758 2324 760 2355 ,
791 2291 882 2346 excuti
900 2289 930 2343 in
955 2288 1066 2357 siguum
1084 2286 1256 2343 excussionis
1273 2287 1384 2342 terreni

145 2360 270 2435 vestram
283 2360 450 2424 doctrinam,
465 2366 493 2414 et
505 2369 732 2429 sequentuream
758 2360 761 2375 ¹
790 2360 942 2431 appetitus,
956 2360 1000 2415 uel
1014 2361 1147 2414 humanae
1165 2358 1264 2413 leudis.
1284 2359 1385 2414 Prohi-

146 2444 210 2498 quae
237 2440 371 2500 provocat
390 2433 425 2485 ad
455 2446 551 2500 pacem
582 2436 730 2487 aeternam.
758 2466 761 2507 ᾗ
790 2432 894 2488 beutur
926 2447 994 2502 ergo
1024 2431 1053 2485 in
1083 2431 1318 2500 predicatoribus
1351 2435 1382 2486 et

147 2501 180 2582 Sl
207 2507 298 2557 autem
318 2502 761 2573 rronsucritdipno,idestadt
792 2500 915 2574 praelatis
958 2502 1136 2557 sarcinarum
1172 2502 1380 2574 multiplicitas,

148 2579 235 2630 urtam
268 2583 405 2631 aeternam
441 2591 498 2630 non
527 2576 669 2643 ordinata,
705 2579 761 2631 etr
792 2575 1054 2640 victuseuriusitaS,
1077 2573 1276 2642 temporalium
1297 2575 1382 2643 cupi-

148 2645 242 2702 nullus
265 2647 425 2703 doctrinam
451 2654 573 2701 vestram
596 2646 734 2716 receperit
759 2648 761 2719 j
793 2646 876 2714 ditas,
886 2645 1004 2701 vestium
1015 2644 1384 2716 superlhutaspustnbilitas

148 2722 176 2771 et
193 2723 306 2774 secutus
320 2720 414 2785 luerit,
433 2734 481 2773 ros
495 2726 589 2772 tamen
607 2734 661 2772 non
676 2717 734 2773 eri·
792 2723 821 2773 et
836 2717 975 2771 malorum
988 2718 1272 2772 communicabilitas.

147 2787 182 2841 tis
214 2790 275 2844 sine
302 2790 395 2844 lructu
425 2806 476 2843 nec
504 2789 604 2856 privati
632 2789 733 2844 merito
759 2788 761 2859 j
831 2788 1012 2854 rlptiusrrrns
1040 2806 1148 2843 neceam
1174 2806 1383 2845 ensurcsronsrr

147 2863 254 2916 vestro:
276 2862 342 2931 quia
354 2877 413 2929 pec
429 2864 530 2926 vestro,
546 2860 572 2912 id
588 2866 632 2914 cst
647 2860 734 2914 meri·
759 2862 761 2945 l
792 2876 1000 2915 uercnnuurrus.
1015 2891 1043 2899 -
1054 2862 1205 2915 Etneleris
1216 2861 1383 2929 culpavlde-

147 2933 207 2984 tum
225 2935 253 2985 et
279 2947 386 2985 merces
404 2939 508 3000 ‹rprtutae
529 2930 615 2999 pacis,
641 2946 733 2986 rever·
758 2952 761 2997 g
792 2939 857 2987 atur
870 2933 1019 3000 Aprustulos
1047 2948 1102 2985 mm
1120 2931 1257 2999 recipere,
1285 2930 1382 2988 subdit

148 3003 220 3055 tetur
234 3002 272 3056 ud
285 3018 342 3057 uos.
353 3005 421 3057 h'am
435 3002 513 3056 vohis
525 3017 542 3055 a
558 3003 614 3056 beo
627 3017 734 3058 recom-
758 3012 761 3107 p
793 3003 927 3060 Dominus
939 3019 946 3057 :
956 3003 1113 3057 Amendico
1127 3004 1220 3057 cobis:
1239 3004 1380 3058 Tolerabi-

148 3071 324 3141 pensabitur:
341 3080 370 3129 et
395 3073 524 3144 quamvis
548 3088 605 3128 nun
631 3075 735 3130 habeat
758 3114 761 3171 Ι
781 3075 846 3128 lius
865 3076 917 3128 erit
931 3080 1011 3128 terra
1023 3075 1211 3137 Sodomorum,
1227 3080 1252 3128 et
1270 3075 1383 3130 Gomor-

148 3150 285 3213 quantum
304 3146 339 3200 ad
364 3146 438 3216 ipsos
456 3145 597 3209 ellectum,
614 3161 664 3200 vos
688 3152 732 3200 ta-
758 3178 761 3207 ,
790 3146 925 3200 ritmorum
937 3147 967 3200 in
981 3145 1027 3199 dic
1037 3146 1242 3216 judieii,quom
1256 3148 1378 3201 illiciet·

147 3230 214 3271 men
227 3215 368 3273 habebitis
390 3218 549 3272 mercedem
575 3216 641 3271 inde
658 3216 733 3287 apud
758 3258 761 3285 ,
791 3219 855 3284 tati,
871 3217 898 3271 id
913 3225 954 3271 est
969 3217 1176 3272 habitatoribus
1190 3218 1264 3273 iltius
1279 3217 1380 3272 civita·

147 3287 247 3359 Deum,
265 3305 350 3358 aouo
363 3303 412 3358 pro
428 3288 524 3343 labore
542 3288 625 3342 vestri
640 3287 734 3357 operis
759 3338 761 3345 .
790 3289 836 3356 tis,
855 3304 918 3359 quae
948 3290 1088 3359 spreverit
1105 3305 1164 3355 voe,
1186 3297 1214 3345 et
1233 3304 1381 3344 sermones

145 3359 282 3417 reddetur
295 3362 373 3417 vobis
389 3360 535 3428 praerniom
562 3362 736 3429 Eleaticum·
791 3365 909 3415 vestros.
927 3361 1014 3430 liujus
1039 3358 1111 3415 ratio
1140 3366 1194 3431 est,
1219 3360 1378 3415 secundum

147 3446 200 3501 que
213 3448 268 3489 nore
280 3435 411 3504 receperit
424 3447 471 3487 cos
491 3433 623 3500 hospitio,
640 3448 734 3487 neces·
790 3434 996 3500 Hieronymum.
1012 3433 1078 3503 quia
1100 3432 1154 3486 illis
1170 3448 1225 3487 non
1240 3430 1293 3486 luit
1308 3446 1382 3502 prae·

146 3504 222 3560 saria
234 3504 313 3560 vobis
329 3506 525 3570 rumistrando,
545 3518 632 3573 neque
650 3504 735 3558 audi·
791 3504 938 3560 dicatum:
960 3503 1026 3558 huic
1040 3510 1134 3559 autem
1149 3519 1212 3558 cum
1241 3504 1380 3573 praedica-

147 3576 200 3630 ertt
215 3591 350 3631 sermones
373 3580 475 3630 cestros
509 3574 606 3629 vestris
623 3575 736 3628 monitis
791 3580 851 3629 tum
867 3576 913 3641 sit,
925 3589 982 3629 non
1002 3576 1109 3644 recepit
1124 3576 1319 3645 evangelium.
1336 3575 1380 3642 Et,

146 3643 598 3714 obtemperamlo,eaeuntessorus
612 3645 734 3698 dedomo
791 3645 946 3700 secundum
971 3645 1128 3713 Redonum,
1150 3648 1216 3716 quia
1236 3646 1274 3699 illi
1289 3644 1382 3700 solum

145 3714 189 3767 ecl
202 3717 315 3770 ciuitate
335 3716 393 3782 illa,
408 3715 677 3783 excutitepulucrem
703 3715 736 3767 de
760 3747 762 3794 ,
791 3715 883 3784 legem
906 3719 1016 3770 naturae
1040 3719 1209 3787 transgressi
1232 3722 1308 3780 suut,
1332 3717 1382 3772 sed

145 3784 264 3854 pedibus
287 3790 396 3852 cestris,
419 3790 449 3839 iu
466 3787 650 3838 testimonium
675 3784 736 3838 illis
792 3785 836 3839 isti
857 3785 942 3839 etiam
967 3785 1069 3856 Legem
1098 3787 1231 3857 scriptam
1256 3794 1285 3843 et
1306 3787 1382 3843 dieta

147 3854 735 3925 sivesignom,scilicettrrptex:0uootam
791 3856 999 3925 Prophetarum
1023 3863 1053 3913 et
1077 3861 1288 3929 Apostolorum.
1319 3860 1380 3914 Non

147 3930 173 3982 et
185 3927 276 3982 sudat
288 3931 369 3995 cipue
389 3930 497 3997 petunt,
512 3929 542 3980 ct
556 3941 615 3981 mos
627 3923 736 3979 luitlu·
791 3925 824 3981 ht
843 3927 1017 3996 comparatio
1045 3930 1158 3998 horum,
1180 3936 1318 4001 quesitum
1345 3929 1381 3986 ad

148 3997 732 4072 daeorumtyprcisettigurutivisutiope-
790 4002 937 4069 peccatum
977 4001 1100 4070 carnale,
1127 4016 1184 4071 quo
1228 4001 1382 4058 Sodomitae

148 4071 448 4133 ribus-Primumut
463 4069 730 4146 dicitllieronpmus,
758 4068 760 4129 l
790 4069 904 4141 gravius
932 4071 1096 4139 peccabant,
1112 4074 1162 4127 sed
1186 4083 1326 4143 quantum
1341 4071 1378 4128 ad

148 4143 177 4199 in
203 4143 396 4199 testimonium
419 4139 526 4195 laboris
547 4137 602 4207 sui,
627 4139 735 4194 sedicet
757 4184 759 4191 ,
790 4146 936 4208 peccatum
949 4141 1178 4211 inhospitalitatis
1193 4161 1248 4215 quo
1261 4145 1305 4199 istl
1319 4157 1379 4199 rna-

167 4215 225 4270 uod
238 4213 267 4270 in
290 4215 358 4270 rossi
372 4218 438 4269 sunt
452 4211 595 4266 civitatem
610 4216 639 4265 et
656 4224 732 4279 prae-
756 4250 759 4257 .
789 4212 832 4284 gis
846 4212 1011 4282 peccabant.
1027 4214 1066 4268 lle
1093 4213 1150 4270 illis
1171 4219 1246 4271 emm
1273 4216 1380 4270 dieitur

146 4227 251 4342 dicato
279 4287 316 4343 ad
343 4286 406 4342 illos
437 4282 576 4355 pervenit.
607 4280 759 4357 Excutilel
790 4283 1083 4355 quodepenomonum
1103 4302 1157 4342 non
1176 4287 1380 4360 porripebont3
