2880 4942
533 308 575 362 llll
603 308 751 365 ristona
779 308 897 362 Ol'll'll.
1289 306 1335 364 303

103 418 259 492 descriptio
277 415 345 476 boni
365 414 488 489 pastoris
510 418 539 471 et
555 413 687 497 signnm,

104 493 187 550 ualde
200 490 359 547 timendum
374 492 417 545 est
429 487 473 568 de·
479 492 623 559 paucitate
637 487 688 570 bo-

103 579 207 622 norum
231 567 385 635 pastorum.
406 559 488 615 Cadit
504 560 579 614 enim
597 559 691 616 bestia

102 634 236 710 proximi,
251 630 371 690 etmulti
387 646 451 688 eain
465 629 631 699 sublevant;
645 645 691 713 ca·

103 707 146 766 dil
163 706 261 764 anima
275 702 356 776 justi,
371 707 400 759 et
419 709 535 760 nonest
551 718 584 759 cii
599 718 690 759 omni-

101 781 157 838 bus
179 777 253 835 caris
268 777 329 832 e'us
344 775 392 847 qui
408 790 472 832 eam
495 773 611 841 relevet,
627 789 690 831 cum

101 856 197 908 tamen
209 793 330 929 quilibet
344 848 410 929 plns
424 852 557 903 teneatur
571 845 692 917 diligere

100 922 231 981 animam
249 934 383 993 proximi,
422 933 489 975 uam
507 934 610 991 corpus
624 933 692 989 pro·

100 993 207 1068 prium.
224 991 280 1049 Sed
294 935 439 1073 quompflo
463 1005 514 1061 pro
534 1005 569 1046 ea
591 1004 693 1061 corpus

101 1081 199 1123 mcum
215 1078 334 1136 ponam,
347 1077 396 1133 qui
411 1077 464 1118 uec
478 1075 541 1118 rem
551 1065 695 1133 tempora·

102 1137 161 1194 lein
180 1137 249 1193 dare
263 1134 338 1204 volo,
354 1139 386 1190 ut
399 1146 463 1190 eain
476 1149 491 1189 a
506 1139 622 1215 peccato
636 1131 695 1189 eri·

124 1207 203 1265 iaiiil
218 1209 252 1264 Et
266 1210 336 1263 nota
352 1205 429 1276 quod
449 1220 521 1286 mori
541 1220 592 1277 pro
607 1220 694 1278 grege

103 1224 255 1338 flaminica
268 1280 362 1350 potest
377 1292 440 1334 esse
455 1275 605 1348 tripliciter
620 1295 629 1332 t
643 1280 694 1333 aut

104 1368 157 1424 pro
172 1350 235 1421 ipso
244 1349 279 1406 de
290 1349 366 1406 bono
376 1347 404 1404 iii
415 1347 516 1405 melius
527 1363 693 1420 promoven·

104 1423 153 1490 do,
170 1427 199 1479 et
212 1423 253 1479 sic
263 1425 307 1478 est
320 1419 581 1492 supererogationis
603 1435 692 1491 quan·

103 1500 165 1552 tuni
175 1494 212 1552 ad
226 1508 326 1550 omnes
336 1490 480 1563 praelatos,
491 1491 541 1548 sed
555 1461 592 1548 ad
606 1506 695 1573 opera

104 1563 368 1638 supererogationis
388 1563 480 1619 nullus
498 1568 621 1630 leuetur,
637 1578 693 1619 uisi

103 1645 170 1694 volo
191 1652 223 1693 se
242 1633 421 1702 astrinxerit;
442 1638 492 1689 aut
508 1649 561 1706 pro
577 1633 639 1707 ipso
656 1635 693 1692 ab

102 1708 272 1766 imminente
307 1705 414 1763 ericulo
433 1704 593 1775 liberando,
608 1710 636 1762 et
652 1705 692 1762 sic

101 1784 219 1837 tenetur
238 1722 357 1850 quilibet
379 1777 526 1859 praelatus,
542 1777 611 1859 quia
632 1794 692 1834 sus-

102 1851 172 1924 cipit
196 1866 294 1908 curam
317 1848 459 1906 Dominici
477 1864 586 1920 gregis,
602 1853 632 1906 et
657 1849 693 1906 de

102 1940 190 1981 mauu
206 1924 269 1994 ejus
284 1920 448 1993 requiretur
460 1936 511 2002 sau
553 1919 629 1989 inis;
644 1927 694 2002 aut

101 2010 155 2068 pro
168 1994 231 2067 ipso
242 1993 270 2050 in
284 1999 412 2050 extremo
425 1997 547 2050 articuo
565 2007 692 2049 uecessi-

101 2066 169 2124 tstis
183 2065 336 2134 consituto,
351 2063 399 2135 qui
414 2079 473 2120 nou
487 2069 581 2136 potest
595 2065 695 2121 evade

102 2155 134 2195 re
150 2137 373 2204 damnationem,
386 2133 442 2192 nisi
456 2136 542 2191 bomo
557 2135 641 2192 morti
652 2151 694 2192 se·

104 2215 164 2267 met
183 2214 316 2281 exponat,
336 2218 364 2264 et
381 2206 423 2264 sic
442 2212 486 2263 est
505 2208 693 2277 necessitatis,

102 2281 174 2338 sicut
187 2280 312 2337 vendere
327 2295 381 2335 sua
394 2284 423 2335 et
437 2278 507 2335 dare
519 2278 694 2351 pauperibus

107 2351 138 2409 in
156 2356 283 2409 extrema
306 2349 477 2408 necessitate
496 2349 691 2407 existentibus.

105 2424 162 2482 Sed
176 2424 323 2481 sciendum
339 2422 425 2494 quod,
442 2421 464 2479 si
477 2425 520 2478 est
531 2421 693 2494 persecutio

125 2494 259 2566 eneralis,
273 2510 336 2567 quae
352 2493 457 2567 populo
469 2492 615 2576 iudicitur,
625 2499 693 2550 tunc

102 2512 190 2624 fiebat
200 2572 299 2640 pastor
311 2581 342 2622 se
356 2580 512 2637 opponere,
525 2568 554 2622 et
567 2580 692 2621 animam

101 2654 185 2695 suani
198 2654 314 2708 ponere,
329 2653 365 2693 ne
381 2642 456 2693 totus
464 2651 532 2707 grei
544 2634 691 2709 disperga-

102 2714 166 2777 tur,
179 2708 203 2766 ai
215 2725 283 2766 vero
295 2713 340 2765 est
351 2708 508 2779 persecutio
518 2708 691 2780 personalis,

100 2786 131 2839 et
146 2780 206 2853 ipse
222 2781 300 2838 solus
315 2778 465 2852 quaeritur,
480 2783 547 2837 tuuc
561 2778 629 2837 licet
646 2780 690 2837 lu·

100 2868 170 2927 gere
182 2851 420 2925 persecutionem,
431 2850 560 2924 exemplo
572 2850 690 2923 Christi,

101 2924 151 2997 qui
164 2940 182 2980 a
194 2924 265 2981 facie
277 2923 397 2980 Herodis
406 2922 476 2994 lugit
489 2921 518 3005 ip
528 2925 689 2997 AEgyptum,

102 3001 131 3054 ct
146 2995 274 3068 exemplo
298 2994 389 3063 Pauli,
410 2993 459 3067 qui
482 2993 616 3053 dimissus
638 2997 691 3053 luit

103 3084 157 3142 per
171 3083 296 3137 murum,
312 3083 380 3124 oves
395 3081 519 3138 namque
535 3067 645 3125 Pastori
660 3067 690 3125 iii

105 3140 178 3197 coelo
196 3137 306 3197 sedenti
319 3137 496 3197 orationibus
508 3140 691 3197 commenda·

104 3212 165 3279 bat,
182 3227 213 3268 se
227 3216 322 3269 autem
336 3208 453 3266 utilitati
467 3224 566 3266 earum
578 3211 690 3282 lugien-

105 3283 143 3340 do
158 3283 308 3351 servabat;
329 3281 395 3338 binc
409 3280 451 3337 ait
477 3281 614 3338 Dominus
635 3300 642 3338 :
659 3285 692 3341 Sl

108 3371 157 3411 uos
171 3357 309 3426 persecuti
324 3355 432 3422 fuerim
453 3353 484 3407 in
497 3367 553 3409 uita
567 3356 689 3425 ciuitate,

104 3428 198 3495 sapite
212 3429 243 3483 in
256 3429 352 3482 allam.
366 3422 526 3495 Aliquando
538 3427 691 3484 autemde·

105 3498 153 3554 bet
162 3494 470 3571 lugere,uccanimam
483 3510 562 3552 suam
571 3513 689 3570 ponere,

101 3569 153 3626 sed
165 3569 307 3642 patienter
320 3571 484 3650 exspectare
495 3569 627 3639 3quando
635 3571 690 3628 sci·

103 3642 173 3698 licet
185 3645 296 3698 tuntum
312 3639 390 3709 lana,
415 3638 504 3695 idest
520 3644 690 3715 temporalia

103 3711 296 3785 diripiuntur,
308 3728 366 3769 non
382 3725 523 3784 personia.

139 3790 155 3840 b
170 3785 227 3843 Con
241 3801 427 3842 secessimus
449 3800 551 3843 riisron
566 3802 619 3843 uici
632 3803 689 3847 iioii

104 3857 220 3913 eoresrl
240 3886 275 3900 -
286 3858 473 3914 Mercenuri'us
487 3863 689 3918 ostentamen·

104 3930 174 3985 cede
200 3927 304 4000 dictus,
319 3929 363 3986 rel
378 3927 445 4012 quia
466 3929 596 3988 mercede
619 3949 688 3991 con·

104 3999 206 4057 ductus
220 4006 274 4070 cst,
289 4001 334 4058 iel
348 4017 415 4074 quia
427 4003 588 4061 mercedem
603 4006 691 4063 terre·

103 4087 171 4129 nam
190 4080 297 4146 sperat,
320 4079 345 4130 et
365 4076 415 4145 qui
432 4091 486 4131 noa
505 4083 554 4144 est,
575 4077 689 4162 proprie

102 4150 210 4217 poster,
221 4150 352 4219 quianon
366 4146 529 4206 attenditad
541 4164 690 4222 praemium

104 4216 205 4288 gloria
230 4217 364 4288 ccelesiis,
384 4218 434 4276 sed
452 4220 489 4278 ad
508 4223 691 4284 commodum
746 4228 787 4286 Cb

105 4286 148 4347 rei
160 4290 343 4364 temporatim
355 4288 422 4350 talis
435 4291 521 4368 euim,
532 4296 691 4357 seeundum

748 414 921 483 damonum,
945 414 1048 472 merito
1076 430 1181 474 nomen
1212 415 1335 489 pastoris

746 483 892 559 perdit,ao
907 486 982 568 quod
991 493 1136 545 terrenam
1147 488 1333 546 substantiam

748 558 1334 631 plusquamipsosovesdiligit.cujusideo

747 646 802 686 noir
820 633 885 685 sant
903 645 965 685 oues
988 634 1119 702 propria,
1145 632 1196 688 sed
1224 637 1334 690 tautum

748 702 922 773 usurpative,
934 701 1009 773 quod
1021 703 1123 774 probat
1132 703 1336 775 perellectum,

750 774 827 856 qnia,
838 789 902 830 cum
912 774 988 829 uidet
1000 775 1096 845 lupam
1105 777 1265 841 seuientem,
1278 775 1336 832 sci·

749 845 816 903 licet
826 844 982 913 diabolum,
993 851 1024 901 ut
1036 861 1102 902 ores
1110 845 1213 918 rapiat,
1224 846 1268 903 rel
1277 849 1336 903 bae·

750 915 870 974 relicum
886 921 916 973 ut
930 916 1064 987 decipiat,
1080 919 1123 974 rel
1138 923 1291 990 tyranuum
1305 922 1337 976 ut

751 988 938 1060 corporaliter
949 988 1068 1061 affligat,
1084 988 1190 1048 timeus
1202 991 1338 1047 damnum

751 1076 849 1117 rerum
861 1060 906 1117 rel
916 1061 1044 1134 corporis
1054 1060 1210 1133 incurrere,
1219 1063 1338 1119 dimittit

751 1147 824 1196 oues,
843 1131 996 1205 direptioni
1019 1138 1127 1205 patere,
1142 1139 1169 1190 et
1186 1137 1272 1204 fiipit,
1288 1139 1336 1191 ta-

751 1204 851 1271 cendo,
872 1219 930 1261 non
956 1202 1127 1275 resistendo,
1153 1211 1182 1263 et
1200 1205 1335 1263 auxilium

751 1274 881 1333 debiturn
896 1276 1099 1334 subtrahendo.
1109 1278 1181 1334 llum
1191 1277 1266 1334 euim
1276 1277 1338 1335 sola

752 1349 893 1405 exteriora
902 1348 1052 1406 commoda
1064 1349 1339 1420 requirit,interiora

752 1424 782 1476 et
800 1417 887 1476 etiam
900 1420 1040 1477 citeriora
1059 1420 1153 1494 gregis
1167 1422 1273 1479 damna
1287 1437 1336 1477 ne·

751 1491 892 1563 gligenter
906 1494 1023 1564 patitur,
1032 1498 1168 1550 etcoutra
1180 1496 1241 1550 haec
1256 1492 1336 1550 nullo

752 1563 813 1619 zelo
823 1563 997 1632 accenditur,
1009 1564 1144 1636 nulloque
1153 1565 1262 1622 lervore
1270 1565 1338 1622 dile·

751 1633 855 1690 etlonis
878 1634 1025 1693 excitatur.
1040 1639 1227 1694 Mercenari'us
1247 1643 1338 1694 outeiii

750 1708 836 1776 rupit,
864 1708 914 1763 uta
924 1712 1107 1764 mercenarius
1123 1709 1273 1778 est,solum
1288 1726 1336 1767 cu·

751 1793 820 1834 raus
854 1780 1009 1836 emercede
1022 1796 1040 1837 a
1053 1780 1131 1837 lucro
1143 1787 1172 1839 et
1185 1781 1336 1839 commodo

752 1849 913 1921 temporali,
928 1856 954 1907 et
967 1867 1022 1906 non
1034 1855 1154 1922 pertinet
1166 1853 1204 1908 nd
1218 1869 1288 1924 eam,
1306 1852 1336 1909 id

753 1928 796 1977 est
815 1920 852 1978 ad
872 1922 936 1994 ejus
963 1938 1072 1993 curam,
1099 1925 1133 1979 de
1163 1926 1270 1996 ouibus,
1301 1925 1337 1982 de

753 2007 875 2064 quarum
890 1992 1047 2065 perditione
1058 2012 1114 2051 uon
1127 1995 1296 2055 sollicitatur
1309 2002 1338 2054 et

752 2069 843 2134 curat,
869 2066 936 2137 quia
961 2081 1018 2122 nou
1039 2082 1136 2124 aiiiorc
1157 2084 1267 2139 earum,
1287 2068 1338 2127 scd

752 2151 804 2208 pro
819 2151 871 2194 sua
893 2137 1024 2194 mercede
1039 2140 1189 2211 temporali
1208 2140 1338 2210 laborat3

752 2224 831 2278 nam,
848 2209 1004 2266 secundum
1017 2212 1216 2283 Aupusti'iiam,
1232 2230 1289 2270 non
1300 2212 1341 2270 di-

751 2278 814 2352 ligit
839 2279 870 2336 iii
887 2282 988 2339 ovibus
1008 2283 1162 2353 Christum,
1182 2285 1233 2343 sed
1251 2287 1294 2344 lac
1309 2288 1338 2344 et

752 2351 856 2408 lanam.
875 2355 911 2408 Et
925 2355 1009 2424 lupus
1026 2358 1111 2426 rapit,
1133 2357 1169 2413 ad
1188 2357 1294 2415 malum
1309 2362 1338 2415 el

750 2423 907 2496 periculum
931 2427 1135 2509 pertrahendo,
1152 2434 1177 2485 et
1199 2431 1338 2503 disperqit

751 2511 822 2564 oves,
838 2495 874 2552 ad
891 2503 1001 2553 unitate
1016 2498 1143 2556 caritatis
1161 2506 1191 2558 et
1204 2502 1336 2560 Ecclesiae

751 2567 921 2638 separando,
936 2569 980 2625 rel
992 2571 1156 2642 allligendo.
1173 2574 1228 2631 Sed
1242 2577 1335 2632 bonus

750 2645 858 2709 pastor,
872 2639 1167 2715 advorsuspraedictos
1179 2644 1259 2717 lupos
1272 2648 1334 2704 ani·

751 2725 827 2767 main
846 2727 926 2768 suam
942 2714 991 2770 dat
1004 2714 1048 2772 iel
1104 2714 1167 2774 uit:
1185 2718 1253 2791 quia
1267 2717 1337 2776 resi-

748 2780 802 2865 stit·
822 2785 1027 2843 tentationibus
1072 2786 1169 2861 iaboli,
1189 2792 1336 2866 arguendo

749 2858 779 2911 et
794 2858 967 2928 increpando
980 2858 1067 2929 ritia;
1092 2862 1199 2922 resistit
1215 2863 1335 2923 fallaciis

748 2926 957 3014 haereticomm,
970 2932 1151 3005 praedicando
1168 2953 1253 3010 rera;
1266 2936 1335 2997 resi·

748 3002 796 3055 stit
810 3004 1056 3085 persecutionibus
1066 3009 1333 3081 malomm,orando

748 3078 777 3153 et
792 3088 843 3142 pro
856 3089 897 3130 eis
909 3079 1086 3148 implorando
1100 3082 1215 3142 coelesle
1229 3086 1335 3143 benell·

748 3158 833 3225 cium.
848 3147 943 3205 Bonus
956 3158 1053 3220 pastor
1067 3158 1169 3223 quaerit
1181 3158 1334 3216 utilitatem

748 3230 858 3296 oyium;
873 3218 923 3274 sed
934 3222 1025 3278 mulus
1037 3230 1134 3296 pastor
1144 3233 1172 3284 et
1182 3245 1334 3288 mercena-

748 3292 1337 3378 rius,commodumpropriumllonuspa·

748 3364 809 3415 stoi
825 3360 922 3441 ridens
940 3363 1035 3447 lupum
1057 3369 1228 3445 venientem,
1244 3375 1274 3433 id
1292 3382 1335 3435 est

747 3433 933 3514 tentationem
949 3436 1128 3515 diabolicam,
1139 3445 1335 3522 deceptionem

747 3502 921 3572 hereticam,
937 3512 980 3566 rel
992 3516 1130 3574 saevitiam
1143 3521 1332 3600 tyrannicam,

747 3578 865 3660 opponit
886 3594 927 3661 se,
945 3582 1073 3644 subditos
1087 3597 1186 3650 contra
1203 3596 1277 3656 bunc
1292 3599 1332 3656 lu·

746 3662 814 3720 puni
830 3652 970 3723 triplicem
980 3661 1075 3740 tuetur
1084 3668 1113 3720 et
1122 3664 1267 3743 delendit;
1281 3672 1331 3731 sed

746 3720 838 3778 malus
861 3728 1048 3811 pastornlugit
1067 3739 1095 3792 et
1113 3737 1231 3800 dimittit
1254 3762 1332 3817 ores,

746 3808 798 3849 uec
812 3794 982 3876 adversariis
1006 3806 1121 3867 resistit.
1140 3814 1220 3874 Unde
1235 3817 1265 3877 iu
1279 3823 1333 3879 Za·

746 3866 866 3925 charia:
884 3869 907 3927 0
928 3881 1036 3946 pastor,
1052 3886 1078 3938 et
1092 3884 1198 3945 idolum
1213 3891 1331 3951 decliu-

747 3954 831 4009 queiis
842 3950 972 4028 prepeml
983 3948 1067 4016 Quasi
1083 3954 1190 4017 diceret
1204 3978 1211 4018 t
1226 3966 1287 4023 Non
1302 3983 1334 4025 es

746 4014 853 4094 pastor,
868 4016 918 4073 sed
930 4023 1158 4100 'similitudinem
1180 4039 1209 4090 et
1227 4035 1334 4098 idolum

746 4099 823 4155 geris
832 4095 953 4158 pastoris
964 4109 971 4161 ;
981 4094 1073 4155 bouus
1083 4108 1179 4172 pastor
1190 4123 1246 4166 uon
1259 4128 1334 4185 quae-

745 4170 813 4237 rens
840 4174 903 4241 que
929 4178 980 4221 sua
1000 4175 1076 4242 sunt,
1105 4175 1156 4232 sed
1179 4195 1243 4252 quai
1263 4188 1332 4246 lesu

765 4297 771 4310 Ι
789 4234 860 4311 risu,
874 4249 960 4316 supra
974 4254 1090 4313 gregem
1110 4263 1193 4310 suum
1208 4257 1329 4320 sollicita

745 4300 854 4377 vigilat,
864 4312 993 4379 cogitans
1005 4317 1133 4385 quotidie
1144 4338 1230 4397 quim
1240 4333 1326 4393 ratio·
