2880 4942
145 354 192 409 tto
522 358 634 413 Putitii
662 355 781 413 tlntls
809 356 912 411 otton
940 356 998 413 xci

149 466 273 527 ctrcrba
283 467 549 536 sauctadiscnntuc,
560 476 591 527 ut
602 468 640 528 lbi
653 488 658 527 :
672 471 737 540 Oua

148 540 245 595 sedens
268 556 344 598 scens
365 541 449 613 pedes
468 544 587 605 Domini,
601 546 672 611 etc.;
687 542 734 601 abi

148 617 176 666 ct
191 611 296 681 gaudia
313 618 496 682 renovantur,
511 621 541 670 at
554 613 592 670 ibi
610 616 736 674 :Acces-

146 690 240 741 serant
256 688 281 741 et
296 690 440 743 tennerunt
453 685 534 756 pedes
548 685 618 757 ejus,
632 693 685 743 etc.
699 690 736 744 Et

146 759 256 812 euronii
265 772 318 822 eos,
331 755 391 812 solo
402 756 498 815 verbo.
513 756 562 815 ille
572 759 677 833 quippe
688 775 734 815 so·

145 824 173 882 io
199 827 286 885 carbo
310 832 420 899 poterat
443 844 553 899 curare,
574 829 621 900 qui
644 833 735 891 totuin

144 898 282 957 mundum
295 898 356 957 solo
371 900 459 958 verbo
478 901 514 961 do
537 901 627 959 nihilo
643 902 736 974 potuit

145 985 255 1039 creare,
271 973 312 1027 ito
335 976 367 1028 ut
386 973 474 1030 turba
491 976 670 1039 mirarentur,
690 978 733 1031 oi·

145 1040 239 1098 dentes
253 1047 343 1101 miitaa
357 1045 506 1116 loquentes,
514 1047 627 1105 ciendos
641 1047 735 1105 omiu-

145 1113 733 1184 lantes,caecosuidentes,scillcetomnesiu-

144 1184 379 1258 ssrmossanatns3
394 1195 420 1245 et
427 1192 642 1261 magnificabant
650 1194 734 1249 Derim

143 1260 231 1315 israel
251 1277 258 1318 ε
281 1259 359 1331 qula,
389 1263 546 1321 secundum
573 1264 732 1334 Clitnsosto·

144 1346 229 1395 mum,
245 1332 395 1391 multitudo
411 1350 510 1393 eorum
525 1334 573 1402 qul
593 1335 731 1394 cui-abau-

144 1405 201 1469 tur‚
215 1408 244 1461 et
261 1404 382 1462 facilitas
395 1405 553 1464 sanationis
568 1423 615 1463 eos
630 1406 659 1463 in
673 1412 731 1464 stu-

143 1488 243 1544 potem
260 1475 399 1533 mittebat.
413 1480 463 1537 liic
478 1477 555 1536 enim
568 1477 595 1534 iu
609 1478 731 1549 quodam

143 1545 268 1615 generali
282 1546 477 1620 multiplicavit
487 1550 730 1617 multamiracuia,

143 1622 172 1672 et
185 1615 361 1698 diuersorum
376 1635 525 1702 generum,
541 1627 732 1751 quapropter

143 1686 353 1745 multitudinem
375 1707 405 1747 in
421 1692 582 1762 particulari
629 1692 730 1751 ascribi

142 1775 199 1815 noa
210 1765 355 1842 'poterant
371 1779 378 1821 ς
395 1762 471 1835 quia,
488 1762 511 1820 al
526 1762 555 1820 iu
565 1764 730 1839 particulari

143 1833 362 1903 explicarentur,
376 1851 465 1893 unum
478 1852 524 1894 ma
545 1852 612 1893 oiim
625 1837 730 1896 librum

142 1902 314 1975 implerent;
331 1912 448 1988 propter
465 1852 544 1981 quod
558 1907 626 1967 dicit
643 1911 728 1969 toan·

141 1991 203 2044 nea,
220 1976 295 2047 quod
315 1993 338 2033 si
361 1979 456 2035 omnia
477 1984 549 2037 iacta
568 1980 672 2038 Christi
687 1997 729 2037 es·

142 2053 205 2103 sent
221 2048 335 2131 scripta,
345 2054 422 2107 totus
434 2053 556 2109 mundus
568 2069 622 2108 non
634 2057 730 2125 posset

141 2134 243 2201 capere
267 2122 366 2189 libros,
389 2123 436 2192 qui
461 2124 601 2181 scribendi
622 2130 726 2181 essent.

143 2191 227 2247 Ponit
243 2208 310 2263 crgo
326 2192 372 2248 blo
388 2194 625 2266 multiplicitatem
646 2197 727 2252 insir-

141 2277 266 2344 morum,
280 2270 309 2321 et
319 2264 481 2336 specialiter
492 2267 582 2339 tangit
595 2274 727 2339 quatuor,

141 2334 247 2415 scilicet
264 2351 271 2393 t
291 2342 394 2403 mutos,
417 2338 545 2407 claudos,
571 2356 672 2409 cacos,
700 2345 729 2397 et

140 2405 258 2463 debiles.
270 2407 462 2478 spiritualiter
473 2415 566 2468 mutos
578 2412 725 2481 babemus,

141 2493 173 2534 en
182 2478 292 2536 deiectu
304 2480 369 2539 boai
381 2484 538 2550 sermonis;
553 2484 681 2552 claudos,
693 2501 726 2541 en

139 2548 250 2609 deiectu
276 2551 344 2611 boui
365 2553 478 2626 operis:
501 2571 601 2622 cecos,
622 2573 655 2613 ax
680 2556 728 2613 de·

139 2620 214 2678 iectu
238 2639 313 2681 verm
335 2625 522 2697 cognitionis:
544 2627 666 2695 debiles,
689 2643 726 2686 ex

141 2692 253 2753 deiectu
277 2697 360 2754 boare
382 2697 545 2756 volontatis.
570 2702 604 2756 Et
627 2706 727 2757 notan·

141 2763 217 2847 dam,
235 2767 380 2838 quoniam,
396 2772 553 2828 iocundum
573 2772 726 2840 Ortospana,

140 2851 232 2919 primo
247 2844 290 2894 est
307 2839 439 2919 debilitas
453 2841 483 2897 in
499 2842 659 2910 volantatc;
680 2843 727 2899 de

141 2911 218 2972 mile,
241 2915 369 2978 sequitur
385 2911 497 2968 cacitas
513 2915 540 2969 ln
560 2913 682 2979 ratione,
699 2919 726 2969 et

138 2978 179 3036 alc
194 2978 332 3035 claudicat
348 2979 376 3035 ln
392 2984 574 3053 operatiouc;
590 2989 619 3040 ot
635 3000 667 3039 ex
683 2984 727 3041 bis

142 3050 271 3132 sequitui·
291 3051 407 3109 mutilas
427 3054 553 3111 adlriua
569 3056 663 3122 laude,
677 3055 727 3111 sed

140 3123 186 3179 bic
201 3121 369 3180 ordinantur
384 3127 541 3184 secundum
558 3127 729 3199 magnitudi-

141 3211 207 3251 nem
229 3196 399 3254 nocumenti.
417 3198 467 3254 Ubi
489 3200 586 3257 Gtosso
603 3220 611 3256 :
630 3220 643 3251 ci
660 3199 727 3257 ltiutl

141 3274 329 3336 autemeam,
346 3270 394 3340 qui
412 3288 467 3327 non
485 3271 602 3328 laudant
618 3274 726 3340 Deum3

141 3339 219 3404 caci,
236 3340 284 3411 qul
300 3358 356 3397 non
378 3342 540 3414 intelligunt
553 3344 628 3401 riam
643 3343 726 3412 vitae;

141 3411 245 3479 claudi,
262 3411 309 3484 qui
326 3429 376 3485 per
393 3415 474 3471 devia
494 3415 559 3471 boni
580 3415 684 3488 operis,
700 3421 728 3472 et

140 3499 198 3539 uon
221 3492 296 3540 recte
321 3491 439 3554 euntes;
456 3487 564 3544 debiles
584 3493 659 3556 sunt,
680 3487 727 3559 qul

141 3553 248 3611 infirmi
264 3562 328 3611 suut
344 3555 371 3612 iu
387 3557 468 3614 bonis
481 3559 624 3631 operibus.
637 3562 729 3616 llutos

142 3642 210 3698 ergo
237 3632 328 3694 curat,
345 3644 408 3683 cum
436 3646 534 3686 eorum
564 3630 676 3704 linguas
700 3631 730 3686 iu

142 3696 255 3754 laudem
284 3700 327 3754 sui
356 3699 499 3758 Creatorls
521 3703 623 3772 soltit3
639 3719 730 3761 carros

143 3769 293 3836 illuminat,
310 3786 375 3827 cum
390 3770 589 3854 ignorantibus
608 3774 729 3846 cogniti-

142 3857 226 3899 onem
246 3858 305 3899 suae
328 3842 427 3900 salutis
451 3844 587 3914 iniuadit;
615 3847 730 3903 claudos

141 3920 234 3983 sanat,
261 3929 323 3971 cum
352 3915 380 3970 ln
405 3915 449 3973 via
471 3917 589 3988 J'ustitini
615 3934 729 3988 gressus

141 4001 241 4043 eorum
255 3985 353 4057 dirigit
365 4003 372 4057 ς
385 3986 493 4046 debiles
506 3987 650 4056 fortificat,
665 4005 728 4047 cum

141 4056 238 4130 pigros
254 4063 281 4114 ct
300 4057 458 4118 accidiosus
484 4060 596 4133 operari
624 4062 728 4119 bouum

142 4129 263 4187 viriiiter
287 4131 362 4187 iacit.
382 4134 482 4189 Turbae
502 4149 568 4189 recu
589 4134 729 4191 mirantur

141 4205 169 4256 et
186 4203 275 4258 ilciim
295 4204 468 4273 gioiiiicant,
485 4221 547 4263 cum
569 4220 601 4260 ea
625 4204 728 4262 talibus

140 4272 426 4354 mutationibusque
446 4284 512 4337 suat
534 4277 655 4334 dexterae
679 4279 729 4334 Ex-

142 4343 209 4399 celsi
232 4345 322 4402 iteum
341 4346 470 4407 laudaut.
487 4369 501 4402 n
516 4348 569 4406 Ubi
587 4352 616 4405 ct
636 4349 728 4408 Robo-

790 483 843 527 nno
858 485 867 525 .·
884 464 1047 525 «Ascendit
1071 470 1170 527 autem
1194 467 1229 525 iu
1249 474 1374 529 montem

792 544 822 597 ut
844 536 952 597 scillcet
976 537 1121 597 auditores
1147 556 1221 598 auos
1242 513 1384 613 erigatad

791 627 915 680 superna
938 616 966 669 et
987 610 1115 671 coelestia
1135 612 1329 685 meditanda;
1346 632 1385 673 se·

790 683 932 755 dcbatquc
957 681 1006 747 ibi.
1023 688 1054 741 ut
1078 683 1302 745 demonstraret
1331 704 1383 747 nou

790 754 844 812 alsi
860 753 889 813 la
905 754 1068 815 coelestibus
1081 756 1216 828 requiem
1231 774 1298 816 esse
1314 775 1385 831 que·

790 827 920 888 rendam.
935 829 974 885 Eo
986 832 1082 887 autem
1094 828 1218 889 sedente
1231 827 1260 889 iu
1277 836 1384 901 monte,

789 898 870 958 idest
884 899 912 956 ia
927 899 1065 959 coelorum
1079 915 1157 971 acce,
1171 903 1321 961 accedunt
1332 909 1385 961 tor·

790 970 976 1030 teudotion
994 971 1097 1031 devota
1109 976 1211 1031 mente
1227 973 1270 1031 ilii
1287 990 1385 1047 appio

789 1042 972 1116 plaudentes,
991 1043 1126 1102 ducentes
1146 1060 1250 1103 iocum
1280 1052 1373 1105 mutos

790 1120 818 1173 et
833 1114 1061 1184 caesenatis
1079 1114 1225 1187 intirmoa,
1241 1121 1272 1174 et
1286 1091 1385 1178 eosad
1429 1167 1434 1175 .

789 1187 878 1260 pedes
898 1188 965 1244 iesu
984 1186 1157 1270 projicluut3
1179 1187 1250 1261 qula
1269 1195 1386 1262 peccata

790 1259 959 1317 coufitentes
983 1258 1037 1331 ipsi
1056 1259 1109 1317 sob
1129 1260 1279 1318 curandos
1298 1262 1385 1334 subji-

789 1330 877 1389 ciunt.
889 1332 966 1398 Quos
977 1330 1016 1387 ita
1029 1335 1119 1401 curat,
1132 1336 1164 1391 ut
1173 1333 1270 1391 turbae
1280 1336 1385 1393 micea·

788 1409 835 1461 tur
849 1409 877 1461 et
897 1402 1081 1474 magniilcout
1094 1405 1184 1461 [tcum
1202 1405 1308 1487 lsrael,
1322 1405 1385 1477 qula

788 1475 888 1537 fidelos
908 1475 1024 1546 quando
1044 1473 1164 1532 viderint
1183 1491 1237 1533 eos
1256 1492 1309 1548 qui
1325 1476 1384 1550 spl-

789 1546 1160 1618 riluailteraegcotareruut,
1172 1546 1302 1605 diversis
1317 1566 1335 1605 o
1355 1565 1383 1607 a·

788 1618 869 1678 ribos
888 1618 1023 1677 victutum
1042 1619 1159 1687 ditatos,
1185 1619 1308 1679 taudem
1329 1565 1383 1679 deo

788 1691 942 1749 decantant
957 1710 993 1746 :s
1009 1691 1069 1749 baec
1082 1690 1227 1750 titanas.

825 1765 1011 1821 abiisanimo
1037 1765 1138 1823 Doaini
1162 1780 1251 1821 suren
1277 1782 1384 1823 ranam

788 1853 843 1892 anti
861 1853 1028 1899 saonenruu.
1053 1865 1085 1877 -·
1117 1833 1188 1891 Cum
1209 1852 1283 1908 ergo
1304 1837 1383 1893 tario

787 1909 877 1964 multo
896 1914 964 1963 esset
983 1922 1048 1965 eum
1064 1908 1145 1976 iesu,
1165 1923 1217 1965 nee
1240 1910 1382 1975 baberent,

788 1979 862 2050 qnod
872 1980 1081 2046 manducarent,
1091 1982 1249 2035 convocetis
1260 1981 1383 2051 discipti-

788 2052 911 2114 lissinis,
932 2051 1102 2122 loquebatur
1124 2065 1189 2106 cum
1211 2050 1254 2108 eis
1275 2052 1314 2109 de
1334 2053 1382 2108 boc

787 2122 862 2194 quod
883 2123 1008 2178 tacturus
1027 2126 1100 2178 crat.
1119 2122 1286 2179 Secundum
1306 2125 1381 2181 Glos-

786 2210 855 2257 sam,
863 2192 943 2267 prius
951 2193 1079 2252 Christus
1088 2192 1273 2251 intirmorum
1285 2195 1381 2252 debili·

787 2270 859 2323 tates
878 2265 1046 2334 abstulerat,
1064 2272 1163 2338 postea
1180 2281 1250 2323 vero
1272 2266 1380 2324 sanatis

786 2337 864 2395 cibos
884 2337 984 2406 oilert3
1006 2336 1074 2408 quia
1098 2335 1177 2410 prius
1202 2339 1380 2396 removenda

786 2413 852 2466 sunt
864 2413 990 2481 peccata,
1006 2414 1034 2465 et
1052 2417 1151 2481 postea
1167 2408 1268 2467 aalma
1286 2412 1380 2467 verbis

786 2481 835 2538 Dei
848 2480 1011 2540 nutrienda.
1022 2479 1117 2538 Voluit
1127 2487 1225 2538 uatem
1239 2481 1379 2539 Dominus

784 2552 864 2682 prius
874 2552 1029 2624 discipulos
1043 2567 1201 2610 convocare
1215 2557 1244 2610 ot
1257 2570 1324 2611 cum
1338 2553 1379 2611 eis

796 2624 861 2696 oqui
881 2624 1008 2694 pluribus
1021 2624 1057 2681 da
1072 2623 1166 2682 causis
1184 2640 1191 2680 :
1208 2623 1318 2696 prima,
1329 2641 1379 2682 se-

785 2697 908 2754 cuudum
934 2699 1141 2764 Hieronymum,
1171 2701 1202 2752 ut
1231 2697 1378 2769 magistris

784 2768 893 2826 tribuat
911 2768 1069 2840 exemplum
1089 2783 1147 2824 uon
1166 2783 1285 2840 semper
1299 2785 1377 2842 sper·

785 2857 852 2897 nero
868 2856 932 2897 cum
949 2839 1107 2896 minoribus
1124 2839 1285 2908 consiliari,
1301 2847 1329 2897 et
1343 2840 1378 2897 de

785 2912 903 2983 agendis
928 2912 1100 2983 quandoque
1131 2927 1180 2967 eos
1205 2911 1375 2982 consulem

785 2984 919 3052 secunda,
938 2982 1094 3040 secuudum
1124 2982 1272 3041 eumdem.
1294 2989 1325 3039 ut
1345 2999 1377 3039 ex

786 3055 973 3112 collocutione
989 3053 1147 3125 intelligant
1158 3053 1233 3124 signi
1248 3054 1378 3127 magnifi-

786 3127 925 3196 centiam;
943 3125 1038 3185 tertia.
1059 3130 1090 3182 ut.
1115 3127 1286 3182 ostenditur
1314 3142 1401 3183 ma-·

786 3198 905 3270 gnitudo
926 3197 1129 3255 misericordiae
1145 3213 1215 3264 sum,
1232 3213 1298 3268 qum
1313 3198 1376 3254 dlu-

786 3270 844 3326 tius
860 3269 1032 3326 intrinsecas
1048 3270 1210 3326 lateranen
1226 3272 1330 3341 potuit.
1345 3271 1378 3326 Et

787 3347 828 3399 nit
840 3344 919 3398 iltis:
936 3345 1067 3401 Misereor
1076 3357 1159 3411 snper
1170 3342 1292 3397 taciem.
1307 3344 1377 3398 Ecce

787 3415 905 3469 verbum
930 3413 1009 3469 mirre
1033 3411 1191 3469 dulcedinis
1210 3418 1238 3469 et
1257 3412 1376 3482 amoriS,

786 3485 944 3557 procedens
961 3501 993 3541 en
1007 3483 1218 3541 intimiscordls
1233 3484 1377 3554 medullis,

786 3566 815 3613 ct
829 3556 994 3628 pertingens
1007 3572 1058 3612 sno
1071 3555 1167 3626 rigore
1184 3557 1324 3627 usquead
1338 3556 1379 3613 iu·

786 3627 857 3684 tima
881 3634 989 3685 nostra.
1011 3629 1106 3710 Neque
1126 3626 1202 3709 onim
1228 3626 1304 3684 ailus
1323 3632 1378 3697 est,

787 3699 834 3772 qul
851 3700 956 3758 nostris
972 3699 1094 3756 miseriis
1108 3698 1148 3754 sic
1160 3705 1314 3756 miserator
1330 3699 1377 3769 sit,

787 3772 1028 3855 quemadmodum
1048 3770 1184 3831 Conditor
1206 3779 1318 3841 noster,
1331 3774 1379 3831 Cti-

784 3861 833 3914 Jiis
852 3847 1041 3900 miserationes
1069 3847 1266 3926 superomnia
1296 3860 1379 3919 epeia

787 3917 856 3986 ejas.
876 3918 934 3973 iioc
950 3918 1067 3973 verbum
1083 3915 1152 3972 dixit
1171 3915 1327 3988 apostolis.
1347 3920 1379 3973 ut

787 4004 886 4045 eornm
901 3987 1012 4045 animos
1027 3987 1064 4044 ad
1077 3986 1211 4059 pietatem
1224 3994 1253 4045 ot
1270 3988 1379 4045 miseri·

788 4059 915 4118 cordiam
930 4059 1078 4117 induceret
1096 4065 1125 4117 et
1141 4057 1305 4116 inclinaret.
1329 4060 1379 4116 Se·

787 4133 912 4189 cundum
937 4132 1072 4198 diossam,
1089 4136 1262 4204 compatitur
1278 4141 1311 4187 ut
1326 4147 1380 4189 ve-

787 4220 836 4260 rus
851 4204 948 4271 bomo,
964 4201 1054 4277 pascit
1070 4208 1099 4258 ut
1114 4204 1197 4261 Deus.
1214 4204 1247 4257 Et
1257 4203 1378 4274 subiun-

787 4275 864 4404 piton
882 4275 955 4333 ratio
980 4274 1173 4333 miserationis
1187 4273 1303 4348 duplex,
1323 4270 1379 4333 sci-

798 4353 855 4406 ioet
873 4345 1099 4419 :longanimitas
1123 4346 1221 4415 :Quia
1240 4362 1300 4404 ecoe
1315 4347 1378 4418 iam
