2880 4942
62 308 66 316 ’
114 342 161 397 isi
456 344 566 400 iiiiin
593 341 714 399 iiiiris
742 338 847 394 cirur
875 339 1013 395 iiixviii

116 446 289 509 tradicibilia
312 446 422 509 inducti
447 456 476 509 ct
494 447 636 522 conjuncti
659 451 700 504 le·
755 444 876 517 gloriam
887 446 1036 529 ‘coelestem
1049 462 1105 503 hon
1119 448 1270 519 queritis?
1288 447 1349 505 h'on

117 519 260 590 stimonia,
276 527 372 579 tamen
388 522 522 579 nolebant
540 521 656 578 credere
670 519 700 575 in
754 532 834 588 ergo,
847 533 913 589 quia
924 535 980 575 non
990 523 1052 575 erat
1062 523 1164 591 aperta
1175 518 1283 575 veritas
1292 536 1347 576 nori

117 608 192 650 euin,
210 594 289 650 Unde
303 593 372 650 dicit
388 612 395 650 :
409 598 446 650 Et
457 610 511 650 non
524 595 609 648 uultis
623 594 700 648 uerit-
755 590 926 658 credebant;
946 590 996 648 sed
1010 590 1077 662 quia
1091 590 1230 662 superbia
1238 607 1290 648 cos
1301 608 1348 647 eii-

115 680 146 721 rc
163 665 207 736 ¹ad
225 682 277 735 mc,
299 665 406 722 scilicet
421 682 472 737 per
496 665 593 732 sidem,
614 662 701 720 idest
755 662 889 728 caecabat,
899 677 962 741 qiiae
976 661 1087 720 laudari
1099 668 1166 720 etse
1179 679 1268 745 super
1277 662 1348 720 alios

114 752 174 793 non
198 736 282 793 vultis
305 738 422 794 credere
448 736 478 793 in
499 752 555 802 me,
569 740 598 792 et
620 750 700 792 ame
755 733 858 790 eilerre
873 733 1026 790 desiderat.
1041 735 1107 791 ldeo
1122 733 1199 791 enim
1215 735 1347 816 inchri-

115 809 503 948 llt‘tttltstllllt:
518 808 701 952 tntilli
756 805 1347 949 {tllitllttlltlllltliiltttlt

115 948 192 1007 aliud
207 949 327 1024 impedit
340 968 400 1021 ros,
414 951 470 1009 nisi
486 950 583 1009 odium
603 954 703 1007 contra
757 949 822 1005 deni
838 952 995 1021 appeteret,
1016 952 1045 1005 et
1068 965 1132 1006 sese
1159 964 1248 1021 super
1276 950 1346 1008 alios

116 1036 163 1078 me
176 1028 344 1095 conceptum
360 1039 378 1080 a
401 1023 495 1093 vobis;
522 1039 580 1080 non
606 1021 702 1090 vultis,
758 1020 883 1085 efferret,
899 1021 1071 1148 reputabant
1080 1019 1235 1091 inglorium
1249 1029 1278 1079 ct
1294 1023 1345 1079 de·

118 1091 249 1165 iuquam,
278 1094 396 1152 credere
421 1095 451 1152 in
480 1111 537 1164 me,
560 1099 591 1151 iit
615 1097 704 1149 sitam
758 1091 846 1148 decus
865 1092 934 1148 inC
957 1091 1057 1148 ristum
1072 1091 1199 1162 credere,
1220 1092 1271 1165 qui
1294 1093 1344 1151 ab·

118 1170 248 1222 atonem
263 1167 399 1236 habeatis,
416 1183 492 1224 nunc
513 1167 541 1223 iii
557 1182 618 1238 spe,
632 1170 661 1222 et
675 1163 704 1221 iii
756 1163 847 1236 jectus
859 1167 888 1220 et
902 1178 1010 1236 pauper
1024 1163 1184 1230 videbatur,
1199 1169 1228 1221 ct
1240 1164 1305 1221 ideo
1319 1164 1344 1221 ei

119 1236 216 1294 tuturo
232 1237 317 1306 inre,
333 1254 396 1308 quae
412 1239 535 1297 habetur
550 1254 602 1310 per
617 1237 704 1293 fidem
758 1235 875 1293 credere
904 1251 961 1292 non
991 1239 1133 1308 poterant.
1155 1235 1222 1304 Sed,
1245 1235 1293 1293 ille
1315 1235 1344 1293 iii

119 1307 271 1366 formatem
285 1309 417 1380 caritatc;
438 1310 478 1367 ita
494 1326 585 1382 neque
602 1307 706 1366 veritas
759 1320 824 1364 euin
843 1305 959 1364 credere
972 1312 1076 1379 potest,
1096 1305 1146 1378 qui
1165 1323 1216 1366 cor
1234 1308 1345 1365 habeus

119 1395 170 1436 ros
189 1380 340 1454 convincit,
361 1397 453 1453 neque
472 1380 622 1453 promissio
641 1378 706 1435 ritae
758 1377 877 1447 humile,
891 1377 980 1436 solius
992 1378 1041 1435 Dei
1054 1377 1174 1450 gloriam
1187 1379 1302 1450 quierit,
1317 1385 1345 1436 et

120 1466 173 1507 ros
187 1453 284 1509 trabit.
305 1453 412 1509 Deinde
436 1453 584 1524 redarguit
606 1467 705 1508 eorum
759 1451 784 1507 ei
805 1450 916 1520 placere
938 1448 1055 1523 appetit.
1077 1451 1115 1506 llii
1140 1466 1198 1522 quo
1225 1455 1345 1533 apparet

120 1521 255 1579 duritiam
281 1527 309 1579 et
333 1523 496 1581 tarditatem
524 1524 561 1581 ad
585 1523 703 1580 creden·
759 1521 835 1593 quod
858 1521 979 1578 mullum
1001 1521 1163 1594 periculosa
1181 1526 1228 1579 est
1248 1523 1344 1579 iiiauis

119 1592 198 1660 dum,
216 1593 334 1650 dicens:
350 1599 409 1664 aso
420 1598 484 1651 oeni
497 1597 527 1652 in
543 1598 661 1664 nomine,
675 1599 704 1650 et
757 1591 859 1662 gloria.
886 1593 966 1650 Unde
989 1594 1218 1663 chrysostomus:
1237 1613 1251 1647 ii
1269 1594 1343 1651 Nihil

119 1663 157 1720 ad
178 1665 330 1734 honorem,
350 1668 443 1723 Patn's
454 1669 518 1736 mei,
531 1671 562 1724 ut
580 1682 632 1739 per
657 1681 702 1722 ma
757 1663 798 1722 ita
818 1664 958 1722 deformat
977 1663 1112 1736 animam,
1132 1663 1206 1722 sicut
1223 1665 1344 1738 gloriani

120 1735 206 1792 Pater
235 1734 422 1808 glorificetur,
452 1738 528 1810 quod
549 1741 628 1811 patet
651 1753 703 1825 per
757 1736 921 1794 desiderare
936 1740 1098 1806 terrenam;
1121 1737 1277 1794 nonenim
1300 1742 1344 1794 est

116 1807 254 1881 praedicta
275 1807 439 1866 testimonia
455 1826 463 1866 ι
482 1816 508 1866 ct
521 1827 576 1866 non
598 1812 701 1880 accipi-
756 1807 892 1882 possibile
905 1807 953 1880 qui
965 1809 1039 1864 hanc
1051 1807 1170 1890 gloriam
1183 1813 1271 1878 amat,
1284 1809 1343 1880 glo·

117 1882 154 1935 tis
168 1896 220 1949 mc,
233 1896 286 1939 nec
299 1879 330 1938 iii
345 1897 390 1938 me
405 1881 529 1948 creditis,
546 1880 596 1938 sed
611 1880 702 1953 magis
757 1881 829 1937 riani
842 1896 969 1951 quaererc
984 1879 1125 1937 Crucifixi.
1145 1899 1159 1932 ii
1179 1881 1259 1937 Unde
1274 1881 1343 1938 dicit

115 1951 332 2025 persequimini,
348 1952 418 2081 guia
443 1953 624 2011 dilectionem
652 1952 701 2010 Dei
757 1957 786 2009 et
802 1954 919 2034 Tullius,
938 1949 1016 2023 quod
1038 1951 1228 2034 cavendanest
1244 1951 1341 2035 ‘bomi-

118 2038 177 2080 nen
205 2023 328 2082 habetis.
370 2029 382 2082 t
405 2024 471 2083 iude
486 2041 571 2099 poena
594 2022 702 2098 peccati
756 2039 825 2081 num
838 2024 940 2096 gloria,
952 2038 1015 2094 quic
1027 2023 1119 2080 aufert
1131 2039 1218 2080 animi
1232 2023 1345 2082 liberta-

117 2094 200 2152 robis
213 2095 275 2152 baec
289 2094 353 2166 erit,
368 2096 436 2170 quia
452 2114 459 2154 :
477 2100 503 2153 si
518 2099 602 2164 alliis,
617 2096 703 2154 idest
756 2102 832 2163 tem;
848 2111 899 2168 pro
914 2110 971 2167 qua
985 2093 1177 2167 magnanimis
1191 2094 1260 2152 viris
1275 2112 1342 2153 om-

115 2165 306 2224 antichristus
329 2170 360 2224 in
383 2171 561 2225 hominesue
587 2172 701 2238 vescit,
756 2166 803 2224 nis
828 2167 913 2223 debet
944 2181 1007 2223 esse
1037 2165 1193 2223 contentio.
1209 2169 1245 2224 Et
1266 2166 1342 2238 ideo,

118 2236 205 2294 idest
220 2254 278 2295 non
294 2239 404 2296 babens
418 2239 555 2311 praedicta
574 2239 702 2296 testimo·
756 2238 910 2296 secundum
926 2238 1060 2306 Glossam,
1079 2253 1214 2309 maguum
1241 2236 1342 2297 vitium

119 2308 169 2365 nia
185 2313 212 2365 et
227 2324 308 2366 suain
320 2309 441 2382 gloriam
455 2311 600 2383 propriam
623 2326 701 2382 quae·
756 2314 800 2368 est
811 2309 948 2382 iactantia
961 2314 991 2366 et
1003 2311 1136 2366 humanae
1148 2308 1242 2367 laudis
1255 2311 1344 2367 ambi-

118 2395 187 2436 reus
200 2379 281 2438 illum
300 2384 452 2454 accipietis,
472 2397 523 2455 pro
546 2381 657 2440 Christo
674 2386 703 2439 et
756 2382 807 2452 tio,
821 2397 883 2454 quae
899 2381 934 2438 de
947 2397 978 2438 se
990 2380 1125 2438 aestimari
1135 2381 1254 2463 appetit,
1267 2381 1342 2453 quod

117 2466 184 2508 rere
200 2453 258 2509 Deo
274 2469 281 2509 :
295 2455 340 2522 Ut,
354 2453 512 2511 secuudum
525 2454 701 2526 Apostolum,
756 2453 786 2511 in
805 2470 835 2511 se
855 2469 912 2510 nou
930 2454 1030 2524 habet;
1058 2457 1087 2510 et
1110 2453 1230 2524 gloriam
1250 2469 1341 2524 suam,

116 2524 230 2581 credunt
244 2525 397 2594 mendacio,
419 2529 469 2597 qui
486 2527 632 2583 noluerant
644 2543 701 2582 cre-
757 2541 815 2583 non
829 2524 950 2597 gloriam
963 2523 1013 2582 Dei
1023 2523 1135 2596 quierit.
1150 2526 1170 2581 ll
1183 2531 1284 2582 contra
1295 2541 1342 2582 re·

115 2594 179 2651 dere
194 2598 317 2653 emisti.
335 2596 420 2665 Quasi
433 2596 509 2654 dicat
529 2614 536 2654 :
557 2596 628 2666 Quia
644 2614 701 2655 non
755 2614 800 2668 ro,
816 2612 920 2669 magna
940 2594 1030 2653 virtus
1047 2600 1092 2653 est
1106 2595 1265 2669 humilitas,
1279 2613 1342 2679 quie

115 2666 264 2739 accepistis
283 2683 339 2737 mc,
360 2668 390 2725 id
412 2673 456 2726 est
476 2667 543 2741 quia
562 2685 620 2726 non
640 2686 702 2727 cre-
757 2686 788 2727 se
798 2668 868 2726 nibil
884 2672 1007 2751 reputat,
1019 2672 1047 2725 el
1058 2667 1146 2725 solius
1159 2667 1209 2724 Dei
1221 2669 1343 2740 gloriam

115 2736 228 2819 didistis
251 2754 296 2795 me
319 2755 382 2796 esse
395 2739 549 2809 Christum,
567 2741 628 2797 liaec
640 2757 702 2814 poe·
758 2740 870 2813 quaerit,
901 2756 982 2823 eique
1010 2737 1064 2796 soli
1089 2739 1201 2812 placere
1223 2739 1340 2812 appetit.

116 2824 155 2865 na
179 2809 325 2881 inlligetur
353 2809 443 2880 vobis,
470 2816 501 2867 ut
521 2812 631 2883 decepti
671 2829 702 2869 ro
759 2814 825 2870 Hac
850 2815 894 2869 est
914 2817 999 2868 etiam
1019 2826 1115 2881 causa,
1137 2827 1188 2869 cur
1208 2811 1342 2867 mandata

117 2878 229 2936 Christo
250 2880 456 2961 hutichristum
478 2882 632 2954 recipiatis.
650 2829 704 2940 Ber
760 2881 810 2941 Dei
825 2899 882 2940 nori
895 2883 1064 2955 impleamus
1079 2901 1088 2939 ε
1102 2882 1237 2954 quianon
1253 2882 1343 2940 humi·

117 2950 204 3033 hoca
262 2957 322 3033 itur·
354 2951 508 3033 uedludaei
521 2952 608 3025 primi
619 2959 704 3011 eruut
759 2955 810 3020 les,
827 2954 878 3011 sed
887 2953 1002 3027 superbi
1023 2958 1052 3011 et
1069 2953 1213 3012 ambitiosi
1233 2970 1341 3021 sumus,

117 3036 211 3151 quia
257 3023 340 3104 llntic
362 3028 461 3080 rislum
490 3029 701 3083 convertentur.
759 3033 963 3100 praesumentes
979 3025 1014 3082 de
1028 3024 1168 3082 industria
1182 3030 1210 3082 et
1234 3025 1342 3082 viribus

136 3092 210 3151 udaei
228 3109 304 3150 enim
325 3093 355 3151 in
370 3094 427 3154 line
441 3094 647 3153 Antichristum
661 3113 705 3154 re·
759 3097 875 3162 nostris,
902 3102 934 3155 ut
955 3096 991 3154 ad
1012 3113 1046 3154 ea
1068 3095 1215 3170 implenda
1235 3113 1341 3168 nequa·

119 3164 235 3238 cipient,
251 3172 280 3223 ct
299 3168 435 3240 templum
458 3168 485 3224 ei
509 3166 703 3238 edificabunt,
760 3185 845 3241 quam
861 3167 1004 3226 humiliari
1025 3169 1178 3241 possimus.
1200 3168 1261 3236 Vel,
1288 3170 1342 3225 boc

121 3236 189 3309 quia
205 3236 290 3295 laciet
304 3254 336 3296 se
350 3238 525 3309 circumcidi,
537 3244 565 3297 ct
584 3239 659 3298 dicet
673 3257 704 3299 se
760 3240 907 3314 impedivit
923 3244 938 3298 l
943 3241 1038 3298 udices
1057 3257 1075 3297 a
1089 3240 1146 3297 ilde
1169 3239 1285 3308 Christi,
1311 3239 1340 3295 in

119 3309 161 3367 eis
192 3309 374 3384 promissum;
401 3310 478 3369 etei
505 3312 703 3384 adhaerebunt,
760 3317 851 3386 parte,
881 3311 947 3384 quia
972 3314 1064 3369 solum
1089 3310 1288 3380 attendebant,
1314 3316 1341 3367 el

119 3397 267 3454 quousque
289 3383 352 3456 ejus
366 3383 476 3441 salsitas
490 3385 640 3456 detegatur
654 3401 705 3458 per
759 3385 853 3442 adbuc
876 3383 1029 3441 intendunt
1044 3383 1080 3441 ad
1095 3383 1228 3455 gloriani,
1245 3388 1274 3439 et
1292 3399 1340 3439 ex·

117 3455 234 3511 llenoeh
255 3459 284 3511 et
308 3455 408 3514 liliam.
434 3456 594 3515 Secundum
609 3457 705 3526 Augu·
759 3455 924 3514 altationem
941 3455 1139 3528 temporalem,
1154 3455 1279 3512 dandam
1301 3453 1342 3536 eis

115 3528 230 3593 stiriam,
245 3525 435 3585 Antichristus
456 3526 634 3585 ceremonias
652 3530 703 3586 Le·
758 3543 811 3601 per
826 3527 976 3596 Messiam3
992 3527 1126 3586 videbant
1145 3531 1241 3584 autem
1261 3527 1341 3583 Chri·

117 3595 163 3678 gis
177 3596 299 3654 tentabit
317 3604 491 3670 restaurare,
517 3603 548 3656 ut
573 3601 703 3673 Evange-
759 3604 833 3657 stum
848 3613 1002 3673 pauperem
1023 3603 1052 3657 et
1066 3598 1218 3671 abjectum.
1233 3602 1263 3654 et
1277 3596 1341 3653 ideo

116 3667 185 3724 lium
209 3667 318 3737 solvat;
346 3685 409 3740 quae
433 3687 480 3728 res
501 3670 615 3728 tudaeos
636 3686 702 3728 euni
759 3686 817 3728 non
836 3675 1006 3742 receperunt
1026 3685 1102 3740 euin,
1124 3685 1180 3727 uon
1194 3668 1343 3726 attenden-

115 3753 167 3811 pro
187 3737 298 3795 Christo
313 3740 441 3812 recipcre
455 3741 595 3798 suadebit.
758 3747 801 3799 tes
816 3742 975 3814 Scripturas
990 3743 1208 3814 Prophetarum,
1223 3756 1287 3812 quai
1306 3739 1343 3795 de

153 3813 183 3865 15
205 3810 296 3866 Causa
317 3828 399 3867 auius
417 3830 646 3869 iiiciiromiriiris.
666 3844 701 3856 -
758 3815 820 3885 ejus
852 3812 1343 3886 aupertateetabjectioneloquun·

114 3879 354 3963 Deinde,causam
366 3880 701 3941 infidelitatiseorumsic
758 3890 816 3942 tur.
831 3829 1034 3943 gloriaeutem
1060 3890 1088 3940 et
1104 3883 1248 3951 exaltatio,
1277 3898 1343 3964 quie

113 3952 231 4010 subdit:
247 3953 384 4020 Quomodo
399 3970 446 4010 uos
457 3958 572 4027 potestis
582 3956 699 4029 cresim,
757 3972 809 4030 per
823 3956 966 4015 Christum
982 3955 1078 4014 danda
1091 3954 1278 4028 promittitur,
1293 3954 1344 4010 illa

115 4026 165 4096 qai
178 4026 296 4094 gloriam
310 4026 466 4083 humanam
481 4027 642 4083 abinvicem
655 4043 701 4084 ac·
757 4034 801 4086 est
811 4028 902 4100 gloria
914 4027 1048 4093 eoelestis,
1064 4043 1150 4100 quam
1164 4043 1221 4084 non
1234 4024 1342 4081 intelli·

115 4099 221 4168 ctpitts,
238 4102 264 4153 et
279 4103 471 4171 acceptantes,
489 4097 517 4154 id
533 4103 586 4161 est.
605 4115 639 4156 ex
654 4116 700 4156 su·
757 4101 880 4171 gebant3
896 4104 925 4157 et
938 4098 1003 4156 ideo
1022 4098 1143 4172 gloriam
1157 4114 1223 4170 quae
1241 4113 1261 4154 a
1278 4097 1341 4153 solo

115 4167 224 4239 perbia‚
241 4169 396 4228 humanum
413 4170 539 4228 savorem
556 4176 701 4244 captantes
757 4174 815 4229 Deo
831 4177 881 4239 est,
897 4186 954 4226 non
978 4172 1155 4242 querebant,
1170 4173 1199 4226 et
1223 4171 1343 4241 propter

115 4239 243 4367 glorium,
269 4258 330 4312 qaae
352 4260 370 4299 a
391 4245 448 4300 soto
469 4246 523 4300 Deo
541 4249 591 4313 est,
604 4243 639 4325 ‚id
658 4250 702 4301 est
757 4242 853 4300 hocin
866 4241 1341 4326 infidelitatesuapermauseruut.

137 4310 303 4368 umilitatem
321 4329 384 4388 quae
400 4319 442 4374 est
458 4330 525 4372 iera
539 4315 640 4389 gloria,
657 4315 701 4372 vel
757 4316 819 4389 lpse
834 4313 912 4372 solus
933 4318 1027 4387 potest
1041 4314 1151 4373 Cbnsto
1179 4326 1299 4386 pauperi
1311 4315 1343 4369 ct
