2880 4942
380 372 425 426 hit
453 371 574 427 scursa
601 372 729 427 ocioso
757 374 796 426 ii
823 370 954 429 huobis
980 377 1081 431 iilis.
1326 381 1341 432 'l

118 486 152 541 de
167 501 267 555 genere
280 503 341 557 suo,
353 493 382 544 et
393 487 549 560 allegantes
562 490 637 561 quod
653 495 696 547 est

117 557 146 611 in
161 571 193 611 eo
213 560 395 631 praecipuum,
410 575 464 616 aon
480 561 561 616 habet
572 559 693 618 domici·

112 627 177 682 lium
191 631 346 701 proprium,
358 633 409 687 abt
422 636 505 701 capot
518 648 599 690 suum
613 635 692 689 reela·-

110 703 163 765 aet,
183 699 217 754 ad
242 703 428 770 pausandum.
453 704 536 770 Quasi
561 705 689 762 diceret:

108 771 195 826 Bruta
209 771 316 830 habent
329 790 381 831 sua
391 773 509 831 latibula
524 781 552 832 et
565 776 628 833 loca
644 776 691 832 ubi

107 847 224 911 possunt
238 843 326 902 latere
343 853 372 901 et
389 846 534 917 quiescere
547 865 555 917 ;
574 864 626 921 ego
640 863 691 904 au·

107 917 164 967 tem
191 929 253 970 sum
278 917 318 973 ita
340 933 449 993 pauper
467 919 543 1000 quod
563 935 620 976 non
639 920 691 976 ha-

108 982 162 1038 beo
181 985 365 1056 hospitiolum
384 1004 539 1060 proprium,
559 991 607 1047 nbi
624 1007 689 1063 per·

106 1053 237 1134 cipiendo
258 1059 382 1129 quietern
399 1066 482 1185 caXut
497 1061 642 1128 reclinem,
662 1068 691 1118 ct

107 1125 174 1181 ideo
190 1126 297 1184 frustra
315 1131 425 1186 renisa
461 1147 505 1188 me
520 1139 633 1204 propter
647 1134 690 1190 lu·

107 1210 190 1251 crum
202 1200 368 1268 temporale.
382 1199 461 1259 Unde
471 1203 689 1274 chrysostomus:

108 1283 124 1318 a
140 1268 240 1338 Aspice
254 1271 377 1339 qualiter
389 1280 592 1345 paupertatem,
606 1291 690 1348 quain

107 1338 245 1394 Dominus
260 1343 404 1410 docuerat,
417 1360 467 1414 per
476 1360 562 1416 opera
576 1348 691 1404 demon·

107 1415 199 1466 strat:
227 1427 283 1469 non
303 1421 364 1471 erat
383 1418 407 1471 ei
424 1431 531 1484 mensa,
549 1432 606 1474 non
621 1435 688 1475 can·

107 1479 267 1553 dolabrum,
299 1501 350 1543 nec
383 1487 494 1555 domus,
524 1504 577 1546 nec
606 1491 689 1562 quid-

106 1566 192 1620 quam
215 1555 312 1612 talium
330 1576 365 1620 2»
391 1559 450 1615 haec
473 1561 687 1630 Chrysostomus.

107 1623 292 1694 Hospitiolum
314 1628 427 1699 quidem
447 1631 546 1687 hahuit
565 1633 690 1705 Virginis

106 1697 235 1773 uterum;
249 1699 458 1757 reclinatorium
471 1702 580 1773 habuit,
589 1719 691 1774 praese-

105 1778 183 1888 pium
199 1782 255 1823 non
269 1773 424 1842 proprium,
436 1778 464 1829 et
477 1776 569 1831 crucis
580 1776 691 1855 patibu-

118 1840 689 1915 um;sepulchrumhahuit,scdahenum.

104 1905 156 1961 llic
177 1923 244 1980 ergo
262 1921 423 1969 remoretur
441 1915 580 1984 cupiditas
597 1922 689 1972 terre-

105 1991 209 2035 norum
227 1997 244 2035 a
260 1984 421 2040 volentibus
434 1987 514 2055 sequi
536 1985 689 2041 Christum.

107 2048 209 2106 Audita
220 2060 313 2110 autem
330 2056 434 2111 Christi
447 2061 623 2125 paupertate,
634 2073 690 2112 nori

105 2119 206 2198 institit
220 2125 351 2195 amplius,
365 2132 396 2181 ut
414 2131 591 2196 sequeretur.
613 2127 690 2183 Unde

108 2190 182 2246 idem
208 2195 414 2264 strysostomos
436 2214 443 2254 :
465 2216 480 2249 u
500 2198 561 2252 h'on
594 2205 689 2255 autem

105 2265 267 2342 respondet,
285 2283 388 2339 sequar
402 2273 430 2324 te
451 2283 614 2339 pauperem,
634 2270 689 2327 hoc

102 2347 179 2389 enim
191 2337 325 2393 Dominus
334 2337 454 2395 lorsitan
465 2341 658 2399 concessisset.
672 2361 687 2395 h

102 2404 153 2459 llic
163 2421 213 2475 per
223 2410 329 2479 uulpes,
343 2410 474 2466 dolositas
487 2418 515 2467 et
526 2413 667 2470 simulatio
678 2431 686 2484 ;

102 2489 154 2556 per
167 2479 298 2544 solades,
312 2481 405 2537 inanis
412 2482 549 2552 jactantia
562 2489 591 2538 et
600 2485 685 2540 elatio

101 2558 260 2618 signantur.
290 2552 374 2619 Quasi
396 2553 503 2610 diceret
528 2554 685 2612 Dominus:

103 2616 242 2676 Dolositas
253 2627 281 2677 et
293 2623 377 2680 elatio
389 2624 478 2681 latent
489 2626 517 2680 iri
529 2627 614 2682 corde
626 2633 685 2698 tuo,

102 2691 170 2760 quia
198 2692 307 2748 scilieet
339 2711 424 2751 causa
458 2695 620 2767 cupiditatis
655 2705 686 2754 ct

100 2775 182 2843 vauae
206 2763 304 2835 gloriae
327 2764 367 2820 iis
390 2783 436 2824 me
459 2769 536 2840 sequi
553 2789 559 2835 ;
578 2776 606 2824 et
623 2769 687 2826 ideo

102 2835 130 2886 te
144 2849 174 2912 un
190 2836 355 2892 societatem
371 2853 463 2894 meam
483 2855 539 2895 non
555 2841 683 2911 recipio:

102 2917 170 3029 unia
191 2907 281 2961 Filias
304 2908 421 2965 hominis
445 2910 564 2981 simplex
586 2919 686 2968 contra

123 2975 293 3055 olositatem,
320 2980 433 3038 humilis
457 2988 557 3038 contra
584 2998 684 3052 supcr-

102 3044 191 3115 biam,
214 3064 269 3104 nori
288 3051 368 3106 babet
390 3052 419 3107 in
435 3058 462 3108 te
481 3054 530 3108 abt
544 3060 626 3124 eaput
640 3071 685 3110 re-

102 3118 195 3175 cliuet.
218 3120 308 3190 Caput
327 3124 402 3178 enim
419 3123 521 3181 Christi
545 3127 618 3180 Deus
633 3133 684 3197 est,

103 3188 177 3270 Deus
189 3195 283 3247 antem
299 3195 451 3251 habitatin
466 3195 564 3251 humili
579 3203 607 3252 ct
620 3199 687 3253 sim·

102 3259 168 3340 plici
193 3267 221 3317 et
243 3268 382 3321 tremente
405 3282 550 3323 sermones
566 3269 636 3339 ejus,
658 3274 686 3323 ct

101 3345 162 3401 ipsa
187 3332 333 3391 reclinatio
358 3339 468 3408 capitis,
494 3354 550 3393 uon
577 3341 684 3394 erectio

101 3402 268 3460 humilitatis
291 3409 428 3480 magistra
445 3415 497 3474 cst,
514 3424 577 3477 quae
591 3411 619 3463 in
638 3410 686 3463 illo

100 3472 196 3530 locuni
207 3490 265 3531 non
277 3478 392 3535 hahent.
407 3480 438 3532 ln
451 3478 541 3531 trihus
555 3492 622 3549 ergo
635 3479 686 3532 istc

101 3547 320 3614 reprehenditur
349 3567 366 3604 a
397 3548 528 3618 Domino,
557 3549 684 3604 sedicet:

102 3615 132 3670 in
145 3616 303 3690 dolositate,
317 3622 383 3691 quia
393 3620 461 3675 ficto
475 3620 570 3675 animo
585 3627 614 3676 et
629 3636 685 3676 non

102 3687 223 3758 simplici
245 3694 325 3761 sequi
339 3693 469 3758 volcbat;
490 3699 518 3747 et
533 3692 561 3747 in
576 3692 684 3764 cupidi-

101 3763 159 3812 tate
187 3758 329 3830 quiaeum
348 3779 398 3832 pro
412 3770 519 3834 quaesto
539 3767 617 3835 sequi
638 3766 683 3819 in-

99 3799 254 3909 tendebam
269 3839 299 3888 et
309 3834 337 3888 in
349 3834 483 3902 elatione,
492 3836 558 3905 quia
569 3841 684 3907 propter

101 3915 217 3958 inanem
239 3903 359 3974 gloriam
381 3907 407 3960 ei
426 3906 572 3961 adhaerere
589 3908 684 3977 cupic-

99 3972 169 4029 bat:
196 3974 268 4029 sicut
292 3977 388 4046 vulpes
407 3984 449 4031 est
470 3976 575 4032 animal
589 3977 684 4049 lallax,

100 4042 210 4100 insidiis
223 4047 376 4118 intentum,
391 4051 419 4102 et
429 4048 533 4118 rapinis
548 4047 663 4118 plenum
676 4069 683 4120 3

100 4114 160 4171 aris
182 4131 250 4172 iero
269 4119 328 4173 alta
350 4125 449 4189 peteris
474 4126 503 4174 ct
528 4122 685 4176 ascendens

98 4201 223 4242 sursum.
248 4189 299 4244 llic
318 4204 385 4261 ergo
406 4191 485 4260 sequi
501 4192 612 4248 volebat
626 4194 685 4246 hla-

99 4258 231 4330 gistrum,
257 4275 315 4315 non
345 4265 376 4316 ut
404 4262 523 4319 virtutes
552 4263 684 4331 disceret,

100 4342 160 4385 non
183 4336 214 4385 ut
233 4337 429 4404 paupertatem
448 4340 476 4390 et
497 4335 687 4391 humilitatem

757 484 881 553 Magistri
893 483 1062 553 imitaretur,
1070 485 1120 542 sed
1130 492 1160 543 ut
1170 486 1251 542 hctus
1259 486 1341 544 disci·

753 556 1340 630 pulosdeciperet,etsubblagistrohumi·

751 625 838 682 litatis
854 635 881 683 et
897 629 1081 699 paupertatis,
1094 630 1235 685 honorum
1250 630 1339 701 digni-

751 701 822 752 tates
835 700 957 755 amhiret
971 707 999 755 et
1011 701 1123 756 divitias
1137 709 1336 771 congregaret.

785 771 868 837 sQu
888 789 947 827 sian
966 788 1027 827 nuic
1047 773 1149 829 Seniue
1164 770 1290 830 siiiiiss?
1302 803 1338 816 -

749 839 784 895 Et
807 842 882 898 hunc
908 843 1049 898 ambitiosi
1075 851 1103 899 ct
1129 843 1277 900 simoniaci
1305 845 1334 902 in

748 911 872 969 Ecclesia
894 915 1052 984 imitantur,
1078 914 1125 986 qui
1157 915 1276 985 cupiunt
1298 917 1335 973 ad

749 982 807 1039 alta
817 986 948 1053 subvehi,
959 992 1109 1056 quaerentes
1124 1004 1184 1058 quac
1195 1003 1247 1042 sua
1258 992 1333 1052 sant,

747 1068 801 1109 uon
826 1072 887 1126 quac
901 1060 965 1113 Jesu
987 1059 1104 1122 Christi,
1120 1075 1177 1114 non
1202 1066 1233 1113 ut
1248 1059 1333 1113 mini·

746 1131 846 1195 strent,
864 1129 913 1184 sed
935 1134 966 1184 nt
985 1130 1192 1198 ministrentur,
1217 1136 1246 1185 et
1269 1129 1333 1186 idco

748 1198 824 1268 vulpi
846 1200 960 1270 dolosae,
986 1207 1014 1255 et
1036 1201 1140 1256 violanti
1164 1200 1208 1257 aii
1232 1201 1334 1256 merito

748 1278 958 1340 comparantur.
976 1272 1029 1326 Per
1043 1273 1120 1326 hunc
1139 1273 1224 1326 etiam
1245 1272 1332 1339 signi·

748 1337 871 1396 ficantur
895 1347 1055 1414 quaercntes
1082 1343 1188 1397 intrare
1216 1342 1333 1413 religio·

747 1426 824 1477 nem,
851 1413 893 1469 vel
919 1414 1124 1470 monasterium
1151 1412 1264 1469 ‹livitios
1282 1413 1331 1470 ha-

746 1482 885 1555 bentium,
899 1501 956 1541 non
968 1502 1001 1542 cx
1015 1484 1177 1554 devotione,
1192 1485 1244 1541 sed
1257 1492 1287 1539 ut
1300 1502 1332 1540 ci

747 1558 917 1625 pauperihus
932 1558 1043 1625 divites
1065 1564 1092 1613 ct
1112 1573 1144 1612 ei
1161 1556 1332 1626 contempti·

747 1625 851 1682 bilibus
879 1629 1010 1685 honorati
1038 1630 1118 1685 siant.
1141 1629 1205 1684 ldeo
1228 1629 1333 1684 talibus

747 1696 852 1754 dicitur
867 1716 873 1755 :
890 1701 994 1770 Vulpes
1006 1702 1101 1768 soccos
1116 1700 1227 1767 habent,
1243 1705 1269 1754 ct
1283 1715 1333 1754 oo-

748 1769 836 1824 lacrrs
863 1773 923 1826 coelt
945 1773 1037 1839 nidos,
1066 1772 1094 1826 id
1121 1777 1162 1826 cst
1188 1772 1332 1826 ilaeiiioiies

747 1839 838 1894 dolosi
863 1849 891 1895 ct
923 1843 1036 1912 superbi
1066 1843 1174 1897 habeut
1199 1842 1227 1897 in
1251 1842 1332 1898 vohis

746 1909 950 1981 habitaculum,
962 1913 1012 1967 sed
1022 1912 1224 1968 nonChristus.
1238 1914 1333 1968 Potest

747 1979 865 2049 insuper
883 1981 948 2050 dici,
969 1984 1044 2052 quud
1059 1984 1154 2051 vulpes
1170 1984 1264 2048 fouens
1280 1984 1332 2037 bo-

749 2048 821 2119 bent,
834 2052 861 2105 id
870 2059 912 2106 est
925 2052 1014 2106 dolosi
1030 2053 1137 2107 hahent
1148 2054 1281 2122 cautelas,
1296 2054 1332 2109 ad

748 2130 817 2189 quas
841 2122 995 2194 refugiunt,
1016 2139 1051 2177 ne
1073 2123 1100 2178 in
1115 2123 1172 2178 suis
1186 2124 1334 2193 capiantur

747 2192 883 2263 malitiis;
912 2198 937 2249 et
962 2195 1086 2250 autumes
1107 2196 1167 2251 cult
1189 2196 1278 2263 nidos,
1303 2196 1332 2253 id

745 2270 786 2317 est
801 2266 913 2335 superbi
928 2274 1060 2338 quaerunt
1079 2267 1183 2324 clevari
1198 2269 1306 2324 inatus
1321 2286 1328 2336 ;

743 2336 833 2391 Filias
855 2343 946 2394 autari
966 2341 1150 2394 bominisnori
1171 2341 1261 2405 habet,
1282 2339 1332 2394 abt

743 2413 826 2479 eaput
840 2425 919 2466 suum
932 2413 1056 2479 rectinet,
1073 2412 1102 2466 in
1117 2412 1231 2480 talibus,
1244 2410 1272 2465 id
1288 2415 1331 2465 est

742 2478 789 2535 ille
809 2481 859 2551 qui
874 2482 1028 2537 seeundum
1048 2484 1191 2537 dictamen
1212 2481 1330 2536 rationis

743 2551 820 2619 vivit,
843 2554 910 2608 talia
926 2567 983 2607 non
998 2552 1109 2622 quaerit.
1128 2554 1163 2606 Ut
1177 2568 1245 2622 ergo
1261 2551 1332 2607 dicit

743 2623 963 2692 chrysostomus:
976 2624 1092 2676 «Scriba
1101 2621 1156 2688 hic,
1169 2623 1331 2678 conanime

742 2692 887 2760 credendi,
901 2694 949 2748 sed
963 2692 1096 2747 simulata
1105 2699 1199 2746 mente
1213 2691 1331 2747 accessit

741 2765 777 2819 ad
803 2763 964 2832 Dominum,
992 2764 1065 2819 unde
1091 2762 1235 2834 inspector
1263 2779 1328 2819 cor·

741 2835 819 2891 dium
840 2843 869 2891 et
888 2842 1063 2892 secretorum
1088 2836 1218 2907 coguitor
1244 2836 1328 2903 Deus,

727 2912 899 2964 *tentantem
923 2925 952 2964 se
976 2909 1079 2978 potius,
1103 2922 1188 2978 quam
1208 2922 1275 2962 rere
1296 2923 1329 2962 ac
1414 2950 1420 2963 .

737 2978 865 3035 lidehtei·
878 2981 958 3051 sequi
976 2980 1129 3047 volentem,
1153 2995 1209 3034 non
1231 2979 1330 3033 imme-

741 3052 795 3107 rito
815 3052 957 3108 refutarit.
979 3070 994 3103 i›
1014 3053 1094 3119 Nam,
1114 3056 1144 3105 ut
1168 3051 1208 3105 ait
1229 3051 1327 3118 Augu-

740 3125 852 3178 stinus:
878 3144 892 3175 a
909 3123 1029 3179 Vidchut
1044 3137 1109 3178 cum
1128 3122 1224 3176 dolosa
1240 3122 1328 3175 sinin-

740 3193 846 3250 latiouc
872 3195 1066 3261 tenebrosum,
1089 3198 1118 3246 ct
1141 3199 1257 3246 ventosa
1274 3191 1329 3246 cla-

741 3266 818 3321 tione
842 3267 994 3336 jactatum,
1021 3278 1079 3317 non
1104 3264 1211 3317 hahere
1235 3262 1328 3316 locum

742 3337 918 3401 humilitatus,
946 3336 993 3389 uhi
1019 3334 1164 3387 doctorem
1192 3348 1221 3386 se
1252 3332 1330 3387 incli-

743 3415 858 3460 nantem
874 3406 1033 3473 exciperet:
1046 3403 1112 3470 (quia
1122 3403 1150 3454 iii
1161 3401 1327 3469 discipulatu

743 3475 847 3529 Christi
868 3489 925 3527 iiori
945 3472 1019 3524 illius
1033 3471 1166 3541 gratiam,
1183 3474 1231 3524 scd
1249 3486 1328 3528 suani

743 3546 864 3617 gloriam
881 3541 1055 3612 requirebat.
1071 3559 1085 3593 i>

777 3618 847 3684 alls
872 3630 985 3683 macac,
1006 3629 1052 3676 oui
1076 3629 1219 3676 axrcuuaii
1245 3615 1328 3672 Cuni-

742 3706 811 3746 srun
840 3703 989 3758 seocsrcn,
1021 3704 1125 3743 ranucii
1152 3704 1221 3744 rccr
1253 3706 1330 3744 sarc-

742 3779 801 3818 nine
819 3779 825 3830 ;
845 3779 876 3816 cr
901 3776 979 3816 cuius
1001 3777 1041 3814 sm
1067 3763 1188 3815 i'icuiai‘l
1205 3792 1240 3801 -
1255 3762 1330 3817 Dixit

740 3843 835 3890 autem
852 3832 987 3888 Dominus
1006 3833 1099 3900 alteri,
1120 3834 1200 3903 qu'us
1217 3842 1328 3902 patrem

738 3907 797 3977 jam
816 3912 959 3960 mortuum
983 3906 1111 3959 sciebat:
1137 3907 1255 3974 Sequere
1273 3917 1326 3957 iac.

742 3976 794 4043 Qui
809 3976 976 4046 respondit:
993 3978 1116 4043 lautitiae,
1133 3979 1208 4045 quod
1225 3980 1266 4028 est
1281 3986 1327 4025 rc·

742 4049 888 4117 verentia,
902 4048 1031 4118 permitte
1045 4062 1097 4113 ine,
1112 4046 1187 4123 quod
1197 4050 1245 4121 'est
1262 4041 1329 4119 ohe-

743 4119 867 4188 dientiae,
902 4117 968 4189 quia
1002 4119 1036 4173 de
1075 4113 1218 4191 discipulis
1258 4126 1327 4179 suis,

742 4191 849 4245 scilicet
871 4188 972 4244 lutosis
992 4189 1106 4253 dicitur,
1132 4190 1184 4237 etsi
1200 4183 1327 4238 nondum

744 4267 815 4329 erat,
834 4265 956 4332 prbrum
975 4262 1025 4324 irc,
1046 4263 1072 4310 et
1091 4256 1207 4334 sepetire
1220 4259 1328 4331 patrem

743 4348 843 4401 measa,
862 4331 939 4403 quod
959 4334 1001 4385 est
1019 4340 1090 4397 opus
1115 4325 1327 4382 misericordiae.
