2880 4942
97 288 131 348 ἃ
487 291 599 348 eitius
625 290 747 346 elutis
774 289 878 346 ualui
905 289 937 343 ll

98 411 138 454 no
153 395 230 453 cultu
243 402 271 452 et
286 395 427 465 doctrina,
447 396 657 467 provideantur
672 411 690 454 a
740 402 921 470 praeteream
936 410 992 466 qua
1006 399 1080 450 esset
1091 393 1219 465 indutus,
1232 395 1333 470 aliam,

101 469 305 524 communitate
319 467 349 525 in
367 467 572 537 temporalibus
592 477 691 525 ncces·
740 468 911 541 portandam
927 471 1041 537 putaret
1056 467 1165 522 tuniam
1182 467 1333 536 sollicitus,

100 540 187 597 saria.
209 540 272 596 Non
293 555 361 611 crgo
384 540 528 609 prohibuit
553 541 593 597 eis
616 540 691 597 terre
740 556 777 598 ne
798 556 867 611 opus
890 546 972 607 esset,
989 554 1054 594 cum
1072 553 1104 593 er
1128 537 1176 593 illa
1195 546 1335 610 potestate

99 611 261 668 necessaria
285 611 322 666 ad
349 611 580 667 sustentationem
605 612 691 684 bujus
740 618 833 685 posset
854 609 993 681 accipere.
1012 629 1027 660 a
1045 611 1075 665 ln
1090 607 1225 667 Matthaeo
1245 611 1332 669 etiam

100 682 178 752 vitae,
193 681 242 737 sed
271 688 304 737 ut
330 682 540 738 demonstraret
562 682 624 739 baec
650 683 690 740 eis
740 681 1330 752 etinlllarco,rirgaaccipituraequiroce;

101 753 201 809 deberi
227 751 263 808 ab
288 752 343 808 illis
367 753 471 824 quibus
491 753 689 822 praedicarent.
740 755 770 811 in
784 754 916 810 Matthaeo
931 754 1009 809 enirn
1029 753 1167 822 accipitur
1182 753 1333 825 metapho-

100 824 158 881 lleo
177 825 293 879 omnino
319 829 348 880 et
367 822 534 895 simpliciter
557 827 692 898 praecepit
739 827 809 893 rice,
826 831 857 881 ut
879 826 914 880 sit
938 840 1065 880 sensus:
1089 826 1184 895 Neque
1210 827 1331 896 vireant,

104 896 146 951 eis
168 894 234 963 illa;
264 897 312 950 sed
328 911 374 952 ma
395 893 419 951 is
439 895 474 952 ad
498 899 690 955 revocandum
740 897 826 954 idest
840 912 892 952 nec
906 897 1038 951 minimas
1054 912 1110 964 res,
1125 896 1167 951 vel
1181 911 1239 952 non
1253 896 1331 954 inni·

100 979 202 1023 eorum
215 964 348 1046 allectum
363 912 399 1022 αἱ
416 967 576 1023 inordinato
591 985 691 1026 amore
738 966 840 1026 tainini
859 967 985 1024 subsidio
998 966 1159 1038 temporali,
1174 968 1250 1023 sicut
1263 983 1329 1024 eor·

100 1042 160 1093 tem
181 1036 311 1105 oralium,
336 1043 366 1093 ut
391 1054 446 1093 non
468 1046 630 1110 quaererent
643 1057 692 1096 su·
739 1055 793 1114 pus
816 1038 951 1095 innititur
977 1040 1077 1094 baculo
1098 1040 1279 1109 sustentanti,
1302 1044 1332 1096 et

100 1052 274 1180 perffuaped
285 1109 692 1182 eissullieerentnecessaria3
739 1111 896 1179 similibus;
917 1113 945 1166 iii
960 1113 1053 1166 llarco
1066 1116 1172 1178 autem,
1189 1111 1237 1166 ubi
1256 1110 1327 1167 dici·

101 1180 208 1251 quaein
231 1181 273 1236 eis
299 1197 354 1237 non
381 1180 529 1239 defectura
556 1183 693 1240 Dominus
739 1189 807 1241 tur:
823 1184 888 1242 Nisi
910 1184 1019 1250 sarpam
1047 1187 1164 1250 tantum,
1193 1181 1332 1253 accipitur

100 1251 253 1321 ordinavit,
278 1252 372 1308 dando
392 1255 433 1309 eis
450 1260 620 1325 potestatem
642 1272 693 1312 su·
740 1255 925 1321 adlitteram,
940 1269 989 1323 per
1004 1268 1090 1324 quarn
1106 1259 1202 1309 tamen
1221 1251 1329 1310 intelli·

100 1323 198 1380 mendi
221 1340 264 1392 ea,
281 1324 375 1381 abhis
389 1323 493 1395 quibus
517 1327 692 1399 evangeliza·
740 1329 817 1401 gitur
854 1331 977 1396 potestas
1004 1325 1162 1393 accipiendi
1190 1329 1330 1395 sumptus,

101 1392 183 1466 bant,
206 1396 294 1451 etsie
320 1397 445 1451 carnalia
462 1403 615 1467 meterent,
643 1398 692 1468 qui
762 1397 849 1454 uaiiti
861 1401 1024 1466 potuerunt,
1037 1397 1080 1451 iel
1101 1412 1158 1451 non
1175 1397 1332 1465 uti,seoun·

101 1465 263 1547 spiritualia
291 1466 480 1548 seminabant.
505 1469 562 1523 Nec
595 1474 691 1524 tamen
740 1413 810 1524 gum
825 1467 901 1538 quod
922 1465 1073 1549 voluerint.
1098 1467 1177 1524 Unde
1194 1467 1330 1548 'doctores

101 1535 302 1591 inobedientes
316 1543 393 1604 sunt,
415 1553 464 1621 qui
490 1537 525 1594 de
551 1554 603 1594 suo
626 1539 692 1608 jure
742 1540 923 1621 llebaeorum
937 1553 966 1593 in
981 1554 1095 1610 signum
1110 1539 1258 1618 doctrinae,
1272 1553 1332 1593 sir·

99 1605 216 1662 cedunt.
237 1607 316 1662 Unde
327 1609 522 1676 dapautiaus:
538 1629 550 1659 ι
568 1611 693 1681 Apparet
740 1625 807 1738 §am
823 1626 851 1665 in
876 1624 963 1665 manu
992 1610 1154 1679 portabant,
1170 1625 1238 1679 quia
1256 1607 1332 1690 apud

100 1681 196 1733 autem
209 1678 272 1733 baec
286 1694 343 1733 non
358 1679 398 1733 ita
413 1680 580 1750 precepisse
598 1679 692 1737 Domi·
759 1682 854 1738 udaeos
869 1686 1034 1736 consuetum
1048 1685 1110 1736 erat
1129 1679 1273 1751 provideri
1291 1694 1332 1735 eis

98 1761 163 1817 nius,
195 1754 341 1820 tamquam
377 1751 564 1822 Evangelistae
597 1753 692 1809 rivere
741 1752 777 1809 de
791 1755 905 1809 victua
930 1752 1034 1823 populo
1063 1768 1147 1822 quem
1179 1750 1330 1808 docebant.

99 1818 216 1876 aliunde
231 1836 288 1876 non
303 1820 436 1892 debeant,
450 1837 537 1893 quain
561 1822 601 1879 eis
617 1839 692 1895 prae·
740 1822 810 1883 Ideo
829 1824 960 1880 Christus
984 1823 1083 1890 voluit,
1104 1823 1180 1894 quod
1209 1823 1270 1878 liaeo
1292 1822 1333 1878 eis

99 1888 243 1961 bentibus,
258 1891 360 1964 quibus
383 1895 556 1950 annuntiant
568 1896 693 1968 Evange-
740 1912 792 1968 pro
807 1896 863 1953 alia
871 1895 1030 1966 provisione
1043 1894 1199 1951 sullieeret.
1215 1895 1270 1949 Per
1279 1893 1334 1948 boc

98 1960 321 2036 liumillioqnin
338 1973 438 2023 contra
449 1967 503 2022 lioe
518 1975 692 2038 praeceptum
741 1968 817 2025 enim
832 1967 1046 2035 ostendebatur,
1063 1967 1138 2037 quod
1154 1964 1273 2037 populus
1288 1963 1334 2020 eiii

94 2032 212 2106 ,lecisset
226 2038 384 2109 Apostolus,
404 2039 451 2109 qui
466 2039 573 2096 rictum
588 2039 691 2097 denia·
760 2040 937 2096 radicabant
962 2038 1112 2111 providere
1140 2039 1180 2092 eis
1197 2035 1332 2092 debebat.

98 2119 189 2162 nuum
207 2123 323 2164 suarum
341 2110 486 2166 laboribus
502 2112 690 2182 transigebat,
741 2057 832 2193 fgitur
851 2126 909 2166 non
929 2107 1218 2188 probibet-Dominus
1233 2122 1334 2188 neces*

99 2189 138 2233 ne
161 2178 292 2249 cuiquam
315 2183 410 2249 gravis
432 2187 515 2248 esset,
537 2181 587 2236 sed
610 2188 691 2252 pote·
740 2189 863 2242 sitatem.
878 2180 1224 2249 scdsupcrlluitatem3et
1239 2178 1336 2245 probi·

100 2251 202 2302 statem
233 2249 341 2303 dedisse
379 2250 529 2318 apostolis,
570 2250 600 2305 iii
634 2267 691 2323 qua
740 2252 789 2308 bet
811 2249 994 2318 Evangeiium
1022 2246 1259 2302 annuntiantibus
1288 2248 1333 2301 ni-

100 2315 209 2372 scirent
220 2317 275 2374 sibi
295 2320 349 2373 ista
363 2319 471 2375 deberi.
493 2319 564 2375 Cum
580 2321 691 2377 enima
739 2321 828 2378 miam
863 2332 960 2374 curam
984 2324 1013 2373 et
1042 2314 1263 2372 sollicitudinem
1296 2316 1333 2372 de

99 2386 223 2443 Domino
242 2387 349 2458 aliquid
369 2390 536 2460 imperatur,
555 2391 609 2446 nisi
629 2391 690 2460 liat,
739 2389 956 2461 temporalibus,
978 2405 1013 2444 ne
1024 2388 1112 2443 uelint
1123 2392 1238 2456 portare
1254 2384 1335 2443 ultra

100 2457 304 2515 inobedientiae
324 2460 404 2532 culpa
422 2467 480 2529 est,
507 2477 572 2518 cuin
595 2468 690 2519 autem
739 2460 1002 2531 necessariaaliud,
1017 2458 1150 2515 timentes
1174 2457 1251 2530 quod
1276 2456 1331 2514 sibi

99 2534 226 2601 potestas
241 2534 334 2602 dator,
356 2534 422 2589 licet
448 2532 550 2604 cuique
566 2549 623 2590 non
637 2534 690 2604 uti,
740 2533 865 2592 fideciat.

101 2607 131 2658 et
150 2606 296 2674 tamquam
323 2605 358 2660 de
388 2620 439 2660 suo
454 2605 634 2677 jurecedere
650 2624 690 2663 :a
780 2627 809 2662 ιι
853 2605 1015 2662 Fnsriiisrio
1062 2619 1097 2657 sn
1137 2617 1334 2659 rnnoioiiunnii

101 2673 360 2745 haecdupustiniis.
740 2693 913 2735 uscsssluiu.
936 2706 966 2716 -
991 2677 1072 2740 ltein,
1094 2679 1127 2728 ut
1147 2673 1200 2730 sub
1226 2679 1335 2744 quanta

139 2765 172 2801 io
189 2747 258 2813 Quin
283 2764 385 2803 ruiiien
409 2764 470 2804 nun
499 2765 532 2803 iar
560 2764 642 2805 vinea
664 2765 693 2804 iri
741 2748 923 2805 testinatione
937 2748 973 2803 ad
985 2746 1198 2825 praedicandum
1212 2758 1333 2826 pergere

99 2831 184 2870 seusu
196 2819 449 2874 iinrirsouicol-
464 2819 499 2873 Et
512 2827 695 2888 nota,secun-
742 2820 867 2877 debeant
899 2820 1076 2884 ostendatur,
1105 2817 1234 2886 adjunxit
1261 2837 1268 2872 :
1297 2816 1334 2872 El

99 2885 168 2942 dum
196 2889 425 2958 Clipeostomum,
442 2890 517 2960 quiid
545 2892 693 2947 Matthaeus
742 2894 875 2948 neminem
888 2905 939 2961 per
956 2892 1032 2944 otum
1045 2888 1249 2943 salutaveritis.
1271 2887 1333 2942 Non

99 2960 130 3013 et
144 2956 236 3014 Lucas
252 2975 308 3013 non
325 2962 518 3016 calceamenta
532 2977 625 3033 neque
641 2964 692 3019 ba·
741 2961 908 3033 simpliciter
935 2959 1133 3016 salutationem
1173 2956 1328 3027 probibuit,

100 3027 197 3084 culum
212 3036 324 3100 portare
351 3033 527 3101 permittunt,
543 3033 620 3104 quod
645 3049 692 3089 os·
742 3033 793 3090 sed
828 3048 893 3089 cum
925 3047 1005 3087 mura
1040 3038 1069 3086 et
1102 3028 1333 3085 contabulatione

99 3099 194 3155 tendit
220 3099 455 3171 perfectissimum
486 3118 562 3174 esse;
581 3106 693 3161 blancus
743 3103 893 3162 benefieri
918 3101 1026 3172 noluit;
1045 3116 1080 3156 ue
1101 3101 1249 3155 occasione
1260 3099 1334 3155 salii·

99 3185 168 3226 vero
182 3171 263 3242 iubet
277 3174 407 3231 baculum
422 3190 576 3243 assumere,
587 3181 617 3231 et
630 3192 693 3232 san·
742 3176 857 3233 tationis
872 3173 1079 3245 impedirentur
1096 3186 1213 3227 aeursu
1232 3169 1333 3242 praedi·

100 3240 184 3298 doliis
198 3245 331 3312 calceari,
351 3247 427 3317 quod
443 3246 551 3302 dictum
567 3253 611 3302 est
624 3263 692 3319 per·
742 3247 872 3314 cationis,
886 3245 1040 3318 quominus
1053 3243 1109 3300 cito
1122 3244 1245 3299 salutem
1258 3256 1331 3323 prae-

99 3313 223 3372 missiue.
243 3318 321 3373 Unde
336 3325 365 3373 et
384 3319 454 3373 illud
474 3319 509 3374 de
525 3317 635 3375 duabus
646 3325 692 3375 tu·
742 3319 871 3376 dicarent
886 3318 1071 3375 auditoribus.
1102 3313 1161 3385 Vel,
1186 3313 1334 3386 prohibuit

98 3384 171 3441 niois
189 3403 246 3443 non
279 3392 435 3459 portandis,
458 3396 575 3461 exponit
599 3392 693 3447 Hiero
742 3407 779 3447 ne
795 3391 963 3453 salutarent,
976 3387 1084 3444 scilicet
1108 3385 1331 3452 mendositate,

99 3471 210 3530 apmua,
235 3476 291 3516 non
316 3462 351 3516 ad
379 3463 513 3525 litteram,
543 3463 593 3519 sed
616 3463 693 3534 quod
740 3464 815 3519 sicut
847 3461 965 3533 quidam
994 3461 1112 3538 iaciunt,
1145 3459 1193 3528 qui
1219 3471 1276 3512 non
1298 3469 1332 3511 ex

99 3543 157 3585 una
173 3533 271 3588 tunica
284 3533 395 3589 dicatur
415 3533 618 3591 vestimentum
639 3549 691 3590 ne·
742 3535 838 3591 studio
858 3535 978 3589 salutem
993 3532 1109 3602 optandi
1122 3530 1246 3609 salutare
1262 3541 1332 3583 con·

99 3603 265 3659 cessarium.
293 3607 419 3660 secunda
443 3607 630 3676 superfluum,
655 3619 692 3660 ne
740 3608 910 3669 sueverunt;
941 3603 991 3658 sod
1022 3617 1081 3657 non
1109 3600 1254 3669 probibuit
1278 3598 1333 3654 hoc

99 3668 157 3748 alio
194 3671 288 3726 vestiti
314 3674 391 3728 aliud
422 3675 503 3729 nobis
532 3677 691 3731 futurorum
742 3675 853 3731 lieriex
870 3675 999 3741 caritate,
1017 3679 1045 3728 et
1062 3673 1098 3727 ail
1114 3669 1332 3738 consulendum,

98 3742 204 3794 umore
218 3755 373 3798 servemus.
387 3744 453 3812 Sed,
468 3746 491 3798 si
508 3760 565 3800 non
577 3749 693 3815 propter
741 3760 775 3801 ac
786 3744 882 3800 studio
896 3744 1013 3814 optandi
1027 3746 1158 3798 salutem.
1171 3743 1221 3798 Ubi
1238 3746 1333 3797 osten·

99 3809 244 3880 timorem,
260 3814 348 3868 multo
365 3814 457 3868 minus
472 3821 589 3885 propter
600 3819 694 3870 osten·
742 3816 937 3885 diturquanta
950 3812 1097 3885 diligentia
1111 3820 1139 3868 et
1152 3812 1335 3869 festinatione

100 3880 250 3938 tationem.
274 3882 304 3937 ln
325 3899 383 3953 quo
398 3885 692 3955 comprehenduntur,
741 3885 912 3957 praedicator
935 3885 1012 3940 verbi
1041 3886 1129 3940 divini
1159 3885 1244 3940 debet
1267 3881 1335 3938 offi-

101 3953 151 4026 qul
176 3954 320 4025 parthicas
347 3954 479 4023 vestiunt,
495 3962 523 4011 et
545 3969 627 4012 arcas
645 3957 693 4013 iin-
741 3957 815 4013 eium
837 3955 892 4012 sibi
912 3957 1073 4028 injunctum
1093 3971 1235 4021 exercere,
1265 3954 1335 4027 quia

100 4024 191 4096 pleut,
213 4026 304 4097 etqui
319 4042 406 4096 equos
424 4026 586 4083 mutatoriis
605 4030 692 4084 iesti-
741 4043 798 4084 non
813 4028 899 4083 debet
913 4029 949 4084 ab
961 4028 1055 4083 olsicio
1075 4026 1249 4098 huiusmodi,
1266 4040 1336 4098 pro·

98 4103 262 4154 mentorum
287 4104 418 4154 onerant.
435 4098 514 4154 Unde
537 4105 565 4154 et
588 4099 691 4169 Aaou·
741 4106 805 4172 pter
818 4098 1125 4167 familiaritatem‚eum
1136 4102 1335 4169 aliquoretar·

100 4169 192 4224 atinus
207 4186 214 4225 :
233 4171 317 4226 illoc
328 4170 479 4226 deduabus
493 4171 597 4227 tunicis
611 4169 693 4227 intel·
742 4170 815 4228 dari.
833 4172 867 4226 Et
881 4171 945 4226 ideo
961 4173 1131 4236 praedicator
1146 4172 1267 4226 multum
1280 4167 1334 4224 de·

101 4236 248 4311 ligandum
274 4248 327 4315 est,
353 4258 388 4298 ne
412 4241 562 4314 quisquam
589 4256 692 4301 eorum
740 4242 791 4300 bel
803 4243 938 4316 plangere
953 4249 1074 4314 tempus,
1089 4258 1144 4314 quo
1164 4237 1336 4314 praetermit·
