2880 4942
295 389 334 441 DE
362 390 556 443 lllNlSTliltltl
584 393 728 445 intutum
755 393 796 445 Ei
824 394 900 445 OTIO
928 392 1039 445 titula
1067 391 1168 445 iiiut).
1311 394 1356 446 119

127 497 235 578 llartha
275 495 398 623 {pidem
426 495 618 564 ministravit,
644 497 708 579 ,sed
764 496 878 578 Virgine
894 498 1093 579 llaria,·quam
1109 498 1149 555 ila
1162 500 1355 574 murusrirgi-

126 569 257 636 Christ03
298 573 422 636 iscurrit,
441 569 490 625 sed
511 585 563 641 pro
585 570 708 626 Christo.
764 570 837 624 uatis
851 573 1023 639 integritatis
1040 570 1166 641 undique
1181 572 1306 642 vallavit,
1322 578 1353 635 ut

129 639 156 696 Si
170 638 253 696 nobis
263 638 461 708 discurrimus
469 648 630 712 quarentes
646 656 709 768 <pum
753 638 857 696 'nullus
873 656 1009 711 uinquam
1028 639 1153 696 libidinis
1170 658 1302 700 accessus
1316 644 1353 700 ad

129 717 317 780 animasum,
336 716 510 784 aucupantes
529 712 710 794 temporale,
764 727 827 767 eam
866 716 956 780 esset3
988 727 1043 768 uec
1073 728 1175 768 sensus
1201 715 1263 786 ejus
1292 715 1353 772 sola

129 797 178 838 nec
192 784 305 839 Martha
318 799 427 853 sumus,
442 783 492 840 sed
506 788 708 856 negotiatores.
765 782 850 839 etiam
866 782 1037 854 cogitatione
1058 785 1094 839 ali
1108 783 1203 855 aliqua
1220 791 1353 856 tangere·

129 853 207 911 Unde
226 854 250 910 si
270 853 311 911 sic
332 854 480 924 discurris,
495 855 572 928 justa
599 853 710 912 esttibi
765 854 949 923 turlibidirie‚
962 854 1355 913 uuileineaveriticatumest

127 925 215 982 tlendi
230 931 259 982 et
272 926 465 998 conquerendi
479 927 563 983 ratio.
579 928 711 985 Ceterum
765 925 835 983 illud
863 926 1043 983 Canticorum
1059 946 1068 982 .·
1085 930 1186 982 llortus
1211 931 1354 983 conclusus

127 996 150 1052 si
177 998 319 1054 llartham
346 997 512 1069 simpliciter
539 998 611 1070 agis,
639 1000 712 1055 bene
765 1002 860 1065 etsons
869 1002 1006 1067 signatus.
1021 998 1189 1055 -Tertium
1199 1003 1242 1055 est
1253 998 1352 1067 turris,

127 1068 204 1140 agis,
221 1068 246 1124 si
268 1069 441 1125 interlitam
458 1069 594 1126 discurris
612 1075 640 1126 et
655 1071 711 1126 lla·
786 1086 817 1125 er
833 1086 918 1140 quam
938 1068 1106 1151 intelligitur
1121 1069 1275 1139 humilitas,
1290 1086 1353 1142 quie

128 1140 250 1209 abelem,
269 1140 371 1197 melius
392 1140 471 1222 agis;
494 1140 519 1197 si
538 1157 602 1198 curii
624 1140 713 1198 ldaria
765 1085 912 1197 flaminem
927 1142 1058 1213 proieliit
1073 1141 1101 1197 iu
1113 1142 1200 1197 altum
1213 1158 1302 1214 usquc
1317 1141 1353 1199 ad

129 1211 251 1279 sederis,
267 1216 297 1267 et
317 1211 452 1274 audieris,
467 1211 583 1284 optime.
601 1214 712 1270 Bonum
767 1214 881 1281 coelum,
895 1215 976 1285 juxta
993 1213 1061 1269 illud
1079 1231 1086 1268 :
1101 1214 1155 1281 Qui
1170 1230 1198 1268 se
1212 1215 1352 1276 humiliat,

129 1287 172 1337 est
188 1282 330 1339 seminare
346 1283 421 1354 quod
446 1283 495 1340 illa
520 1283 595 1354 tecit,
612 1283 712 1341 melius
768 1285 953 1354 credundum
979 1289 1007 1341 et
1040 1284 1113 1340 sii-ut
1140 1285 1227 1340 turris
1251 1288 1294 1340 est
1317 1284 1352 1341 ad

128 1358 171 1408 est
198 1359 306 1410 metere
332 1354 408 1426 quod
432 1354 498 1413 ista.
515 1357 580 1412 llaec
605 1355 711 1412 idcireo
767 1355 974 1428 protectionem
1000 1355 1127 1412 omnium
1154 1355 1202 1427 qui
1232 1360 1297 1412 sunt
1324 1356 1353 1411 in

126 1423 256 1504 dixerim,
272 1429 304 1481 ut
320 1441 454 1497 magnum
464 1432 578 1498 reputes
591 1427 710 1496 bonum,
768 1435 871 1496 castro,
883 1426 928 1483 sic
943 1427 1088 1484 humilitas
1103 1427 1227 1499 protegit
1242 1436 1270 1482 et
1290 1442 1354 1482 coii-

125 1511 170 1576 sic¹
180 1495 324 1553 alternare
336 1497 429 1555 studia
443 1498 572 1562 istarum,
585 1504 617 1556 ut
634 1514 712 1556 nnnc
767 1504 861 1556 servat
880 1514 980 1556 omnes
999 1498 1118 1555 virtutes
1135 1498 1163 1553 in
1180 1497 1305 1554 homine.
1318 1499 1354 1554 Et

125 1567 212 1648 quieti
233 1583 325 1636 iares,
346 1585 420 1625 nunc
437 1570 630 1641 proximorum
653 1569 712 1627 uti·
766 1572 820 1627 linc
838 1570 1049 1628 munimentum
1074 1569 1162 1627 turris
1184 1568 1352 1626 humilitatis

125 1637 206 1695 litati.
221 1640 283 1695 Una
299 1640 401 1712 quippe
416 1648 444 1697 et
458 1641 558 1698 eadem
570 1649 611 1700 est
623 1642 711 1713 scala,
764 1644 848 1700 ratde
865 1642 1036 1701 conveniens
1052 1648 1095 1699 est
1115 1642 1150 1698 ad
1166 1658 1278 1698 murum
1294 1639 1352 1696 uir·

125 1725 182 1837 gua
212 1710 300 1767 Jacob
333 1713 521 1770 ascendentes
540 1720 568 1770 et
592 1716 711 1771 descen·
766 1714 904 1786 ginitatis,
920 1714 1054 1787 quadus
1071 1712 1351 1770 iniicemsedeien-

144 1784 226 1838 entes
238 1781 309 1839 vidit
324 1784 458 1854 Angelos.
476 1786 629 1842 Rachelem
646 1785 711 1842 dili·
766 1787 837 1843 dunt
848 1790 878 1842 et
891 1785 1128 1843 excellentissime
1147 1785 1175 1840 iii
1191 1785 1276 1841 beuta
1288 1785 1351 1841 Vir·

162 1869 176 1910 ε
196 1868 250 1924 pro
274 1853 377 1925 specie,
403 1861 431 1912 et
450 1855 529 1912 Liam
547 1872 600 1928 pro
619 1856 710 1928 prole.
767 1857 831 1928 gine
847 1858 970 1914 luerunt.
986 1858 1170 1923 -Quartum
1198 1860 1242 1911 est
1260 1856 1351 1910 lassa-

125 1868 231 1980 ffeutra
243 1926 490 1997 ergoproelatoest
503 1928 711 1999 postponenda,
767 1934 840 1995 tum,
849 1944 902 1999 per
915 1927 993 1998 quod
1008 1926 1176 2008 intelligitur
1185 1931 1349 1997 paupertas,

127 1996 178 2052 sed
192 1997 711 2069 utraqueamplectendaUtramvero
768 2016 830 2071 quse
846 2013 960 2054 omnem
987 2003 1201 2053 terreueitatem
1232 2002 1353 2054 evacuet

125 2065 208 2123 alteri
230 2083 394 2140 praeponas,
414 2070 524 2140 ignoro.
538 2070 643 2125 Verum
657 2071 712 2126 hoc
767 2073 803 2127 ab
819 2069 929 2138 anima,
951 2074 978 2125 et
993 2070 1054 2124 liaec
1068 2067 1123 2124 tuit
1141 2067 1170 2124 in
1186 2070 1216 2123 B.
1234 2066 1352 2138 Virgine

126 2137 184 2195 scio
199 2139 287 2210 quod,
303 2144 334 2195 ut
353 2139 423 2196 dicit
436 2140 637 2213 Evangelista:
653 2144 712 2197 Duo
767 2141 865 2209 llaria,
891 2143 926 2196 de
954 2155 1010 2213 qua
1037 2138 1141 2196 dicitur
1166 2139 1242 2212 quod
1267 2142 1351 2198 :Non

125 2214 188 2266 ruat
202 2213 233 2266 tii
246 2211 324 2276 lecto,
339 2226 411 2268 unus
425 2218 589 2281 nommetur,
602 2217 628 2269 et
642 2214 713 2269 atter
767 2216 876 2270 cratete
892 2214 965 2268 locrio
976 2215 1008 2268 iit
1020 2212 1180 2279 diversorio,
1197 2228 1253 2282 quo
1268 2224 1350 2267 suuni

124 2283 196 2337 retiis
215 2287 305 2350 amur,
326 2287 379 2339 etc.
396 2299 403 2339 ε
422 2306 433 2333 ι
449 2285 510 2342 lime
524 2285 711 2341 Hildebertus.
766 2290 880 2358 pareret
903 2283 1015 2341 Filium.
1035 2315 1071 2325 -
1088 2283 1225 2351 Quintum
1244 2287 1289 2338 est
1308 2296 1352 2339 ar·

159 2355 176 2408 8
195 2299 252 2412 gua
265 2372 294 2410 iii
306 2370 352 2411 uia
363 2356 560 2413 Aescurriosrs
571 2357 602 2413 B.
615 2359 712 2413 llliima
766 2363 880 2414 matura
907 2356 943 2412 ad
971 2355 1177 2438 protectionem
1207 2353 1303 2437 castri,
1321 2359 1351 2410 et

124 2440 176 2481 soc
188 2441 311 2482 maaian
325 2428 520 2484 Evincminii‘l
533 2460 569 2470 -
581 2431 646 2485 Haec
659 2445 711 2485 au·
766 2428 997 2501 confugientibus
1013 2428 1049 2484 ad
1066 2430 1095 2483 id
1112 2443 1282 2492 necessaria,
1297 2440 1351 2496 pei·

126 2501 184 2553 tem
205 2497 327 2555 historia
349 2514 412 2569 quae
428 2498 476 2556 hic
491 2499 629 2571 tangitur,
644 2500 712 2557 lieet
766 2517 851 2572 qiiaiii
875 2499 1045 2570 intelligitur
1065 2498 1240 2554 abundantia
1258 2497 1349 2567 pieta-

124 2568 161 2626 atl
184 2569 299 2626 beatam
323 2572 442 2627 llariam
471 2587 530 2627 nnn
557 2571 709 2642 pertineat,
766 2573 818 2638 tis;
838 2587 901 2642 quae
921 2576 965 2625 est
990 2570 1020 2624 iii
1041 2569 1158 2638 Virgine
1181 2570 1274 2634 beata,
1296 2582 1352 2637 qua

125 2643 220 2697 tamen
244 2642 298 2698 hoc
319 2640 505 2712 Evangelium
532 2640 561 2697 in
589 2643 635 2698 die
659 2643 711 2698 ils-
766 2642 889 2714 protegit
907 2646 1069 2711 peccatores
1083 2646 1111 2694 et
1127 2639 1162 2694 ali
1178 2639 1260 2693 hoste
1277 2651 1353 2692 rom·

122 2710 297 2785 sumptionis
311 2714 374 2785 ejus
386 2712 501 2785 legitur,
512 2714 556 2770 vel
567 2712 634 2784 quia
649 2712 711 2785 ipsa
766 2729 880 2785 pressos
897 2710 1036 2792 fugientes
1049 2710 1086 2766 ad
1101 2725 1174 2791 eam.
1199 2742 1213 2748 -
1234 2709 1350 2765 Scitum

123 2787 168 2840 est
188 2784 336 2841 castellum
355 2786 383 2839 iii
406 2785 483 2857 quod
511 2784 647 2842 Dominus
665 2784 710 2841 in·
766 2791 809 2841 est
837 2784 985 2851 alimenta,
1001 2799 1063 2839 sine
1090 2783 1194 2853 quihus
1223 2786 1351 2837 castrum

123 2853 220 2925 iniit,
235 2855 280 2912 vel
295 2855 362 2928 quia
376 2857 447 2912 vitas
469 2861 497 2912 et
519 2856 614 2914 officia
639 2855 710 2913 ista·
765 2855 927 2913 conseruari
947 2871 1005 2911 non
1021 2859 1124 2927 potest,
1141 2869 1194 2924 per
1223 2869 1286 2925 quie
1309 2851 1352 2908 iu·

122 2941 187 2983 ruisi
201 2941 331 2984 sororum
344 2927 452 2984 habuit.
463 2929 616 2986 Castellum
631 2927 710 3001 quip
765 2928 902 3001 telligitur
922 2926 1005 3009 copia
1023 2926 1154 3008 'alimenti
1176 2922 1349 2998 spiritualim

122 3012 159 3070 pe
175 2997 230 3055 luit
253 3014 356 3070 corpus
384 2997 560 3057 intemeratas
585 2998 710 3071 Virginis
765 3017 851 3071 qiiain
878 2999 1118 3056 sufficientissime
1147 3015 1175 3053 in
1206 3015 1236 3054 se
1265 2998 1351 3053 beata

122 3068 232 3139 uada,
252 3071 328 3142 quod
341 3070 455 3128 intravit
470 3074 605 3129 Dominus
625 3075 709 3129 lesus
763 3074 850 3143 Virgo
863 3071 974 3140 haliuit,
988 3071 1050 3143 ipsa
1063 3069 1139 3126 enim
1156 3069 1229 3126 iutra
1242 3085 1272 3125 se
1286 3083 1352 3149 con3

123 3142 155 3197 iii
183 3140 378 3213 conceptione.
395 3143 477 3210 Quod
505 3145 578 3201 liene
606 3143 709 3200 dicitur
764 3143 874 3200 tinebat
900 3158 1004 3214 panem
1025 3143 1121 3198 rivum
1141 3147 1169 3197 et
1187 3155 1287 3197 rerum
1302 3154 1352 3210 qui

123 3212 282 3278 castellum,
319 3218 415 3286 repter
432 3218 542 3287 septem
559 3231 707 3286 quaecon-
763 3216 799 3271 de
819 3215 890 3270 coelo
908 3212 1065 3269 descendit.
1082 3241 1117 3253 -
1137 3211 1294 3281 Septimum
1309 3213 1352 3265 est

123 3282 245 3342 stituuut
261 3229 357 3343 noina
369 3291 505 3343 castrum.
523 3285 649 3342 Primum
664 3291 708 3342 est
764 3288 867 3341 durius
894 3285 1054 3365 continens,
1073 3297 1127 3363 per
1147 3298 1231 3352 quem
1249 3279 1351 3361 iutelli-

122 3354 194 3413 situs
218 3356 303 3425 altus,
318 3362 350 3413 ut
372 3356 504 3412 videlicet
527 3362 652 3413 castrum
671 3356 708 3412 sit
764 3357 841 3437 gitur
850 3355 1107 3432 plenitudogratias
1115 3370 1122 3419 3
1136 3368 1199 3432 qum
1215 3352 1352 3406 conlluxit

121 3427 154 3484 in
168 3427 226 3485 alto
244 3427 340 3496 situm,
357 3443 410 3499 per
426 3427 503 3498 quod
521 3426 709 3500 spiritualiter
764 3443 794 3482 in
816 3428 899 3481 beata
916 3423 1044 3494 Virgine,
1064 3439 1109 3477 cni
1129 3422 1235 3477 dictum
1253 3427 1295 3476 est
1315 3420 1352 3502 ab

123 3496 244 3556 altitudo
258 3498 323 3556 ritae
339 3498 497 3582 spiritualis
513 3497 661 3569 accipitur,
677 3505 710 3554 ut
764 3499 872 3567 Angeto
889 3512 897 3550 ι
913 3497 981 3565 Ave,
1000 3496 1095 3564 pratia
1110 3494 1201 3574 plena.
1217 3491 1297 3548 Unde
1313 3498 1353 3548 ait

122 3570 209 3627 liemo
224 3570 377 3653 spiritualis
402 3570 439 3626 sit
460 3569 586 3626 elevatus
610 3570 646 3626 ab
663 3568 708 3626 iii-
764 3571 946 3636 Hieronymus
975 3585 1021 3622 :«
1048 3566 1155 3646 Ceteris
1193 3581 1229 3647 er⁸
1245 3567 1352 3646 partes,

123 3640 288 3713 quietudine
302 3648 332 3698 et
345 3640 497 3723 allectione
508 3657 606 3698 eorum
617 3639 665 3770 spui
679 3639 709 3724 in
766 3639 862 3697 llariae
877 3643 973 3721 autern
988 3653 1019 3694 se
1035 3639 1125 3693 totam
1141 3581 1244 3693 infudit
1259 3635 1351 3709 pleni·

122 3714 230 3771 mundo
246 3719 322 3781 sunt,
335 3721 363 3771 et
377 3714 406 3769 in
424 3713 573 3771 altitudine
583 3730 626 3770 coe
638 3719 709 3771 esti·
765 3713 834 3770 tudo
849 3717 958 3784 gratia.
976 3730 990 3761 a

124 3799 171 3841 uin
194 3785 402 3843 desideriorum
424 3789 453 3842 et
471 3785 710 3859 contemplatione
802 3786 1009 3857 9Arrniciircii
1031 3799 1088 3838 nise
1112 3799 1240 3839 iiisroniii
1261 3795 1355 3835 saara

124 3854 297 3914 divinorum.
326 3857 402 3914 Talis
427 3856 480 3913 luit
507 3859 592 3915 beata
623 3858 710 3929 Virgo
766 3859 863 3915 Manis
877 3858 997 3913 Vincisi.
1013 3885 1045 3897 -
1061 3857 1261 3923 intrauitergo
1275 3854 1355 3908 lesus

125 3926 225 3998 liaris,
241 3944 304 3999 quae
328 3929 508 3986 altitudinem
533 3930 602 3987 ritae
625 3946 639 3986 s
660 3929 710 3986 iri-
766 3934 796 3985 i'n
812 3929 952 4000 quoddam
968 3923 1354 4003 castellumscilieetiuliea·

124 3998 210 4056 tualis
231 4000 468 4057 excellentissime
487 4000 517 4058 in
544 4017 575 4058 se
600 3946 710 4070 laguil,
767 4006 824 4057 tani
847 3999 1003 4072 Virginem,
1019 3997 1050 4054 in
1074 4000 1264 4076 quamnvenit
1293 4006 1355 4063 ipse

124 4070 220 4142 quoad
231 4072 329 4128 omnia
339 4072 485 4199 predicta.
500 4102 536 4115 -
552 4072 713 4130 Secundum
769 4075 843 4128 Deus
858 4071 894 4127 ad
908 4071 1130 4142 expugnandum
1149 4068 1294 4148 diabolum
1308 4078 1315 4131 3
1328 4066 1356 4145 et

124 4145 169 4199 est
194 4157 297 4199 murus
326 4159 440 4201 causus
466 4149 496 4200 et
524 4144 635 4213 firmus,
662 4159 714 4216 per
768 4145 868 4198 mulier
896 4143 1022 4213 quadum
1052 4141 1166 4196 Merita
1193 4149 1311 4199 nomine,
1325 4132 1356 4189 id

125 4228 214 4287 quem
232 4212 403 4287 intelligitur
420 4216 507 4271 tirma
531 4216 663 4273 clausura
685 4220 714 4271 et
769 4220 813 4270 est
827 4215 911 4271 beata
933 4213 1031 4338 Virgo,
1047 4212 1154 4291 accepit
1167 4209 1247 4262 titum
1265 4209 1295 4262 in
1307 4205 1356 4262 de.

127 4283 197 4358 vigil
213 4284 343 4343 custodia
360 4285 508 4358 virginalis
525 4285 714 4359 integritatis3
771 4303 844 4341 mitrii
861 4301 952 4352 cuam,
969 4300 977 4337 i
1015 4286 1058 4338 est
1076 4298 1106 4335 iii
1126 4284 1239 4335 uterum
1255 4291 1355 4363 snum3

126 4370 193 4428 qu:
217 4356 456 4416 “attentissime
488 4357 542 4415 init
571 4359 603 4415 iii
630 4359 716 4417 beata
772 4363 798 4414 et
813 4358 877 4413 laic
896 4360 956 4412 erat
974 4368 1052 4410 soror
1065 4353 1173 4409 nomine
1186 4352 1291 4408 Mena.
1306 4350 1358 4406 Bc·
