2880 4942
167 390 214 443 lbi

165 493 238 551 stolo
250 491 342 549 simile
355 490 460 547 donum
470 485 598 558 accipere
609 484 749 554 mansisti,
776 486 780 555 l

164 565 213 639 qui
240 563 309 621 dixit
329 579 337 618 ε
356 561 485 618 Libenter
502 558 641 628 gloriabor
661 560 692 613 in
710 560 755 613 iu·
775 566 779 619 t

164 636 344 709 {trattattbus
363 635 441 696 meis,
458 636 490 687 ut
509 630 647 686 inhabitet
661 630 692 684 iu
710 645 754 685 me
775 622 778 645 '

164 712 254 766 vetus
283 707 396 764 Giristi.
413 704 446 758 Et
473 717 611 783 rursum:
635 702 776 783 Quaudaj

163 782 236 837 enim
251 781 384 849 infirmor.
403 779 468 830 tuuc
481 772 582 831 tortior
601 776 630 829 et
652 778 750 843 potera
773 796 775 825 ;

163 867 234 908 satu.
251 849 279 907 Si
298 848 414 919 frigore,
429 847 452 902 si
476 844 603 901 febribus
627 844 747 917 castiga·
772 848 775 891 ἒ

164 915 747 1062 lu‘⁰⁹lusistislusistis*
771 904 774 1001 7

221 1010 295 1049 meus
584 1029 586 1033 .
737 1007 747 1055 ‚-

166 1064 233 1137 quia
253 1064 398 1120 residuum
427 1066 480 1130 est,
499 1066 530 1117 ut
556 1059 700 1117 inducaris
718 1059 774 1139 in,'
801 1062 867 1128 seis,
889 1063 930 1128 tu,

164 1135 354 1208 refrigerium.
371 1135 469 1192 clama
489 1132 576 1188 etium
593 1149 656 1188 cum
677 1133 748 1188 Pro·
770 1144 773 1199 ξ

164 1210 252 1337 pheta
268 1225 275 1264 ε
291 1211 323 1264 lu
348 1208 528 1262 tribulatione
551 1205 680 1261 dilatasti
695 1220 745 1260 me.
770 1202 773 1263 !

541 378 649 433 ΗΜ
676 376 792 434 rttttts
821 378 926 432 attur
951 376 1034 433 LXVI

845 485 1014 541 autumn
1040 498 1231 541 mauruntum
1258 502 1293 542 ιτ
1305 504 1396 548 unm

808 573 909 613 causa.
926 558 1006 612 -Et
1021 553 1085 612 ideo
1107 560 1249 628 martyres
1273 560 1394 620 maxime

807 626 1053 695 commendantur,
1067 625 1134 698 quia
1150 627 1251 699 plures
1265 631 1394 691 sustinu-

806 703 891 757 erunt
909 704 1025 773 propter
1043 714 1170 756 amorem
1189 700 1241 757 Dei
1261 702 1396 763 lenutio·

806 788 867 841 nes,
897 775 997 829 contra
1019 771 1173 828 humanam
1201 773 1390 834 voluntatem.

806 843 884 926 Unde
901 842 1026 925 Eleazar,
1040 842 1115 925 dum⁸
1131 842 1388 925 plagdsperimero·

803 919 860 982 tur,
876 918 1016 986 ingemuit
1038 918 1067 971 et
1089 915 1158 971 drmt
1173 931 1180 970 :
1194 919 1325 979 Domine.
1340 922 1388 991 gui

804 988 889 1043 babes
916 988 1061 1073 seientiam
1086 992 1224 1057 sanatam,
1244 993 1390 1059 manifeste

803 1132 927 1203 liberari,
945 1075 1030 1187 ms
1041 1065 1385 1202 oetgepozismgffiinssffl

802 1204 895 1271 lores,·
920 1202 1067 1260 secuudum
1094 1204 1219 1258 animam
1245 1220 1311 1261 aero
1329 1222 1389 1278 pra-

190 1281 313 1337 erlectus
339 1276 493 1334 animeris
518 1292 570 1348 ρετ
587 1274 747 1348 huiusmodi
770 1290 772 1347 j
801 1281 865 1346 pter
877 1291 993 1331 amorem
1001 1280 1077 1330 tuum
1088 1275 1204 1330 libenter
1212 1276 1270 1332 leae
1284 1281 1383 1347 pmiar.

164 1350 375 1409 tribulationes.
392 1349 420 1406 Si
434 1350 506 1405 torte
517 1346 625 1404 amittis
638 1348 746 1416 oculos,
769 1352 772 1359 '
802 1351 833 1403 tn
849 1346 984 1420 martyrio
997 1345 1073 1402 enim
1098 1361 1155 1402 non
1177 1346 1305 1405 debetur
1316 1365 1384 1422 pra·

165 1440 223 1480 non
238 1424 314 1480 ieras
328 1420 463 1491 graviter,
478 1419 649 1475 extollentiae
670 1418 746 1475 enim
771 1424 773 1449 t

165 1495 385 1552 instrumentum
400 1490 519 1546 amisisti
533 1508 541 1559 ;
562 1490 612 1546 sed
629 1489 747 1546 interio·
771 1500 774 1551 2

166 1567 245 1622 ribus
268 1563 358 1621 oculis
382 1562 503 1634 gloriam
532 1561 581 1617 Dei
607 1560 748 1634 speculari

164 1636 367 1693 studesurdus
386 1636 477 1689 tactus
500 1648 541 1699 es,
559 1649 616 1688 non
630 1633 739 1689 contri-

167 1707 264 1777 steris,
281 1704 347 1778 quia
358 1705 486 1761 auditum
502 1719 605 1761 vanum
618 1704 748 1761 amisisti.
773 1726 775 1761 r

166 1782 266 1837 Manus
283 1786 338 1835 tuen
352 1794 385 1834 er
400 1776 496 1848 aliqua
520 1776 653 1849 passione
668 1776 748 1833 debi-

166 1850 254 1908 litata
282 1856 365 1916 sunt:
392 1848 440 1906 sed
465 1847 617 1906 interiores
636 1854 751 1921 paratas
773 1888 775 1903 .

165 1924 274 1981 habeas
288 1923 425 1980 adversus
442 1919 549 1977 inimici
564 1923 748 1978 tentationes.

165 1995 321 2054 lutlrmitas
334 2000 424 2050 totum
439 2008 544 2066 corpus
558 1998 638 2051 tuum
650 1997 747 2063 tenet;

165 2070 215 2125 sed
234 2066 361 2124 interiori
377 2064 485 2121 heulini
506 2064 614 2123 sanitas
635 2065 747 2122 crescit.

164 2140 240 2196 Nihil
257 2138 333 2196 enim
350 2138 427 2193 atiud
453 2142 497 2193 est
523 2138 661 2208 aegritudo
685 2153 750 2193 cor-

165 2211 254 2282 poris,
270 2225 356 2280 quam
370 2207 478 2264 sanitas
493 2209 606 2265 mentis.
625 2208 652 2266 Si
668 2208 749 2264 intir-
775 2270 777 2275 ,

165 2284 250 2337 milas
264 2281 330 2335 talis
344 2278 394 2333 titri
418 2277 514 2347 tuerit,
530 2286 636 2336 utnon
656 2278 750 2351 possis
775 2282 778 2349 ζ

167 2356 244 2409 stare
272 2351 307 2406 ad
338 2350 477 2405 orandum
507 2356 537 2405 et
563 2351 751 2421 psallendum,

166 2438 225 2479 non
239 2420 415 2479 contristeris
431 2420 511 2489 inda;
531 2424 598 2493 quia
617 2422 680 2493 ipsa
706 2422 751 2478 in-
776 2428 778 2433 ’

166 2494 289 2552 firmitas
304 2497 367 2551 orat
391 2508 444 2566 pro
459 2498 495 2549 te.
513 2492 541 2550 Si
555 2495 677 2567 jejunas,
693 2511 752 2551 uon

166 2565 219 2625 tibi
251 2565 381 2623 invenias
418 2564 608 2635 occasionem,
633 2565 753 2623 dicendo

166 2639 235 2722 quia
249 2648 384 2712 gravatus
398 2637 427 2694 in
443 2638 641 2709 egritudinem
657 2638 753 2696 incur·
778 2698 780 2703 ,

165 2710 251 2767 rrsti:
272 2710 416 2783 quoniam.
437 2714 465 2766 et
478 2709 528 2781 qui
544 2727 600 2766 non
610 2711 753 2783 jejunant,

166 2780 274 2838 similes
306 2780 490 2862 aegritudines
521 2779 683 2838 incurrunt.
706 2784 750 2837 tn·

165 2852 275 2909 choasti
302 2850 409 2921 ahquid
435 2850 513 2917 boni,
530 2868 586 2907 non
609 2852 751 2909 revoceris
778 2902 780 2911 ,

164 2934 218 3005 ρετ
240 2922 444 2994 impedimenta
469 2920 575 2977 inimici
592 2923 751 2993 :quoniam
777 2930 780 2983 ζ

162 2993 275 3067 Jejunia
303 2997 331 3048 el
359 2993 473 3048 labores
499 2993 581 3050 nobis
606 2994 751 3053 constituti
777 3060 779 3067 ¹

164 3070 240 3136 sunt,
266 3070 382 3147 propter
409 3068 508 3136 turpes
539 3064 750 3124 delectationes.
776 3106 779 3141 ;

166 3139 232 3194 Haec
246 3152 344 3194 omma
360 3135 441 3193 uobis
484 3135 617 3193 roticiunt
641 3137 676 3193 ad
703 3138 752 3196 de-

164 3210 301 3266 struenda
313 3208 441 3281 corporis
475 3208 607 3266 esidoria.
619 3209 750 3282 Quapro-

162 3286 227 3355 pter
240 3282 331 3339 discat
348 3298 406 3338 non
421 3297 601 3338 murmurare
615 3282 663 3353 qui
678 3281 751 3355 pati·
773 3280 776 3353 ,ἲ

162 3360 218 3424 tur,
235 3354 259 3411 si
287 3354 400 3426 ignorat
427 3370 478 3411 cur
504 3353 627 3426 patitur;
646 3359 675 3410 et
697 3370 749 3426 per
772 3356 775 3425 ,¹

803 1418 891 1475 mium
906 1418 1062 1475 secundum
1076 1418 1140 1487 hoe,
1157 1419 1237 1489 quod
1256 1421 1298 1476 ab
1315 1426 1384 1479 esta·

802 1490 871 1546 riori
904 1489 1050 1573 infligitur,
1071 1488 1121 1547 sed
1149 1491 1314 1549 secundum
1329 1493 1387 1563 boc,

803 1561 879 1634 quod
901 1579 954 1635 pro
969 1564 1096 1644 'Christo
1117 1561 1283 1620 voluntarie
1311 1564 1384 1622 susti·

804 1639 910 1690 netur:
928 1650 996 1706 qma
1010 1650 1069 1691 nan
1085 1648 1241 1703 meremur,
1258 1634 1317 1693 uisi
1340 1652 1384 1709 par

803 1722 838 1763 ea
852 1721 916 1776 qrrae
931 1712 996 1762 sunt
1011 1704 1042 1761 in
1059 1704 1151 1775 nobis,
1167 1712 1197 1762 et
1212 1722 1273 1763 nau
1288 1724 1341 1781 per
1354 1722 1383 1765 aa

804 1794 867 1849 qum
882 1782 948 1834 sunt
965 1781 1044 1834 extra
1057 1793 1122 1846 nos;
1142 1777 1217 1834 sicut
1232 1794 1289 1835 trec
1301 1781 1387 1838 deme»

804 1865 911 1916 remur,
928 1847 984 1905 uisi
1012 1864 1065 1921 per
1089 1864 1124 1906 ea
1145 1856 1300 1921 quaesunt
1320 1854 1385 1909 intra

805 1938 866 1977 nos.
883 1922 993 1988 Quanto
1015 1924 1111 1977 autem
1129 1920 1201 1977 illud
1226 1924 1308 1993 quod
1327 1922 1384 1996 quit

805 1992 926 2049 sustinet
938 1991 1109 2063 voluntarie,
1123 1991 1274 2050 difficilius
1286 2002 1332 2052 est
1344 2010 1385 2052 ra·

806 2063 907 2121 luntati
941 2063 1098 2134 sustinere;
1133 2069 1215 2121 tanto
1249 2067 1387 2137 voluntas,

807 2153 880 2209 quae,
892 2136 1169 2208 propterCtuistum‚
1178 2135 1249 2193 illud
1261 2139 1388 2207 sustinet,

806 2207 967 2264 ostenditur
995 2207 1105 2264 firmius
1131 2206 1160 2263 in
1188 2209 1307 2267 Christo
1337 2210 1387 2269 tin

806 2297 869 2337 esse
880 2297 886 2346 ;
899 2285 928 2335 et
938 2278 1002 2336 ideo
1012 2278 1194 2337 excellentius
1206 2280 1231 2336 ei
1240 2282 1387 2363 praemiutu

807 2352 937 2408 debetur.
962 2351 1004 2407 Ad
1027 2351 1183 2408 efficaciam
1203 2367 1313 2426 quippe
1337 2369 1389 2411 me

807 2421 890 2479 rendi
902 2421 958 2477 tria
970 2423 1074 2481 valent.
1090 2454 1124 2465 -
1137 2423 1267 2480 Primum
1282 2431 1326 2482 est
1337 2424 1388 2482 dit·

808 2495 920 2551 sscultas
934 2494 1039 2567 operis,
1055 2496 1131 2579 quod
1149 2502 1227 2566 patet
1240 2496 1272 2553 in
1288 2503 1389 2569 marty·

808 2566 874 2623 rio:
893 2565 969 2637 quia,
990 2573 1021 2624 ut
1042 2574 1083 2624 art
1101 2567 1261 2635 Gregorius,
1279 2568 1390 2642 majoris

809 2638 904 2695 meriti
914 2643 957 2695 ost
968 2639 1088 2697 adversa
1102 2638 1245 2711 patienter
1259 2640 1388 2709 tolerare,

809 2726 895 2784 quam
925 2710 1010 2767 bouis
1036 2711 1171 2784 operibus
1195 2710 1342 2771 insudare.
1357 2742 1388 2759 -

810 2783 970 2840 Secundum
991 2786 1035 2840 est
1051 2783 1244 2856 promptitudo
1267 2784 1392 2843 volunt»

810 2854 845 2910 tis
861 2873 869 2911 :
888 2853 966 2926 quia,
979 2856 1134 2912 secundum
1149 2855 1328 2927 Apostolum,
1342 2858 1388 2913 ut

809 2926 893 2981 larem
921 2927 1045 2983 datorem
1061 2928 1157 2996 diligit
1181 2930 1272 2997 Iterum
1291 2934 1331 2999 et,
1348 2944 1390 2995 sap

808 2999 934 3055 cundum
954 2998 1152 3068 Augurinum,
1171 3014 1259 3056 nemo
1283 2999 1384 3059 inritus

806 3069 960 3139 benefacit,
984 3070 1096 3127 etiamsi
1119 3072 1225 3127 bonum
1251 3070 1289 3128 sit
1314 3070 1387 3145 quad

806 3140 882 3198 iacit.
899 3172 935 3183 -
952 3142 1079 3199 Tertium
1098 3146 1142 3199 est
1162 3142 1332 3213 magnitudo
1344 3158 1387 3204 ca·

805 3211 899 3269 ritatis
915 3230 922 3268 ε
938 3212 1005 3296 quia
1019 3213 1081 3286 ipsa
1100 3213 1204 3271 caritas
1218 3214 1335 3286 pondus
1347 3216 1386 3273 est

805 3284 976 3355 sanctuarii,
1004 3286 1159 3343 secundum
1212 3288 1273 3343 uod
1298 3286 1388 3345 omn'n

804 3373 867 3428 qua
877 3355 906 3412 in
918 3358 1024 3430 templo
1033 3363 1124 3427 erant,
1134 3302 1383 3430 ponaerabautum

161 3425 216 3483 hoc
227 3427 303 3509 juste
319 3443 349 3483 se
364 3425 422 3499 pati
438 3424 602 3495 arbitretur,
618 3426 695 3498 quod
709 3428 746 3485 ab
771 3436 774 3501 ,
802 3434 832 3484 et
855 3427 920 3485 ideo
949 3445 1022 3502 opus
1044 3434 1154 3487 tantum
1182 3429 1212 3485 in
1234 3436 1384 3503 conspectu

160 3494 211 3554 illo
226 3498 381 3570 judicatur,
396 3499 477 3571 cujus
503 3514 660 3582 numquam
670 3497 746 3571 judi·
769 3550 772 3575 ,
801 3499 909 3557 indicis
930 3501 1228 3573 ponderat,quautum
1253 3509 1282 3559 et
1300 3516 1378 3560 amor

161 3567 206 3624 cia
219 3568 326 3641 injusta
337 3576 412 3627 sunt.
430 3571 483 3638 Qui
498 3585 530 3627 ετ
550 3587 611 3627 om
625 3569 747 3642 tlagetlis
801 3572 880 3628 unde
905 3572 1043 3643 procedit.
1067 3573 1159 3645 Opera
1189 3579 1286 3630 autem
1314 3575 1383 3633 bans

160 3646 331 3708 manumet,
348 3588 652 3713 justitiamjufficantis
665 3658 747 3699 accu-
802 3642 948 3701 meritoria
970 3649 1036 3702 sunt
1055 3644 1154 3715 idum,
1176 3643 1286 3703 scilicet
1302 3644 1384 3703 :riu

159 3712 219 3778 sat;
247 3710 308 3792 qui·
330 3713 499 3793 veraniusle
525 3713 704 3797 recognoscit
728 3727 746 3770 a
801 3719 927 3785 oeternae,
946 3717 1090 3787 augmenti
1110 3715 1221 3790 gratim,
1235 3716 1379 3775 remissiu-

155 3779 234 3854 justo
246 3780 343 3853 Judrce
357 3784 417 3854 patr
439 3782 516 3856 quod
538 3788 671 3866 sustinet¹
690 3782 746 3841 eti·
800 3784 846 3841 nis
858 3801 960 3857 poeuae.
979 3787 1119 3858 Primum,
1135 3787 1244 3845 scilicet
1259 3790 1383 3847 substan·

158 3851 232 3911 amsi
246 3868 361 3910 cauam
387 3869 439 3935 pro
463 3870 520 3927 qua
539 3854 648 3928 patitur
661 3871 746 3927 rgna-
800 3855 868 3912 tiale
884 3857 1034 3929 praemium
1043 3860 1109 3917 ritae
1123 3866 1251 3929 aeternce,
1265 3876 1382 3945 respou-

157 3931 215 3996 rot,
241 3939 294 3999 per
323 3926 378 4008 hoc
402 3940 463 3997 Jam
489 3926 674 3997 justificatur,
692 3942 747 4000 ρετ
801 3927 850 3984 det
874 3930 963 3987 radici
989 3931 1095 4005 operis,
1123 3930 1233 3988 scilicet
1262 3930 1382 3991 dammi.

157 3997 235 4072 quod
255 4003 439 4071 semetipsum
458 4002 572 4056 accusat
587 4003 616 4055 et
636 3997 684 4056 Dei
698 4000 747 4072 τέ·
802 4000 955 4061 Praemium
978 4018 1046 4061 raro
1062 4002 1256 4075 socidentale,
1278 4002 1383 4062 scilieet
1428 3994 1430 4019 '

156 4070 264 4129 stitiam
276 4070 384 4129 laudat.
397 4067 486 4141 igitur
495 4085 547 4143 pro
561 4069 683 4142 Christo,
694 4086 747 4154 pro
800 4078 984 4143 augmentum
995 4073 1105 4159 gratia,
1116 4076 1274 4147 respondet
1287 4070 1383 4149 generi
1428 4080 1430 4099 ²

152 4140 222 4212 tide,
238 4158 292 4216 pro
310 4142 441 4212 veritate,
469 4157 522 4214 pro
540 4141 657 4216 justitia
681 4142 747 4200 uri·
801 4143 896 4216 operis
914 4145 1004 4218 equis
1023 4147 1160 4221 operibus
1178 4148 1379 4207 excellentibus
1427 4152 1430 4185 ¹

152 4212 218 4272 liter
235 4213 377 4288 usquead
397 4220 519 4272 mortem
538 4220 701 4287 certemus3
716 4220 747 4273 et
800 4221 830 4272 et
851 4217 986 4288 operibus
1012 4216 1275 4291 supererogationis
1295 4232 1382 4279 τττετο·
1428 4236 1430 4281 :

153 4354 285 4425 adram,
310 4372 365 4417 nos
386 4355 516 4432 qucum
539 4372 744 4434 preparemus.
799 4359 935 4434 operibus
959 4360 1034 4421 ubis.
1050 4360 1192 4422 ltamrasio
1210 4370 1313 4425 suun
1326 4376 1384 4441 pa·

152 4285 192 4345 sd
218 4286 412 4345 sufferendum
438 4302 492 4359 pra
517 4288 575 4344 Dea
600 4286 747 4360 patienter
800 4287 1165 4373 murmagisaugmentum
1174 4291 1382 4367 grauaqnm

99 4606 210 4648 *a

1424 4560 1430 4902 l
