2880 4942
140 346 172 405 dl
540 346 650 400 Pullis
676 346 794 402 murts
822 342 927 399 turbt
954 343 972 397 1,

140 458 331 516 intentionem
346 454 544 527 praecipleniis.
559 453 639 510 Unde
656 455 731 511 Deus

785 454 930 520 dimento,
951 451 1052 510 babuit
1077 451 1213 523 loquendi
1240 450 1380 526 officium,

138 530 224 604 jussit
250 529 349 597 taceri,
381 543 440 583 non
471 524 649 596 simpliciter,
680 526 731 591 sed
784 525 858 582 sicut
879 523 966 597 prius.
983 523 1016 582 ln
1040 539 1107 594 quo,
1124 524 1281 582 secundum
1295 527 1378 584 Hilu-

139 608 256 674 propter
279 601 410 674 gloriam,
426 602 470 654 ast
485 597 573 652 taceri
606 612 663 652 non
684 613 732 669 po·

140 674 321 743 initimum
346 676 398 735 est,
415 669 521 725 utiliter
538 675 653 740 propter
674 669 729 725 ali·

141 760 224 801 orum
237 744 368 800 salutem.
384 743 453 798 Nam
469 755 527 796 non
546 755 626 810 posse
652 739 730 796 utili·

140 821 186 872 ter
198 813 272 883 deri,
289 814 395 871 dicitur
419 812 574 869 secundum
602 811 649 882 jus
671 827 729 867 non

140 901 223 958 posse
234 885 306 942 fieri.
325 887 364 943 De
379 886 433 941 boc
445 883 532 940 etiam
544 881 633 939 habes
645 899 731 955 supra

141 957 177 1014 de
191 958 338 1013 curatione
353 956 467 1026 leprosi.

177 1029 279 1096 UQnin
294 1045 458 1085 imnoonicn
477 1046 510 1083 nr
529 1042 732 1084 seinirnimrrn

142 1118 193 1157 ruri
206 1118 258 1156 iios
273 1118 359 1157 cecos
374 1100 563 1156 nnsiounrmi‘l
577 1131 610 1141 -
620 1097 731 1180 dilege-

140 1172 211 1241 rice,
229 1180 346 1244 uterque
361 1172 479 1243 populus
505 1187 598 1228 caecus
623 1176 651 1226 et
667 1183 730 1225 sine

140 1243 248 1301 lumine
276 1244 402 1301 veritatis
435 1249 512 1314 erat,
534 1242 653 1299 Domino
680 1255 731 1311 per

139 1315 194 1373 linc
206 1316 332 1372 seculum
345 1322 509 1372 transeunte
522 1333 529 1383 ;
546 1320 575 1371 et
586 1313 640 1371 nisi
654 1319 728 1369 uter-

138 1401 195 1513 ἓιτε
218 1390 248 1443 ln
266 1387 392 1455 domum,
419 1387 512 1443 idest
543 1387 571 1440 iu
599 1390 727 1440 sanctam

162 1459 292 1514 eclesiam
309 1458 413 1524 veniat,
438 1463 466 1512 et
490 1457 577 1513 serbo
600 1456 650 1512 Dei
670 1469 730 1510 cre·

140 1529 199 1598 dat,
215 1530 311 1584 lumen
331 1544 388 1584 non
404 1534 530 1583 meretur
544 1527 681 1597 recipere.
695 1527 728 1581 ln

138 1598 202 1671 ipsa
225 1600 301 1656 enini
327 1596 460 1663 Ecclesia,
479 1599 507 1654 in
532 1613 618 1669 qnam
648 1597 728 1653 venit

139 1670 268 1728 Christus
294 1686 345 1741 per
371 1684 499 1737 carnem,
530 1667 728 1724 illuminantur

139 1743 207 1799 caeci
238 1758 289 1813 per
317 1741 402 1797 fidem
431 1739 536 1797 Christi
573 1739 724 1796 incarnati.

139 1814 219 1872 Unde
233 1815 397 1883 Rmutpius:
416 1830 430 1863 (t
454 1811 612 1884 Allegorice
630 1817 725 1867 autem

138 1900 190 1957 per
217 1887 269 1942 lios
294 1886 365 1941 duos
379 1899 481 1952 caecos,
496 1884 552 1940 duo
568 1882 663 1954 populi
680 1882 726 1938 de·

137 1959 298 2032 signantur,
312 1957 340 2013 id
354 1964 397 2012 est
410 1956 542 2012 Judaicus
555 1961 583 2011 el
595 1954 723 2012 Gentilis.

136 2031 178 2086 De
193 2036 315 2101 utroque
339 2036 434 2086 autem
460 2028 562 2098 populo
581 2027 609 2082 iii
623 2042 654 2082 se
667 2041 726 2084 crc-

137 2102 237 2157 dentes
252 2101 420 2156 illominaiit
432 2099 461 2154 in
474 2099 570 2167 domo,
582 2113 724 2169 perquam

136 2169 306 2239 intelligitur
343 2170 489 2237 Ecclesia,
519 2171 586 2241 qiua
618 2169 724 2239 absque

136 2241 245 2298 unitate
265 2241 396 2295 Ecclesiae
416 2240 509 2295 nullus
534 2239 637 2295 salvari
663 2254 723 2294 nie·

135 2317 226 2368 retur.
257 2312 297 2366 llli
316 2316 422 2376 antem,
451 2312 500 2380 qui
529 2308 722 2377 crediderunt,

135 2382 289 2442 adveutum
300 2381 412 2437 Domini
424 2381 490 2437 lesu
501 2397 552 2454 per
560 2381 723 2437 universum

135 2455 235 2513 orbem
263 2452 504 2511 diffamaverunt:
522 2472 536 2506 o
556 2453 617 2509 baec
632 2454 723 2510 llemi-

135 2529 209 2598 pt'us.
224 2557 255 2569 -
272 2525 465 2597 Spiritualiter
484 2526 569 2581 etiam
586 2526 641 2581 duo
656 2525 723 2580 caeci

26 2592 31 2601 ’
135 2599 373 2656 suntintellectus
396 2605 425 2654 et
447 2597 574 2654 allectus.
591 2598 651 2653 Duo
676 2613 725 2653 aii·

135 2676 192 2727 tem
218 2677 285 2726 sunt
310 2671 384 2726 oculi
412 2668 572 2726 intellectus
592 2670 722 2737 :dexter,

133 2741 205 2798 fides
228 2740 401 2810 divinitatis;
428 2743 554 2809 sinister,
580 2740 650 2796 sides
674 2740 725 2795 bu-

134 2811 289 2868 manitatis.
316 2814 375 2868 Duo
401 2812 533 2868 similiter
557 2818 624 2867 sunt
649 2811 723 2866 oculi

132 2882 251 2940 allectus
278 2898 285 2939 ε
312 2883 433 2952 dexter,
465 2899 546 2939 amor
575 2883 722 2953 bonitatis,

132 2956 193 3011 sire
220 2953 320 3025 glorian
347 2955 469 3023 diiinoe;
492 2955 617 3023 sinister,
638 2954 724 3009 timor

129 3027 249 3100 justitia
264 3024 308 3081 vel
322 3027 471 3097 gebeuiiie.
490 3027 524 3081 Et
538 3028 578 3082 sic
594 3032 637 3082 est
649 3039 720 3095 qua·

132 3097 250 3170 druplex
274 3101 386 3154 caecitas
411 3096 441 3152 iu
469 3104 592 3169 quatuor
607 3098 719 3153 oculis:

130 3171 222 3241 prima
250 3175 294 3226 εει
320 3186 401 3226 εττοτ
420 3170 497 3225 circa
525 3170 720 3238 divinitatem3

130 3242 256 3299 secunda
268 3248 312 3298 εει
322 3258 403 3298 εττοτ
415 3242 719 3313 circummanentem,

130 3315 214 3373 tertia
229 3319 273 3371 est
288 3315 459 3383 malignitas,
473 3322 657 3372 contemnens
669 3313 720 3368 bo-

129 3388 260 3458 nitatem,
269 3387 329 3444 siie
339 3388 460 3461 gloriam
472 3386 607 3456 diuinam;
619 3392 721 3459 quarta

130 3465 175 3515 εει
196 3460 467 3532 praesumptuositas,
480 3475 538 3516 non
556 3460 656 3516 ridens
668 3473 719 3532 ge·

129 3529 255 3587 hennam
269 3536 297 3586 ct
313 3548 369 3587 non
386 3533 490 3587 timeus
501 3531 651 3602 justitiam.

164 3604 181 3667 b
195 3602 266 3656 Muri
277 3618 426 3657 ammoniaci
439 3619 563 3658 cenario.
571 3632 606 3644 -
617 3605 718 3669 Ερτεε-

127 3671 169 3725 aia
183 3675 285 3730 autem.
295 3672 330 3727 de
344 3673 439 3738 domo,
453 3675 522 3742 illis,
534 3672 719 3728 scilicetduo·

127 3739 272 3798 buscoecis
280 3741 340 3811 jam
356 3743 533 3811 illuminatis,
545 3759 603 3799 eece
614 3741 719 3798 obtule·

127 3815 194 3869 mni
215 3813 250 3878 εἰ,
271 3811 379 3868 scilicet
398 3815 475 3881 lesu,
491 3814 624 3869 homines
643 3811 720 3868 illius

127 3889 224 3954 terrm,
239 3883 365 3939 bominem
380 3889 495 3953 iuutum,
511 3891 539 3941 ει
567 3885 623 3940 uod
639 3884 719 3954 pejus

127 3961 179 4026 est,
192 3957 355 4012 daemonium
368 3955 520 4013 labentem.
542 3902 603 4028 flic,
619 3971 719 4013 seeun-

129 4029 196 4085 dum
217 4029 449 4098 chrysostomum,
465 4044 522 4085 non
545 4035 608 4085 crat
623 4035 717 4084 mutus

126 4114 144 4156 a
165 4108 278 4169 uatiira,
295 4099 374 4156 seda
401 4100 532 4157 daemone
550 4099 714 4168 insidiante,

125 4176 155 4226 et
166 4172 292 4244 linguam
311 4176 443 4241 tenente;
452 4177 478 4228 et
491 4173 566 4241 ideo,
580 4172 674 4242 ejecto,
688 4178 717 4227 ct

125 4244 240 4312 expulso
263 4260 313 4315 per
333 4245 484 4301 [lominum
514 4244 657 4311 demonio,
674 4243 717 4298 lo·

122 4318 202 4371 cutus
226 4320 267 4372 cst
290 4320 383 4374 mutue
398 4335 407 4373 ε
421 4314 498 4390 quia,
514 4319 609 4375 amoto
631 4315 719 4388 impe·

784 598 868 666 rium,
881 612 979 652 rerum
1000 596 1070 652 ordo
1093 602 1220 652 servatus
1242 602 1297 668 est,
1312 613 1381 656 nam

786 668 957 725 demonium
972 667 1050 739 prins
1066 665 1190 736 ejicitur,
1205 672 1234 724 et
1253 673 1324 726 tunc
1337 685 1381 726 re·

785 740 863 811 liqua
886 740 1014 811 corporis
1037 737 1131 794 ollicia
1157 738 1326 799 succedunt.
1343 743 1382 799 tlt

785 814 894 867 mirata
920 815 986 867 tuat
1016 810 1112 879 turbae,
1138 810 1249 866 scilicet
1275 827 1310 868 ex
1338 813 1376 869 si·

786 898 908 955 gnorum
939 883 1077 948 novitate,
1111 882 1232 938 dicentes
1258 902 1268 938 e
1294 885 1379 943 Niali-

786 970 871 1025 quom
896 957 1030 1026 apparuit
1052 956 1093 1009 sic
1119 956 1150 1009 im
1168 955 1267 1018 lsrael,
1288 953 1317 1010 id
1336 960 1378 1011 cst

785 1024 855 1081 talia
867 1026 1003 1081 miracula
1018 1040 1074 1080 non
1089 1030 1156 1081 sunt
1169 1025 1229 1081 risa
1242 1026 1375 1082 interdu·

786 1097 872 1154 daeos.
897 1096 950 1153 Ubi
969 1097 1010 1153 ait
1031 1097 1238 1166 chrysostomus
1252 1115 1261 1152 ε
1277 1098 1376 1154 «Pre-

786 1169 932 1239 ponebant
951 1168 1067 1235 quidem
1095 1168 1197 1225 ceteris
1218 1184 1295 1237 euin,
1318 1183 1376 1225 nori

786 1240 889 1311 solum,
918 1238 985 1310 quia
1013 1240 1141 1309 curabat,
1159 1240 1208 1296 sed
1238 1240 1376 1312 quoniam

785 1310 868 1366 facile
895 1316 924 1367 et
947 1312 1094 1377 velociter,
1108 1319 1136 1367 ει
1152 1311 1280 1368 infinitas
1294 1311 1376 1383 tegri-

784 1382 901 1438 tudines
915 1388 943 1438 et
954 1382 1128 1439 insanabiles
1141 1384 1271 1441 sanabat.
1281 1402 1295 1437 o
1306 1384 1377 1440 Plio·

783 1454 860 1509 risaei
885 1459 977 1510 autem
1002 1454 1131 1509 dicebant
1159 1477 1165 1505 ε
1189 1457 1222 1511 ln
1248 1456 1376 1527 priaici'pe

784 1524 989 1593 demoniorum,
1015 1527 1092 1597 ejicit
1119 1527 1265 1583 daemonio.
1291 1525 1376 1594 Quasi

784 1595 913 1653 dicerent
928 1620 935 1654 ε
953 1599 1013 1654 Non
1034 1603 1075 1653 cst
1090 1598 1151 1654 lieu
1163 1602 1289 1669 potestas
1302 1612 1320 1652 a
1334 1613 1374 1668 se,

784 1668 828 1723 rel
841 1683 857 1723 a
872 1670 949 1732 Deo:
972 1670 1021 1725 sed
1036 1685 1053 1725 a
1071 1669 1195 1725 diabolo.
1211 1668 1265 1725 Ubi
1276 1670 1376 1725 Hiero·

783 1754 906 1808 numus:
923 1760 937 1793 ii
955 1740 1026 1806 Quia
1043 1741 1177 1797 virtutem
1197 1756 1304 1812 negare
1319 1754 1377 1798 non

784 1817 910 1879 possunt,
925 1827 997 1882 opus
1014 1811 1234 1870 calumniantur.
1249 1829 1265 1865 u
1279 1811 1333 1869 Ubi
1347 1817 1376 1868 et

782 1883 946 1951 Remiqius:
963 1901 977 1934 (t
992 1884 1099 1940 Scribae
1114 1898 1236 1953 namque
1252 1889 1282 1939 ct
1301 1881 1375 1942 Pha·

784 1953 858 2009 risaei
885 1954 960 2010 lacta
990 1954 1102 2010 Domini
1130 1955 1287 2026 negabant,
1311 1970 1375 2026 quoe

785 2031 933 2107 poterant3
945 2030 1043 2097 etquae
1052 2042 1107 2081 non
1116 2032 1248 2108 poterant
1257 2041 1375 2154 new,

783 2111 813 2150 in
838 2105 981 2153 sinistram
1015 2105 1123 2168 partem
1146 2104 1302 2169 interpreta
1361 2128 1374 2140 ·

781 2173 838 2224 tur.
849 2188 864 2218 »
875 2169 975 2224 Turbae
992 2184 1124 2238 namque,
1141 2170 1168 2225 id
1182 2176 1226 2225 est
1236 2169 1332 2226 deuoti
1344 2174 1375 2225 et

782 2237 934 2310 simplices,
947 2256 1033 2311 opera
1048 2241 1095 2296 Dei
1107 2240 1327 2309 confitebantur,
1344 2245 1374 2296 et

783 2326 847 2366 cum
863 2312 912 2367 Dei
923 2313 1085 2368 reverentia
1101 2319 1130 2368 et
1146 2312 1231 2367 laude
1246 2311 1373 2368 admira·

784 2382 897 2449 bantur;
907 2383 955 2438 sed
974 2381 1109 2440 Piaiisaei
1119 2391 1146 2439 et
1161 2383 1268 2441 Scribae
1284 2382 1374 2441 insidi

784 2458 812 2509 et
825 2454 999 2524 insidiantes,
1015 2457 1208 2525 expulsionem
1222 2455 1373 2526 daemonis,

783 2525 904 2597 principi
929 2527 1134 2582 daemoniorum
1160 2526 1372 2596 adscribebant,

784 2601 813 2651 et
822 2613 912 2678 opera
926 2598 975 2653 Dei
990 2597 1248 2655 calumniabantur.
1270 2595 1374 2655 Odium

782 2684 858 2723 enim
881 2675 910 2724 et
935 2669 1042 2724 invidia
1061 2671 1169 2725 iaciunt
1191 2667 1375 2739 interpretari

781 2739 856 2795 lacta
869 2740 897 2795 in
911 2739 1080 2795 deteriorem
1094 2747 1214 2812 partem,
1224 2745 1252 2796 et
1262 2754 1376 2811 perver-

783 2811 804 2866 ti
826 2810 944 2882 judicia.
962 2812 1097 2867 Pharisaei
1110 2819 1204 2868 autem
1221 2816 1249 2867 ct
1265 2811 1373 2868 Scribae

782 2882 1307 2955 odiebanthristum,quiaacriterar
1328 2899 1373 2940 ue·

781 2953 830 3009 bat
844 2955 913 3010 vitia
935 2970 1034 3010 eorum
1048 2972 1055 3021 ;
1081 2961 1110 3010 et
1127 2955 1190 3010 ideo
1203 2898 1343 3010 miracuffa
1357 2970 1375 3011 a

781 3025 895 3082 Christo
911 3026 985 3081 lacta
1000 3027 1104 3082 virtute
1119 3026 1226 3090 divina,
1239 3025 1375 3082 dicebant

781 3113 841 3152 csse
867 3097 943 3153 iacta
973 3103 1034 3152 arte
1060 3097 1179 3168 magica.
1208 3099 1243 3153 Et
1270 3098 1373 3153 eodem

781 3169 874 3238 modo,
898 3169 1068 3241 ejectionem
1093 3167 1302 3224 demoniorum
1328 3167 1372 3224 la·

781 3247 854 3296 ctam
867 3256 916 3311 per
929 3239 1070 3297 Christum
1087 3240 1221 3296 dicebant
1233 3239 1296 3296 sieri
1312 3240 1371 3295 iir-

779 3309 1371 3384 tutecujusdamdaemonissuperioris,sibi

779 3384 926 3441 familiaris
950 3388 979 3439 et
998 3383 1112 3455 privati,
1126 3399 1212 3454 quem
1228 3383 1371 3439 vocabant

778 3456 947 3525 Beelzebub,
974 3456 1020 3512 cui
1052 3455 1202 3511 interiores
1227 3455 1372 3510 daemones

779 3528 952 3586 obediebant
967 3529 1001 3583 ad
1018 3535 1130 3593 nutum,
1145 3527 1179 3582 de
1202 3525 1371 3596 corporibus

778 3600 915 3656 exeundo.
930 3599 985 3656 Sed
1005 3599 1079 3654 istud
1103 3597 1230 3669 inferius,
1255 3596 1291 3653 dc
1313 3596 1370 3652 alio

777 3670 963 3737 daemouiaco,
989 3669 1198 3727 rationabiliter
1228 3668 1370 3739 reproba·

775 3747 823 3797 tur
835 3755 853 3795 a
867 3741 989 3797 Christo.

809 3812 913 3878 5an
939 3831 1051 3871 iirsricn
1076 3832 1127 3872 rica
1150 3828 1372 3871 irsoiiorsicric·

774 3882 853 3943 rna?
875 3885 988 3959 Mystiee
1014 3894 1109 3945 autem
1134 3885 1163 3943 in
1185 3885 1277 3941 turbis
1304 3898 1371 3939 con·

773 3955 859 4014 lessio
888 3956 1052 4031 nationum,
1082 3961 1111 4015 in
1132 3957 1292 4024 pharisaeis,
1309 3953 1368 4037 ιτ·

774 4029 897 4086 fidelitas
910 4034 1040 4101 signatur
1054 4032 1229 4087 ludaeorum.
1244 4028 1279 4084 Et
1293 4030 1367 4083 sicut

773 4100 804 4155 iu
819 4100 929 4156 duobus
942 4103 1024 4157 caecis
1036 4104 1164 4174 signatus
1179 4106 1222 4157 est
1244 4105 1366 4169 uterque

774 4170 894 4251 populus
918 4172 1082 4230 ludaeorum
1098 4180 1127 4230 et
1150 4173 1283 4230 Gentium
1294 4186 1303 4239 3
1322 4169 1365 4225 ita

774 4257 803 4297 in
819 4242 933 4298 homine
944 4249 1022 4299 muto
1035 4251 1063 4300 et
1074 4245 1261 4312 daemoniaco,
1273 4254 1363 4314 gene·

772 4313 871 4372 raliter
883 4314 1027 4388 signatum
1041 4323 1084 4377 est
1100 4331 1184 4375 omne
1202 4327 1295 4389 genus
1305 4311 1363 4370 liu-
