2880 4942
96 346 144 401 230
251 390 256 397 .

100 450 223 526 quisque
253 449 409 516 desiderat,
440 448 528 506 talem
556 465 689 522 saporem

98 522 195 583 reddit
207 522 238 579 iu
247 538 298 579 ore
310 522 381 593 ejus.
390 523 431 578 Tu
444 537 524 594 ergo,
537 522 561 577 si
571 523 689 580 verbum

98 595 163 664 Dei,
191 593 268 722 quod
291 593 321 649 in
351 592 476 649 Ecclesia
503 593 688 665 praedicatur,

98 666 192 726 totali
215 681 231 721 e
245 668 274 720 et
291 669 352 721 tota
366 663 519 721 devotione
538 666 689 737 suscipias,

102 740 153 796 flet
171 736 223 792 tibi
238 736 331 807 ipsum
348 737 467 792 verbum
493 738 691 808 quodcumque

102 808 255 868 desideras.
277 807 362 864 Verbi
384 809 498 879 gratia:
524 809 547 864 si
571 809 691 866 tribula-

102 880 154 947 ris,
169 878 331 935 consolatur
341 886 378 947 te,
393 879 510 936 dicens:
526 882 576 938 Cor
591 884 692 937 contri·

103 958 162 1010 tuin
176 957 202 1006 et
219 952 408 1018 buinili'iitum,
424 955 505 1020 Deus,
525 968 579 1008 non
596 954 691 1024 despi-

105 1026 174 1087 cies:
195 1021 217 1077 si
240 1023 346 1079 laetaris
365 1038 507 1095 prospere,
531 1025 691 1082 futurorum

104 1094 231 1153 cumulat
244 1093 295 1150 tibi
310 1094 423 1165 gaudia.
435 1095 532 1151 dicens
547 1113 554 1151 :
569 1100 693 1152 Latomi-

104 1170 136 1226 πί
149 1169 179 1223 in
194 1168 307 1223 Domino
320 1173 345 1222 et
354 1168 491 1223 exsultate
499 1169 587 1235 iusti,
599 1169 624 1224 si
640 1169 693 1225 ira·

106 1238 217 1298 cundus
233 1254 274 1306 es,
288 1238 397 1309 mitigat
413 1248 451 1307 ie,
461 1240 557 1296 diceus
572 1258 580 1296 z
596 1241 692 1297 desine

106 1309 204 1370 abira
227 1316 257 1369 et
279 1310 413 1382 delinque
437 1311 581 1380 lurorem;
610 1312 633 1368 si
661 1312 692 1369 in

104 1381 251 1442 doloribus
267 1397 309 1449 es,
324 1388 407 1438 sanat
420 1388 449 1439 te
462 1381 580 1439 dicens:
597 1382 692 1440 llumi·

104 1470 159 1513 nus
176 1458 259 1510 sanat
272 1468 372 1509 omnes
387 1454 539 1524 languores
558 1459 640 1524 tu0s;
668 1454 691 1511 si

106 1526 137 1584 in
158 1528 325 1596 paupertate
348 1523 541 1593 consumeris,
558 1525 693 1583 consola-

109 1602 156 1654 tur
179 1601 208 1653 te
229 1596 326 1652 diceus
343 1612 350 1651 ι
368 1595 504 1652 Dominus
531 1597 634 1654 allevat
659 1598 694 1654 de

109 1674 188 1725 terra
204 1666 329 1748 inopem,
356 1667 439 1724 etde
467 1672 591 1725 stercore
611 1669 695 1741 erigit

109 1754 275 1868 pauperem.
291 1739 336 1796 Sic
352 1754 421 1810 ergo
434 1755 540 1797 manua
550 1741 630 1799 verbi
645 1740 694 1798 uei

108 1811 160 1871 red
181 1815 210 1868 et
224 1809 253 1867 in
265 1826 314 1867 ore
325 1815 374 1867 tuo
389 1827 520 1884 saporem
535 1829 697 1884 quemcum-

114 1900 169 1957 que
182 1882 306 1941 volucris
321 1900 328 1938 :
346 1904 360 1936 ii
376 1884 438 1941 bac
451 1885 592 1953 Oriqenes.

145 1961 161 2013 5
177 1957 228 2024 Qui
242 1973 359 2014 rnirnrs
375 1958 473 2013 Doiimi
495 1975 522 2013 m
538 1974 621 2014 serisii
636 1974 693 2013 nir·

108 2029 695 2099 renimeruisricol-Adbucautemeo,

114 2100 222 2158 scilicet
240 2100 360 2159 Domino
382 2103 451 2159 lesu
472 2101 653 2173 predicante,
669 2106 698 2158 et

113 2188 177 2246 quae
195 2189 280 2246 supra
294 2172 371 2229 dicta
389 2177 456 2229 sunt
478 2174 515 2228 ud
546 2175 641 2229 turbas
661 2175 696 2229 lo-

114 2251 222 2316 quente,
240 2260 296 2300 ecce
308 2251 395 2300 mater
409 2245 468 2314 ejus
486 2250 511 2300 et
533 2247 647 2313 (ratres,
668 2244 697 2302 id

112 2321 156 2373 est
171 2314 374 2388 consanguinei
391 2320 538 2384 venerunt,
553 2318 698 2373 etstobiint

114 2389 185 2457 foris
200 2395 348 2458 quaerentes
363 2403 433 2442 eum.
448 2386 522 2444 Licet
532 2387 607 2444 enirn
623 2390 696 2445 Plia-

113 2457 189 2516 risiei
219 2463 314 2516 esseut
339 2457 417 2514 inliti
444 2470 507 2515 cum
534 2459 634 2529 turbis,
653 2467 697 2516 ta-

114 2547 181 2589 men
206 2531 400 2604 principaliter
424 2531 598 2603 prmdicabat
625 2548 697 2605 pro-

112 2608 175 2677 pter
188 2605 287 2661 turbas
304 2603 482 2660 erudiendas.
506 2606 540 2660 Et
559 2603 635 2675 quia,
655 2605 668 2660 l
684 2635 695 2646 -

112 2674 204 2734 ciliter
215 2692 280 2733 euin
295 2675 373 2733 adire
387 2692 446 2748 prae
467 2678 549 2733 turba
566 2691 622 2732 non
637 2681 697 2749 pot·

112 2752 205 2814 erant,
219 2752 247 2803 et
260 2747 344 2804 etiam
358 2763 393 2803 ne
407 2748 527 2804 fructum
538 2747 625 2804 divini
638 2765 697 2804 rer-

113 2818 140 2875 bi
158 2817 339 2889 impedirent,
352 2821 423 2884 soris
436 2820 561 2886 stubiiiit;
575 2825 603 2874 ct
616 2822 696 2876 misc·

114 2894 181 2945 runt
195 2889 308 2945 adeum
320 2895 452 2945 vocantes
467 2888 569 2960 ipsum.
585 2893 697 2948 Fratres

115 2960 161 3016 hic
176 2964 312 3016 vocantur
331 2959 492 3016 consobrini
508 2961 630 3029 Domini,
647 2978 697 3018 se-

114 3032 237 3088 cundum
257 3047 366 3088 morem
379 3032 542 3089 Judaeorum
561 3038 589 3089 et
604 3035 697 3090 Sacrae

113 3106 275 3175 Scriptura,
293 3119 355 3174 quau
375 3120 450 3173 saepe
470 3105 697 3177 consanguineos

114 3175 186 3232 solet
194 3176 296 3232 iratres
308 3174 463 3233 nominare.
477 3179 592 3235 Etcum
606 3177 697 3233 ltomi·

112 3247 696 3321 uuseratoccuputusinoiilciopraedicau-

111 3321 152 3387 ili,
163 3320 255 3392 primo
267 3338 340 3378 uuus
352 3326 380 3378 et
393 3325 454 3393 post
465 3321 542 3377 illiiiii
556 3324 651 3394 plures
662 3323 696 3377 d'e

112 3395 195 3462 turba
205 3399 376 3450 monuerunt
389 3409 464 3461 cum,
481 3394 557 3450 dicit
571 3396 698 3450 autemst

113 3467 249 3536 qiii'itiim:
270 3469 337 3522 Ecce
356 3470 443 3521 muter
462 3473 520 3534 tua,
544 3471 570 3523 rt
592 3470 696 3532 (intres

113 3540 156 3592 tiri
169 3540 240 3605 foie's
258 3543 334 3593 stunt
353 3543 501 3608 querentes
521 3543 563 3594 te.
585 3537 633 3595 lsti
651 3537 696 3594 iii-

113 3607 201 3664 sidias
216 3609 382 3675 tendebant,
399 3625 432 3664 ac
451 3609 591 3666 malitiose
605 3615 633 3666 et
646 3609 696 3666 in-

114 3678 243 3735 sidiando
271 3681 331 3736 licec
363 3680 504 3746 dicebant,
532 3681 639 3738 scilicet
660 3682 696 3738 ad

114 3752 280 3806 tentandum
299 3756 327 3806 et
346 3751 563 3822 explorandum,
583 3753 606 3809 si
626 3769 694 3809 car-

115 3820 158 3878 nis
182 3821 286 3878 allcclu
306 3822 537 3893 praedicationem
554 3823 694 3897 inceptam

112 3892 277 3964 dimitteret,
296 3892 338 3949 vel
356 3893 595 3967 iiiterrumperet;
613 3901 653 3964 ut,
670 3895 694 3953 si

110 3964 251 4048 spirituali
270 3964 349 4039 operi
370 3965 517 4037 piaelerret
535 3982 651 4023 carnem
665 3973 695 4024 et

110 4053 296 4110 sanguinem,
326 4042 478 4107 arguerent
509 4037 601 4111 ipsum
631 4055 693 4096 esse

111 4126 212 4182 purum
227 4108 384 4179 homiuem,
398 4114 494 4166 natum
515 4116 632 4182 propter
651 4112 692 4167 at·

460 341 569 396 illud
595 343 715 400 ituris
740 341 845 398 aliur
870 339 967 395 lxxi

745 466 810 507 cum
825 451 902 507 Deus
914 445 1069 504 carnaliter
1083 460 1144 502 iioii
1162 449 1302 528 generet.
1315 446 1348 503 lit

744 521 810 579 ideo
843 520 948 577 multas
975 518 1125 591 implicant
1152 521 1348 575 circumstan-

744 593 811 659 tias,
828 610 892 666 qua
900 591 1001 665 ipsum
1016 606 1133 647 morere
1147 595 1293 661 poteraut
1309 589 1346 647 ad

744 665 927 734 cessandum,
938 664 1065 720 diceutes
1078 682 1087 717 ε
1099 665 1171 718 Ecce
1182 666 1344 732 mntertim,

745 753 808 809 qua
833 739 927 793 alteo
950 734 1117 808 praecipitur
1140 733 1298 805 honorari,
1317 739 1346 792 et

744 813 848 878 fratres
861 812 915 876 tiri,
931 824 1003 878 quos
1017 813 1046 862 et
1060 811 1165 862 natura
1179 810 1210 861 ct
1223 808 1283 863 Lex
1299 806 1343 879 jii-

746 882 794 938 bet
808 880 899 951 diligi,
916 882 988 948 toris
1003 883 1088 944 stant,
1107 876 1220 935 scilicet
1236 892 1345 949 exspe-

746 959 855 1010 ctantes
871 962 898 1008 te
913 952 941 1007 iu
959 952 1021 1007 loro
1036 950 1183 1017 exteriori,
1197 948 1250 1007 ubi
1264 964 1346 1007 rere·

747 1025 874 1081 cundum
889 1029 931 1079 est
946 1028 1034 1090 stare,
1048 1028 1201 1093 quarentes
1217 1027 1255 1090 te,
1272 1036 1344 1093 qua·

746 1098 770 1152 si
786 1102 902 1168 propter
916 1102 945 1151 te
957 1102 1069 1151 tautum
1085 1092 1236 1159 i·eneriut;
1253 1099 1284 1150 et
1299 1092 1343 1149 id-

747 1185 781 1224 eo
796 1169 884 1225 debes
899 1166 1000 1223 merito
1018 1166 1053 1222 ad
1067 1181 1118 1222 eos
1130 1164 1242 1235 egredi
1261 1165 1343 1222 Unde

747 1239 786 1297 ait
801 1241 1007 1308 chrysostomus
1020 1258 1029 1293 .·
1043 1259 1058 1288 «
1072 1236 1180 1292 Videris
1194 1236 1341 1305 diabolus,

747 1310 815 1383 quia
829 1310 1020 1382 persuadebat
1036 1308 1141 1392 populo
1155 1308 1291 1364 Christus
1312 1323 1343 1364 se

747 1399 810 1441 esse
824 1382 925 1439 Filium
938 1381 999 1451 llei,
1016 1381 1114 1438 dicens
1130 1396 1138 1435 ε
1153 1383 1192 1436 Et
1204 1396 1264 1437 ecee
1278 1381 1342 1452 plns

747 1472 831 1526 quam
862 1456 992 1512 Salomon
1023 1455 1082 1518 btc;
1105 1450 1214 1508 timens
1244 1468 1294 1517 ne,
1318 1450 1341 1508 si

748 1526 836 1584 Filius
851 1525 901 1582 Dei
916 1530 1148 1596 cognosceretur,
1159 1522 1210 1594 qui
1224 1524 1342 1595 putaba-

748 1602 794 1655 tur
821 1598 919 1666 homo,
946 1598 1008 1669 ipse
1031 1596 1286 1666 derelinqueretur
1304 1595 1340 1651 ab

748 1669 881 1727 oninibus
894 1687 901 1736 ;
914 1669 950 1726 ad
959 1667 1173 1726 convincendos
1188 1681 1342 1724 sermones

749 1742 822 1813 ejus,
848 1739 1060 1798 subintroduxit
1089 1744 1227 1813 parentes
1249 1737 1341 1810 ipsius

750 1814 891 1881 carnales,
918 1818 949 1869 ut
968 1828 1020 1894 per
1041 1827 1141 1868 eorum
1163 1809 1341 1882 contempla·

749 1885 858 1943 tionem
890 1882 1048 1940 divinitatis
1079 1883 1142 1965 eius
1170 1883 1341 1938 obscuraret

750 1963 891 2014 naturam.
907 1956 1031 2027 ldeoque
1041 1962 1120 2011 venit
1130 1953 1246 2025 aliquis,
1259 1951 1340 2025 quasi

750 2028 857 2086 diaboli
880 2028 1046 2092 advocatus,
1071 2025 1118 2097 qui
1140 2027 1271 2082 humano
1289 2040 1339 2082 ore

751 2103 838 2159 verba
857 2098 998 2157 diabolica
1017 2099 1194 2170 loqueretur,
1216 2095 1338 2153 diceus:

752 2176 822 2229 Ecce
837 2177 929 2228 mater
943 2177 990 2228 tua
1012 2176 1041 2226 et
1064 2171 1168 2226 tratres
1201 2168 1242 2225 tui
1271 2169 1340 2225 loris

752 2250 838 2313 stant,
864 2244 992 2300 volentes
1020 2241 1097 2324 loqui
1125 2247 1232 2298 tecum.
1255 2242 1296 2297 Ac
1316 2238 1340 2296 si

752 2316 827 2373 dicat
844 2333 850 2371 ε
865 2315 937 2383 Quid
953 2313 1096 2386 gloriaris,
1111 2329 1128 2369 o
1142 2315 1223 2381 besu,
1238 2312 1276 2369 de
1287 2326 1340 2368 coe

752 2388 779 2445 lo
798 2387 896 2444 dicens
924 2393 952 2444 te
981 2384 1174 2453 descendisse,
1188 2383 1236 2456 qui
1256 2382 1339 2441 radi-

752 2477 800 2518 ces
813 2461 902 2516 liabes
918 2458 948 2514 iu
966 2458 1069 2515 terrai
1087 2460 1156 2514 Ecce
1179 2460 1273 2512 mater
1292 2459 1340 2511 tua

752 2538 781 2589 et
796 2533 908 2588 tratres.
927 2532 989 2586 Non
1003 2535 1084 2602 potes
1099 2543 1162 2586 esse
1175 2527 1264 2585 Filius
1278 2526 1337 2592 Dei,

753 2620 836 2676 quein
851 2601 980 2660 homines
991 2606 1166 2673 genueruut;
1184 2616 1242 2656 nou
1257 2605 1339 2671 potes

752 2676 780 2732 in
800 2682 827 2733 te
840 2675 931 2731 silium
947 2674 1134 2740 abscondere,
1153 2687 1238 2742 quem
1255 2674 1339 2727 natu-

753 2764 785 2804 ra
801 2746 965 2804 convincit:
986 2767 1001 2796 »
1028 2746 1090 2801 liiec
1117 2745 1339 2812 t'brpsostomiis.

753 2821 798 2876 Sic
812 2825 841 2876 et
856 2817 940 2875 lindie
955 2817 1051 2874 multis
1064 2815 1189 2888 praelatis
1202 2818 1340 2886 procurat

752 2891 883 2949 diabolus
918 2891 1141 2962 propinquorum
1179 2883 1340 2943 multitudi-

752 2979 828 3031 nem,
841 2961 910 3019 utin
923 2960 1029 3017 carnali
1042 2958 1194 3017 allectione
1207 2959 1342 3015 obscuret

752 3050 851 3091 eorum
871 3033 1038 3104 dignitatem
1055 3036 1083 3089 et
1099 3030 1292 3088 sanctitatem.
1308 3033 1342 3087 Et

751 3104 943 3175 benedicitur,
955 3102 1098 3177 quiaioris
1106 3105 1192 3169 stant,
1204 3103 1240 3158 ad
1251 3101 1340 3173 signi·

751 3177 908 3244 llcandum,
925 3177 1000 3248 quod
1015 3176 1144 3233 carnales
1159 3173 1240 3231 amici
1255 3173 1341 3230 cleri·

751 3266 849 3307 corum
863 3250 968 3305 debent
980 3265 1042 3304 csso
1057 3244 1159 3304 remoti
1175 3246 1211 3302 ab
1227 3243 1280 3313 eis,
1297 3244 1340 3301 iel

752 3327 887 3378 saltumn
911 3319 1045 3376 cordibus
1069 3333 1179 3386 corum,
1201 3322 1339 3388 quantum

752 3397 787 3450 ail
800 3393 943 3449 carnalem
962 3393 1116 3458 aliectum3
1141 3396 1170 3445 et
1188 3394 1285 3445 tamen
1311 3390 1339 3444 in

753 3465 849 3522 muliis
867 3466 994 3521 videmus
1010 3463 1094 3520 lindie
1107 3460 1340 3518 contrarium.—

753 3536 879 3609 llystice,
897 3536 1054 3593 secundum
1074 3534 1187 3599 bedam,
1199 3538 1293 3589 mater
1311 3537 1340 3588 et

751 3609 853 3665 tratres
866 3611 933 3666 lesu
949 3612 1066 3680 possunt
1079 3605 1135 3662 dici
1150 3619 1297 3676 synagoga
1312 3608 1340 3660 et

750 3680 852 3747 ludaei,
873 3696 905 3736 ex
932 3678 1035 3751 quibus
1051 3677 1208 3734 secundum
1223 3690 1339 3732 carnem

751 3757 792 3808 est
814 3751 917 3820 editus,
943 3753 991 3823 qui
1008 3748 1077 3807 loris
1094 3757 1169 3806 stare
1192 3747 1338 3815 dicuntur,

750 3825 860 3881 Christo
889 3823 1072 3895 predicante,
1095 3823 1173 3893 quia,
1200 3818 1340 3876 Gentibus

750 3894 863 3952 Cbristo
884 3892 1076 3961 credentibus,
1098 3906 1249 3965 synagoga
1274 3906 1341 3947 cuin

747 3967 855 4024 luilaeis
867 3972 946 4024 eitra
956 3966 1042 4023 iidem
1053 3964 1158 4022 mansit
1168 3979 1220 4035 pro
1234 3960 1339 4035 majori

748 4045 840 4111 parte.

783 4116 799 4178 q
814 4112 874 4167 Nos
889 4125 1103 4166 isrniiiiirrcrmi
1117 4123 1222 4164 orricii
1244 4122 1340 4162 uirirrii

110 4185 262 4239 lectionem
288 4182 441 4251 carnalem,
462 4187 491 4239 ct
513 4187 545 4240 ut
572 4183 693 4256 populus
747 4199 867 4240 rnorreii
896 4198 1108 4244 rnoriiiouonuii
1132 4195 1281 4235 srrncruu.
1305 4207 1341 4220 ·-

67 4320 70 4325 .
110 4254 209 4336 ridens
224 4256 299 4325 quod
311 4255 593 4384 ’parentescaruales
608 4257 692 4313 habc-
746 4256 780 4311 Et
796 4254 950 4335 notandum
964 4255 998 4310 de
1016 4254 1103 4334 beata.
1116 4249 1243 4334 Virgine,
1260 4249 1339 4321 quod

110 4329 164 4396 ret,
179 4341 273 4399 ipsum
287 4328 317 4384 Fi
329 4343 390 4385 ium
409 4328 460 4385 bei
477 4343 536 4385 non
551 4326 690 4400 crederet,
746 4334 892 4399 tamquam
906 4341 953 4399 pia
967 4331 1059 4383 mater
1074 4324 1176 4381 Filium
1189 4321 1340 4396 querebat
