2880 4942
217 392 296 446 nott.
325 392 513 447 cxclmrus
539 393 558 446 l
584 392 692 447 SUilllU
720 393 864 463 {hliuni
890 393 1013 448 thoris
1039 394 1079 448 BT
1106 392 1203 447 hiet.
1298 394 1323 447 ll

98 506 129 558 et
150 499 195 556 lac
219 515 264 556 me
279 515 378 556 verum
401 506 430 556 et
450 499 564 556 fidelem
589 507 668 556 tuum
682 500 850 572 discipulum
864 517 873 570 3
896 508 925 558 et
938 499 998 556 sine
1013 500 1127 557 fictione
1141 498 1221 571 sequi
1235 506 1263 555 te
1276 516 1325 556 ve·

98 586 195 629 racem
218 570 393 644 Magistrum.
422 573 462 628 Da
489 572 575 628 etiam
603 572 685 643 nihil,
714 577 890 654 utnpropter
914 573 1062 654 carnalem
1081 586 1324 642 quorumcumque

99 641 254 700 affectuum
279 648 307 698 te
332 641 413 714 sequi
434 658 492 698 non
516 641 655 713 dilieram,
676 649 704 699 et
727 658 821 699 minus
837 645 943 701 bonum
963 644 1063 714 majori
1088 659 1144 698 non
1165 643 1324 712 praeferam.

98 715 208 771 Praesto
221 714 302 778 mibi,
317 714 437 770 Domine
456 714 531 770 Deus
554 730 644 784 meus,
668 730 704 770 ne
719 716 756 772 ad
778 720 904 772 aratrum
928 715 1098 787 poenitentiae
1122 728 1239 770 manum
1259 713 1325 768 mit·

98 790 172 850 tens,
194 790 265 841 otte
281 786 361 857 sequi
378 801 429 856 per
443 783 570 841 melioris
584 787 649 842 vitae
667 791 772 843 statum
790 802 963 858 proponens,
978 786 1131 856 respiciam
1147 794 1234 851 retro,
1250 784 1325 840 lacto

97 857 142 912 vel
159 857 317 928 proposito,
333 856 370 912 ad
385 862 490 913 statum
512 857 662 928 pristinum
678 857 834 928 redeundo,
855 861 960 916 utnon
980 856 1089 915 elliciar
1107 857 1221 928 ineptus
1236 871 1324 929 regno

97 926 151 984 Dei
167 928 380 1000 consequendo.
394 929 495 985 Amen.

584 1247 719 1319 CAPUT
744 1247 846 1321 XLVI

206 1446 245 1492 DE
264 1447 301 1493 ΕΟ
322 1448 402 1502 UUUD
424 1448 557 1495 nonnius
578 1449 749 1496 exorturus
769 1447 930 1496 utramvis
949 1447 1056 1496 VENTIS
1077 1448 1115 1493 ΕΤ
1136 1447 1219 1492 haiti.

562 1626 688 1684 blatthei
702 1642 764 1700 cap.
779 1628 851 1687 v111.

139 1882 148 1916 1
178 1859 310 1917 Cunrsrrs
329 1876 439 1930 nonmr,
460 1879 515 1919 nun
536 1881 630 1920 vmms
654 1881 687 1919 rr
742 1865 969 1922 umdorma'ebot
983 1865 1011 1921 in
1027 1864 1123 1935 puppi,
1143 1863 1170 1919 id
1184 1870 1225 1919 est
1236 1864 1265 1919 in
1279 1878 1326 1933 po-

99 1947 243 1989 ruucrrncs
259 1949 392 1994 orurirun
406 1951 548 1992 namnum.
569 1965 600 1977 —
622 1938 688 1991 Post
743 1936 857 1992 steriori
882 1942 962 2007 parto
976 1937 1054 1991 navis
1070 1980 1076 1999 ‚
1095 1936 1175 2003 Juxta
1190 1935 1324 1990 taberna·

98 2003 162 2060 haec
175 2003 309 2059 Dominus
320 2003 336 2062 J
339 2020 413 2074 esus,
423 2004 568 2061 dimittens
578 2006 685 2069 turbas,

99 2075 227 2131 ascendit
237 2089 302 2130 sero
316 2075 345 2130 in
356 2075 527 2145 naviculam,
543 2076 579 2130 ad
592 2080 686 2131 trans·

100 2146 224 2201 eundum
240 2146 333 2203 lacum
349 2146 535 2216 Genezaretb,
553 2152 583 2201 ut
599 2146 628 2201 in
642 2145 686 2202 lo·

100 2231 164 2272 cum
179 2222 332 2287 remotum,
353 2224 468 2343 proptor
482 2234 579 2275 causas
600 2233 686 2288 supra

99 2287 130 2344 in
150 2287 288 2359 principio
305 2303 396 2356 praece
418 2289 490 2344 entis
509 2288 623 2359 capituli
640 2290 685 2345 di·

99 2364 169 2428 ctas,
183 2374 247 2413 curn
257 2357 399 2428 discipulis
410 2360 474 2416 iret.
484 2361 519 2416 Ut
529 2361 605 2417 enim
616 2361 686 2417 dicit

743 2005 849 2076 culum,
863 2023 946 2076 super
959 2006 1077 2062 cervical
1086 2005 1221 2072 ligneum,
1231 2011 1325 2059 osten-

744 2075 824 2143 dens,
834 2077 989 2131 secundum
1003 2076 1232 2143 chrysostomum,
1246 2089 1325 2129 suam

743 2147 944 2203 bumilitatem.
960 2148 1017 2202 Nec
1037 2147 1139 2201 mirum
1157 2147 1179 2200 si
1201 2145 1325 2201 dormie-

742 2218 800 2289 bat,
818 2219 877 2289 ipse
892 2219 967 2274 enim
989 2217 1109 2274 multum
1129 2218 1164 2273 de
1183 2222 1276 2286 nocte,
1294 2217 1322 2272 in

741 2290 914 2346 orationibus
930 2288 1074 2361 vigilabat,
1095 2289 1271 2360 multumque
1291 2287 1325 2343 de

740 2361 796 2432 die,
823 2360 852 2417 ln
886 2361 1135 2433 praedicationibus
1167 2359 1324 2415 laborabat.

98 2432 264 2498 Remigius.-
291 2448 305 2481 u
327 2431 393 2487 Tria
417 2430 522 2502 legitur
548 2432 685 2488 Dominus
738 2434 897 2489 Dormiebat
921 2433 1036 2505 quidem
1064 2447 1193 2501 corpore,
1214 2430 1263 2485 sed
1283 2430 1322 2483 vi-

99 2501 233 2558 habuisse
244 2500 365 2573 reiugia,
381 2500 489 2558 scilicet
502 2503 592 2573 navis,
607 2518 686 2558 mon-

99 2571 137 2628 tis
158 2578 186 2628 et
208 2571 330 2642 deserti;
357 2578 386 2629 ot
415 2574 525 2644 quoties
551 2590 568 2629 a
595 2574 686 2629 turbis

100 2642 352 2714 comprimebatur,
381 2643 417 2700 ad
430 2644 547 2714 aliquod
567 2639 702 2700 istorum

99 2713 298 2786 refugiebat.»
329 2713 382 2770 Ubi
408 2715 558 2784 Origenes:
581 2737 592 2766 ι
615 2716 685 2772 Cum

98 2786 191 2843 multa
217 2800 322 2856 magna
346 2791 375 2841 et
396 2785 526 2843 miranda
551 2787 687 2843 Dominus

101 2856 271 2914 ostendisset
281 2856 406 2926 interra,
418 2856 533 2913 transiit
546 2858 581 2913 ad
596 2873 686 2927 mare,

100 2932 134 2985 ut
158 2928 197 2984 ibi
223 2926 390 2983 excellentia
401 2944 487 3000 opera
508 2928 687 2985 demonstra-

100 3003 166 3070 ret;
181 3003 415 3071 quatenustcrrae
430 3000 572 3071 marisque
589 3000 686 3057 Domi-

100 3086 171 3127 num
196 3086 226 3126 se
241 3070 413 3127 ostenderet.
431 3089 445 3123 u
468 3074 505 3127 Et
528 3072 689 3128 ascendente

101 3157 132 3198 eo
145 3145 176 3198 in
199 3141 367 3209 nauiculam,
391 3146 478 3199 secuti
492 3147 557 3199 sunt
569 3159 630 3199 eum
647 3143 690 3198 di·

100 3214 205 3285 scipuli
236 3212 312 3283 ejus,
341 3213 555 3270 transfretantes
582 3214 690 3271 scilicet

102 3300 168 3341 cum
181 3299 225 3349 eo,
240 3300 298 3340 non
313 3290 423 3340 tantum
442 3301 553 3359 gressus
567 3301 689 3357 sequen-

103 3359 156 3426 tes,
179 3355 229 3411 sed
244 3355 333 3426 magis
350 3357 528 3412 sanctitatem
551 3357 692 3414 concomi-

102 3432 206 3484 tantes.
222 3428 313 3484 secuti
326 3428 442 3497 quidem
455 3432 597 3492 sunteum,
624 3428 690 3507 quia

102 3497 290 3553 trahebantur
306 3498 445 3553 suavitate
462 3499 601 3554 sermonis
620 3511 691 3567 ejus,

103 3573 133 3625 ct
162 3568 348 3625 admiratione
376 3569 480 3640 operis,
507 3574 537 3623 et
568 3568 691 3638 benigna

103 3642 318 3697 conversatione
333 3639 441 3711 ipsius3
462 3641 501 3697 ita
518 3645 548 3696 ut
563 3646 638 3697 esset
651 3637 691 3694 eis

104 3708 221 3768 dilllcile
247 3711 338 3782 ipsum
369 3712 542 3785 relinquere.
571 3716 608 3769 Et
634 3725 691 3767 ecce

103 3786 193 3838 motus
219 3798 346 3852 mopiam,
380 3787 411 3837 ut
430 3785 521 3855 majus
541 3786 692 3855 appareret

103 3854 285 3921 miraculum,
312 3856 405 3922 [octus
430 3860 512 3911 estin
526 3859 609 3924 mori,
634 3866 693 3910 non

104 3926 274 3981 naturaliter
299 3931 328 3980 et
342 3941 374 3981 ex
387 3940 428 3996 se,
446 3927 497 3983 sed
515 3927 619 3983 Christi
635 3926 691 3981 im-

105 3995 185 4068 perio
201 4001 231 4050 et
244 3997 348 4051 virtuto
362 4012 370 4066 ς
385 3998 471 4052 itaut
485 3999 614 4054 neomuto
629 4013 691 4068 ope·

103 4069 218 4136 metor,
247 4065 356 4122 scilicet
377 4066 447 4149 lere,
465 4070 593 4138 flactibus
608 4069 691 4125 inun-

105 4137 692 4211 dantibus.Etbenedioitoperireturmon

105 4209 363 4289 submergeretur:
379 4211 449 4338 guia
467 4212 597 4269 navicula
617 4213 692 4267 Petri

106 4286 221 4337 concuti
234 4286 335 4352 potest,
348 4296 377 4337 se
411 4281 556 4357 submergi
566 4299 623 4340 non
634 4289 693 4353 pot-

104 4356 158 4423 est,
171 4352 252 4424 cuius
262 4352 355 4425 ligura
366 4354 396 4409 in
411 4368 478 4411 arca
487 4356 545 4412 Noe
560 4355 622 4414 luit.
632 4356 694 4425 lpse

740 2505 847 2631 fidebat
861 2505 976 2561 deitate.
993 2503 1072 2560 Unde
1088 2502 1148 2573 ipse
1161 2503 1189 2556 in
1200 2500 1325 2557 Canticis

761 2576 832 2632 icit:
867 2579 926 2641 Epo
957 2575 1081 2641 dormio,
1112 2578 1138 2627 et
1164 2589 1209 2627 eor
1236 2586 1325 2625 meum

740 2649 852 2716 uigilet.
875 2645 926 2701 Ubi
943 2647 1170 2725 chrysostomus:
1201 2643 1327 2719 «escen-

742 2719 784 2773 dit
807 2732 921 2788 parvam
940 2715 1110 2778 naviculam,
1127 2718 1156 2767 ut
1177 2717 1326 2782 navigaret

740 2788 788 2845 ille
805 2789 853 2861 qui
881 2792 971 2843 totum
998 2783 1250 2841 mundumuivina
1270 2783 1325 2837 vir·

742 2866 801 2919 tute
829 2859 968 2932 gubernat
984 2875 991 2928 3
1009 2857 1114 2912 dormit
1128 2857 1156 2913 in
1182 2868 1324 2922 somnum,

742 2933 791 3004 qui
817 2930 950 3004 populum
981 2943 1064 2984 suum
1089 2928 1186 2999 vigilia
1218 2933 1326 2982 aeterna

743 3004 910 3060 custodit.»
943 3000 1037 3057 Voluit
1060 3007 1155 3055 auteur
1190 2998 1326 3053 Dominus

744 3073 867 3130 dormire
883 3071 1030 3142 multiplici
1045 3071 1079 3127 de
1094 3085 1177 3126 causa
1198 3087 1205 3124 :
1225 3069 1325 3138 prima,

744 3151 775 3202 ut
797 3145 945 3201 veritatem
969 3144 1102 3198 humanae
1121 3148 1230 3197 naturae
1252 3140 1326 3218 inse

745 3218 951 3273 demonstraret
976 3231 982 3270 :
1013 3215 1042 3268 iu
1071 3213 1215 3267 miraculis
1250 3222 1327 3265 enim

745 3287 847 3344 Christi
871 3300 983 3356 semper
1004 3283 1111 3355 aliquid
1139 3282 1261 3351 ponitur,
1292 3279 1327 3359 ad

746 3358 950 3414 ostendendum
966 3357 1114 3410 veritatem
1132 3350 1328 3419 humanitatis,

746 3436 775 3483 et
786 3428 894 3497 aliquid
909 3426 945 3481 ad
960 3423 1165 3480 ostendendum
1181 3421 1327 3475 veritatem

747 3496 902 3553 divinitatis
915 3512 923 3563 ;
937 3493 1072 3562 secunda,
1084 3499 1116 3547 ut
1128 3490 1328 3559 discipulorum

747 3569 833 3624 fidem
848 3565 992 3637 probaret,
1006 3578 1063 3619 non
1077 3565 1153 3634 quod
1166 3561 1225 3642 ipse
1243 3560 1330 3616 corda

740 3654 845 3697 -eorum
860 3641 1015 3711 ignoraret,
1029 3635 1079 3691 sed
1105 3640 1135 3690 ut
1154 3636 1206 3705 ipsi
1224 3634 1330 3704 seipsos

746 3715 934 3785 agnoscerent
945 3726 954 3779 ;
966 3707 1061 3778 tertia,
1077 3713 1108 3762 ut
1125 3707 1254 3777 discipuli
1268 3720 1328 3760 ma-

746 3787 789 3856 gis
798 3785 941 3852 timerent,
958 3787 987 3836 et
998 3782 1038 3836 sic
1054 3794 1102 3835 cos
1115 3779 1151 3835 ad
1171 3780 1329 3834 orationem

747 3860 935 3925 provocaret:
958 3853 981 3908 si
1007 3852 1094 3917 enim,
1108 3856 1138 3906 ut
1150 3851 1190 3906 ait
1216 3851 1331 3918 Chryso-

745 3932 860 3994 stomus,
874 3942 908 3980 eo
922 3925 1068 3997 vigilante,
1089 3929 1241 3993 tempestas
1255 3923 1330 3974 lacta

746 4005 828 4065 esset,
843 3996 954 4052 velnon
970 3997 1141 4062 timuissent,
1156 3996 1199 4046 vel
1214 4002 1328 4068 nonro-

746 4075 876 4141 gassent3
893 4073 1007 4138 quarta,
1021 4073 1051 4122 ut
1062 4067 1211 4121 veritatem
1225 4062 1329 4112 divinae

747 4145 858 4196 naturae
878 4144 906 4193 et
927 4153 1007 4194 suam
1032 4136 1188 4208 potentiani
1209 4129 1330 4207 demon-

748 4217 869 4280 straret,
897 4225 961 4282 quae
981 4209 1071 4278 magis
1097 4203 1200 4277 claruit
1227 4214 1257 4254 in
1284 4212 1328 4278 co,

747 4283 824 4353 quod
835 4296 899 4337 mor
912 4279 1050 4336 excitatus
1064 4275 1212 4342 imperavit
1226 4275 1327 4353 ventis,

748 4354 797 4424 qui
816 4354 844 4408 ei
860 4352 1009 4423 parebant.
