2880 4942
122 358 152 413 ιιι
497 358 608 412 rums
636 355 757 409 rnnrrs
785 352 889 427 creor
915 352 990 406 xcv.

129 468 283 538 reliquere,
316 465 416 521 doulos
445 463 568 521 revisere
596 479 654 519 ncu
683 464 720 519 ti-

130 536 227 596 ment?
243 540 301 594 Hoc
319 536 387 592 lacit
408 542 508 594 contra
524 535 677 591 monachos
691 536 720 591 in

130 611 260 667 domibus
299 613 448 678 pareutum
486 614 515 663 ct
548 606 719 662 secularium

130 679 321 738 conviventes.
337 697 352 732 n
377 678 457 735 Unde
484 679 569 735 etiam
597 677 718 746 Chryse·

127 757 252 808 atomus:
283 749 443 806 :Ostendit
467 749 544 820 qucd
564 748 611 820 qul
635 747 716 819 sequi

127 823 279 879 Dominum
301 821 453 889 desiderat,
470 822 518 892 qui
543 834 661 876 manum
687 820 716 874 iu

127 898 224 950 aratro
239 892 330 962 ponit,
350 892 377 947 id
393 898 435 948 est
450 892 497 963 qui
518 891 546 946 iu
560 907 609 962 spe
623 889 715 945 crucis

128 963 233 1021 Christi
253 963 422 1031 Evangelica
436 963 491 1018 fide
512 963 654 1029 fundatus,
669 978 715 1017 sc-

128 1034 192 1091 culo
216 1032 371 1103 renuntiat,
391 1035 532 1105 respicere
554 1039 631 1089 retro
658 1048 714 1088 nou

129 1106 241 1175 debeat,
271 1103 300 1161 id
325 1111 368 1160 est
394 1120 494 1161 rursus
519 1105 554 1161 ad
589 1118 622 1160 ea
651 1118 714 1174 quae

127 1177 215 1233 seculi
244 1181 311 1231 suut
329 1176 434 1235 redire.
461 1192 496 1232 ne
516 1191 568 1247 per
586 1176 715 1247 hujusce·

127 1247 205 1303 modi
226 1248 340 1303 inanem
354 1247 441 1303 seculi
458 1263 554 1303 curam
570 1252 597 1301 el
610 1262 713 1302 ranam

126 1319 311 1389 cupiditatem
319 1333 409 1389 regno
424 1318 623 1374 Deielsreiatur
637 1317 713 1373 indi·

127 1404 210 1461 gnus.
226 1389 324 1459 Igitur,
342 1404 400 1444 non
413 1388 713 1459 immeriroapostotns

127 1459 275 1527 admouet,
299 1474 335 1515 ue
359 1459 396 1514 ad
424 1459 539 1514 infirma
565 1464 593 1513 et
623 1474 713 1531 egena

127 1529 227 1584 mundi
254 1533 470 1586 revertamur.»
499 1524 577 1585 Unde
610 1529 712 1586 iterum

126 1600 305 1657 Bernardos:
324 1621 337 1649 ιι
351 1601 385 1655 Et
399 1601 453 1656 hoc
473 1601 589 1656 omniuo
608 1601 712 1656 timen-

128 1671 261 1741 domest,
279 1672 392 1741 nequis
407 1677 456 1727 aut
474 1671 558 1727 corde
575 1670 646 1739 solo,
664 1678 713 1727 aut

127 1742 213 1798 etiam
229 1758 348 1812 corpore
363 1742 412 1797 liat
428 1747 564 1812 apostata.
581 1742 712 1813 Legimus

128 1813 204 1869 enim
224 1814 258 1869 de
280 1813 345 1869 siliis
361 1811 459 1882 lsrael,
476 1814 542 1884 quia
561 1814 646 1869 corde
665 1829 712 1869 re·

126 1883 241 1939 dierunt
264 1883 293 1940 in
317 1886 477 1956 AEgyptum.
498 1886 568 1941 Nam
593 1900 712 1957 corpore

125 1955 231 2011 reverti
262 1957 388 2012 clausum
436 1962 480 2012 ost
511 1973 609 2013 eorum
640 1958 713 2013 talos

126 2027 246 2084 rubrum
262 2043 340 2084 mare
353 1974 486 2099 vetafr'an
500 2030 554 2086 hoc
571 2034 622 2096 est,
637 2028 712 2099 quod

128 2114 182 2222 efo
208 2114 318 2167 vercor,
348 2099 462 2167 iratres,
490 2117 525 2156 ue
555 2101 628 2155 sorte
656 2100 713 2154 sint

126 2182 143 2222 a
157 2169 213 2238 iqui
233 2170 336 2237 quibus
354 2170 379 2222 si
398 2171 489 2239 pudor
501 2175 586 2240 negat
597 2176 712 2238 aposta·

127 2236 197 2293 siam
208 2237 344 2308 corporis,
356 2243 436 2318 tepor
445 2238 530 2296 iaciat
541 2239 711 2309 apostasiam

126 2306 230 2374 cordis,
257 2315 288 2362 ut
311 2308 444 2363 videlicet
469 2310 498 2363 in
524 2307 622 2365 habitu
650 2308 712 2364 reli-

123 2377 218 2450 gionis
244 2393 293 2432 cor
309 2377 438 2434 seculare
453 2384 564 2451 gerant,
584 2384 612 2434 ct
633 2377 713 2448 quid-

125 2448 193 2520 quid
216 2448 349 2505 secularis
365 2447 566 2505 consolationis
585 2450 711 2506 invenire

144 2520 280 2591 ctueriut,
309 2520 366 2576 laeti
398 2521 554 2593 suscipiant
574 2539 614 2579 :n
650 2522 711 2578 haec

123 2535 293 2648 gesnerum.
322 2592 375 2660 Qui
400 2609 469 2666 ergo
492 2593 587 2649 seculo
608 2609 712 2649 renun-

124 2661 216 2733 tiavit,
250 2663 411 2721 nullatenus
448 2670 526 2721 retro
567 2664 711 2736 respiciat,

126 2735 203 2805 quia,
220 2740 250 2789 ut
269 2736 310 2789 ait
329 2735 486 2805 Gregorius,
507 2735 576 2791 nihil
597 2737 711 2807 Angelis

124 2804 228 2874 carius,
243 2805 312 2860 nihil
331 2806 388 2861 Deo
397 2806 551 2876 acceptius,
570 2805 641 2862 nihil
661 2808 711 2863 ho·

52 2924 54 2929 .
125 2873 196 2931 mini
208 2876 387 2945 fructuosius,
396 2892 479 2948 qnam
491 2879 656 2948 insuscepta
669 2894 713 2935 re-

124 2944 231 3017 ligione
252 2944 411 3017 persistere,
430 2950 550 3019 juraque
573 2949 712 3007 obedien-

125 3016 175 3071 tiae
189 3017 340 3073 observare
355 3024 384 3073 et
396 3019 549 3091 complere.
564 3020 608 3089 Et,
624 3029 654 3078 ut
673 3024 713 3078 ait

126 3087 262 3157 isiciorus,
284 3090 421 3146 atrociter
436 3091 463 3146 iu
482 3091 657 3148 discussione
673 3094 713 3148 di-

128 3157 186 3213 vini
209 3158 309 3229 judicii
332 3163 469 3233 arguendi
485 3168 561 3232 snut,
576 3164 624 3234 qui
637 3165 712 3235 quod

127 3229 302 3301 professione
320 3233 544 3305 spoponderunt,
559 3251 644 3305 opere
661 3235 713 3292 im-

127 3301 206 3373 plere
229 3310 482 3375 contempserunt;
503 3313 531 3362 et
550 3308 613 3362 ideo
638 3308 712 3363 cauti

126 3388 188 3429 esse
213 3374 362 3447 debemus,
386 3392 422 3432 ue
451 3379 556 3434 mundo
585 3379 711 3451 undique

124 3445 301 3516 retrahente,
319 3453 425 3519 etpost
445 3448 573 3519 dorsum,
591 3455 621 3505 ut
636 3460 712 3507 retro

125 3517 324 3586 respiciamuS,
355 3526 510 3591 strepente,
533 3524 712 3592 seducamur,

126 3593 155 3640 et
178 3594 255 3642 retro
283 3604 347 3643 cum
375 3605 461 3644 uxore
484 3591 568 3660 Loth,
595 3608 659 3662 quae
682 3592 712 3647 in

125 3660 248 3711 statuam
268 3656 334 3713 salis
351 3674 430 3714 versa
444 3666 496 3727 est,
516 3662 710 3731 respiciamus.

125 3725 205 3781 Unde
225 3733 303 3796 nom,
323 3730 399 3797 quod
420 3733 514 3785 statua
535 3732 621 3786 habet
640 3734 713 3802 tigu-

125 3811 189 3852 ram
219 3799 381 3867 humanam,
405 3801 454 3855 sed
477 3815 534 3855 non
555 3799 643 3856 sentit
660 3817 713 3857 nee

125 3873 256 3924 movetur
266 3885 286 3940 ;.
299 3870 340 3925 sic
354 3885 483 3941 personae
498 3886 561 3942 quar
582 3873 713 3929 exierunt

777 463 926 528 mundum,
952 460 1092 517 habentes
1120 476 1169 517 cor
1194 462 1289 520 adhuc
1320 467 1356 522 ad

774 549 809 589 ne
830 533 888 590 otia
912 532 1019 599 mnndi,
1044 547 1100 588 non
1120 533 1227 589 habent
1240 550 1355 594 sensum

773 550 830 660 ref
855 612 963 660 motum
1000 602 1119 675 alicujus
1150 604 1217 660 boni
1249 609 1354 678 operis.

773 677 843 731 ltem
860 682 937 733 terra
959 674 1007 730 nbi
1028 674 1070 731 sal
1083 675 1251 745 seminatur,
1266 678 1354 734 ellici-

772 753 819 803 tur
832 747 936 803 sterilis
949 763 956 813 ;
971 747 1011 802 sic
1031 745 1100 802 tales
1121 748 1245 802 reddunt
1269 751 1356 806 socie-

772 823 871 890 tatem,
896 821 924 874 in
946 833 1001 889 qua
1022 824 1098 882 sunt,
1124 819 1261 876 sterilem.
1285 823 1354 876 ltem

771 889 811 947 sal
827 890 935 961 praebct
950 905 1080 960 saporem
1100 888 1171 953 aliis,
1191 894 1287 947 tamen
1306 907 1357 962 per

771 962 1016 1033 consumptionem
1031 960 1073 1016 sui
1089 977 1095 1027 ;
1112 960 1153 1015 sic
1172 961 1243 1016 tales
1257 978 1355 1018 consu·

771 1038 886 1089 mnntnr
913 1033 941 1087 in
969 1032 1108 1103 religione
1141 1031 1202 1087 siue
1241 1034 1355 1104 propria

770 1104 903 1174 utilitate,
919 1110 948 1159 ct
961 1103 1029 1159 dant
1042 1102 1104 1158 aliis
1117 1103 1275 1172 exemplum
1290 1121 1355 1160 con-

768 1176 944 1232 servationis.
963 1175 1122 1231 Secundum
1136 1174 1248 1242 Hedum,
1269 1176 1354 1231 etiam

769 1261 884 1302 manum
899 1247 935 1303 ad
955 1250 1081 1302 aratrum
1096 1246 1192 1314 mittit,
1210 1247 1257 1315 qni
1273 1247 1354 1317 quasi

769 1318 891 1388 quodam
911 1318 1099 1373 instrumento
1116 1318 1352 1388 compunctionis,

767 1388 875 1443 scilicet
890 1388 967 1460 liguo
982 1388 1096 1444 etlerro
1116 1389 1271 1444 Dominicae
1286 1391 1353 1445 Pas-

767 1459 867 1523 sionis,
883 1459 1016 1516 duriliam
1032 1459 1126 1516 cordis
1141 1459 1184 1514 sni
1204 1460 1313 1516 emollit
1326 1466 1355 1516 ct

768 1531 870 1585 evertit
895 1531 930 1586 ad
957 1531 1173 1601 paenitentiam
1198 1531 1294 1603 sieque
1316 1531 1353 1588 ad

767 1599 857 1656 bonos
879 1599 986 1656 tructus
1007 1603 1138 1658 serendos
1160 1608 1266 1658 terram
1289 1619 1352 1659 cor·

767 1671 810 1727 dis
830 1687 943 1727 vomere
963 1671 1135 1743 poenitentias
1154 1673 1255 1743 aperit,
1272 1690 1352 1730 reco-

766 1740 828 1797 lens
851 1743 1027 1799 Dominicam
1053 1745 1223 1802 Passionem.
1245 1744 1308 1813 Qui,
1328 1745 1352 1801 si

766 1814 801 1869 ad
827 1814 927 1869 relicta
945 1814 1013 1869 vitia
1037 1814 1176 1870 desiderio
1196 1816 1314 1887 rapitur,
1335 1833 1352 1873 a

766 1900 854 1955 regno
869 1884 919 1941 Dei
933 1901 996 1941 cnm
1006 1902 1092 1942 uxore
1104 1886 1173 1940 Loth
1182 1887 1350 1944 excluditur.

767 1956 863 2011 Sancti
881 1956 957 2013 cuim
978 1959 1165 2027 posteriorum
1182 1958 1261 2013 oblili
1275 1974 1350 2014 scm·

768 2043 818 2099 per
836 2029 863 2083 iu
882 2029 1028 2085 anteriora
1042 2045 1071 2085 se
1092 2029 1258 2096 extendunt,
1271 2030 1353 2100 iuges

765 2115 841 2163 suos,
861 2098 890 2154 id
903 2106 945 2156 est
959 2116 1060 2170 corpus
1074 2108 1102 2155 ct
1117 2103 1253 2169 animam,
1269 2101 1352 2170 quasi

766 2169 927 2238 beresjugo
937 2171 985 2223 Dei
996 2171 1171 2239 conjunctos,
1182 2186 1198 2223 a
1208 2171 1277 2239 jugo
1290 2173 1351 2242 ejus

765 2254 822 2293 uon
834 2239 1002 2306 relaxantes,
1016 2240 1065 2293 sed
1078 2254 1191 2308 semper
1202 2241 1272 2292 colla
1287 2243 1351 2295 sub·

766 2309 875 2368 dentes,
893 2316 923 2363 ut
941 2306 1063 2363 fructum
1085 2309 1146 2378 plus
1165 2309 1295 2365 ail'erant.
1316 2313 1352 2367 Et

765 2376 911 2433 sciendum
930 2379 1004 2449 quod
1020 2380 1148 2450 quamvis
1166 2380 1284 2452 sepelire
1301 2397 1349 2452 pa·

766 2452 849 2518 trem,
873 2454 901 2505 et
923 2454 1088 2507 renuntiare
1110 2452 1190 2507 bonis
1213 2452 1257 2507 rel
1276 2454 1349 2509 ami·

766 2519 815 2589 cis,
831 2537 882 2591 per
894 2537 923 2576 se
935 2537 993 2577 nou
1007 2523 1164 2593 impediant
1177 2524 1349 2581 hornincma

767 2592 941 2662 perfectione
964 2599 993 2649 et
1012 2610 1099 2665 reguo
1115 2596 1184 2663 Dei;
1207 2611 1257 2664 per
1272 2596 1349 2651 acci-

766 2665 837 2720 dens
850 2669 947 2721 tamen
964 2670 993 2720 ct
1010 2672 1125 2737 propter
1139 2667 1235 2735 aliqua
1249 2682 1347 2738 super·

765 2736 908 2791 venientia
931 2735 1062 2791 imminet
1078 2738 1234 2806 periculum
1256 2746 1348 2794 retro·

766 2806 884 2861 cedendi
904 2822 921 2862 a
944 2809 989 2862 via
1010 2808 1069 2875 llei,
1086 2809 1152 2877 quia
1168 2809 1234 2864 dum
1254 2808 1349 2865 diilert

766 2877 884 2947 implere
914 2879 1099 2949 propositum,
1132 2886 1225 2949 potest
1259 2879 1347 2936 lacili·

766 2955 810 3004 tcr
828 2950 971 3004 immutari
996 2950 1032 3004 ab
1055 2964 1087 3005 eo
1108 2952 1183 3019 quod
1203 2951 1349 3021 proposuit

767 3027 882 3090 propter
905 3021 1037 3075 intuitum
1061 3036 1159 3077 earum
1179 3038 1242 3091 quae
1267 3023 1349 3078 dimi·

765 3090 812 3159 sit,
830 3091 872 3147 vcl
894 3092 1021 3147 revocari
1038 3105 1055 3147 a
1071 3092 1214 3162 proposito
1235 3100 1350 3163 propter

767 3177 879 3218 suasum
899 3168 1060 3232 parentum,
1077 3179 1126 3219 seu
1144 3164 1265 3219 alioruin
1280 3179 1351 3234 quos
1406 3175 1409 3180 “

766 3232 893 3305 reliquit.
917 3235 952 3290 Ut
966 3239 1061 3289 autem
1078 3235 1146 3289 dicit
1163 3236 1349 3307 repentinos,

767 3304 795 3359 in
810 3306 863 3361 hoc
878 3306 1001 3376 capitulo
1016 3311 1045 3360 et
1058 3321 1110 3361 nos
1127 3306 1269 3374 discimus,
1284 3309 1351 3377 quia

766 3391 837 3447 quos
851 3375 940 3433 voluit
956 3376 1103 3447 Dominus,
1119 3377 1170 3432 hos
1186 3378 1285 3449 eligit:
1302 3379 1351 3432 ob·

767 3448 831 3504 tulit
846 3465 876 3504 sc
893 3464 965 3504 nnus
986 3454 1017 3504 ut
1038 3464 1102 3505 eum
1125 3454 1302 3519 sequeretur,
1323 3456 1351 3504 et

767 3521 934 3590 reprobatus
963 3525 1024 3589 cst;
1053 3520 1124 3576 alius
1145 3535 1202 3574 non
1218 3520 1350 3589 audebat,

767 3591 867 3645 citatus
882 3597 924 3646 cst
939 3606 948 3657 ;
965 3591 1066 3645 tertius
1083 3590 1243 3656 differebat,
1260 3592 1353 3660 culpa-

766 3665 811 3713 tus
826 3664 886 3715 cst:
915 3659 1026 3714 nensis
1044 3674 1112 3729 ergo
1133 3659 1246 3712 dolosus
1267 3665 1295 3714 et
1307 3678 1352 3716 su-

768 3731 881 3797 perbus,
907 3745 943 3784 ne
972 3744 1037 3784 cum
1060 3727 1152 3800 primo
1179 3731 1349 3802 reproberis,

765 3799 815 3854 sed
837 3801 927 3870 magis
946 3798 983 3855 sis
1002 3799 1121 3870 simplex
1136 3806 1165 3855 et
1178 3800 1305 3873 devotus,
1321 3812 1351 3860 nt

767 3884 831 3926 cnm
843 3870 953 3926 duobus
967 3870 1031 3927 aliis
1045 3871 1110 3943 eligi
1126 3871 1274 3930 merearis.

673 4077 803 4135 ORATIO

162 4230 282 4289 Domine
303 4234 369 4290 lesu
385 4235 507 4306 Christe,
532 4240 665 4312 llagister
682 4242 767 4312 hone,
796 4243 937 4315 inspector
951 4244 1090 4316 cordium,
1116 4251 1144 4300 et
1167 4244 1294 4318 cognitor
1311 4260 1353 4300 se·

126 4305 279 4375 craterum,
308 4306 426 4364 exclude
447 4314 476 4365 et
492 4324 607 4368 remove
628 4328 645 4369 a
670 4328 716 4370 me
729 4329 845 4372 omnem
873 4316 1052 4373 dolositatem
1074 4320 1104 4373 et
1129 4316 1352 4384 simulationem,
