2880 4942
261 338 301 391 Dii
329 334 575 390 tldhttt‘ttlutt
604 334 853 389 rtttttlsltutdll
882 337 919 388 ΕΤ
947 334 1163 389 inuisitati.
1284 335 1329 388 tat

100 442 178 516 quod
196 442 297 501 melius
315 446 358 500 ost
378 440 408 498 in
428 440 571 498 civitatem
592 440 689 513 ignom
739 439 856 496 horrore
871 443 899 497 ot
913 438 1105 497 condemnare
1124 446 1188 497 acta
1210 443 1239 498 et
1262 455 1328 512 pee-

100 531 218 599 ponere,
233 531 319 587 quam
335 514 439 570 malam
454 512 689 569 consuetudinem
739 515 813 580 cata,
835 526 868 568 ac
890 512 1040 584 perfidiam
1068 518 1180 583 patrum
1200 527 1328 582 suorum,

100 587 259 656 iuducere;
286 588 354 659 quia
381 586 417 642 ad
452 583 689 655 exstinguendum
740 589 923 639 monumenta
940 584 1146 656 Prophetarum
1165 600 1237 656 quos
1258 584 1329 641 occi·

101 658 198 730 ignem
211 674 310 715 omnes
320 662 447 725 currunt,
459 657 495 714 ad
507 656 611 712 malain
622 671 689 712 rero
739 655 843 711 derunt
857 661 954 728 patres
969 671 1068 712 eorum
1090 671 1143 727 per
1157 655 1332 728 hypocrisim

102 730 336 789 consuetudinem
371 728 563 802 ampliandam
590 742 690 784 omnes
740 732 769 784 et
796 744 853 784 nou
879 743 912 784 ei
929 726 1044 800 pietate,
1059 728 1213 798 magnifiee
1241 727 1331 784 aedltl·

102 800 262 859 intendunt.
282 802 337 859 Sed
352 800 461 858 utinam
476 816 575 857 omnes
590 815 690 872 seque·
740 799 830 856 cando
850 801 878 858 et
894 799 1032 883 ornando.
1048 801 1106 855 Hoc
1129 804 1225 855 autem
1243 797 1330 855 iacie-

101 881 202 930 rentur
217 873 378 931 doctrinam
395 878 424 930 et
442 871 591 930 consilium
606 874 689 929 Sene·
739 871 810 928 bant
848 871 929 943 quasi
957 872 993 928 de
1024 876 1115 928 morte
1144 870 1331 928 innocentum

102 961 148 1007 ca.
177 945 227 1018 qui
244 945 286 1002 sie
308 944 377 1002 dicit
397 944 433 1001 de
451 942 657 1001 consuetudine
681 960 689 1001 a
741 944 947 1014 Prophetarum
972 943 1103 1001 dolentes
1128 947 1156 1000 et
1181 941 1330 1011 dieentes,

103 1019 218 1074 «Bona
242 1017 421 1074 consuetudo
445 1020 575 1073 excutere
594 1016 690 1087 debet,
740 1014 859 1087 quodsi
888 1015 1007 1073 luissent
1035 1015 1065 1071 in
1090 1014 1190 1073 diebus
1219 1016 1331 1086 patrum

104 1088 267 1160 quudmala
280 1087 392 1146 induxit
407 1105 414 1145 :
431 1108 445 1140 »
462 1089 523 1145 haee
537 1090 648 1145 Seneca.
740 1102 866 1154 suorum,
882 1103 939 1144 nou
952 1093 1047 1145 essent
1066 1085 1134 1144 socii
1149 1084 1331 1157 insanguine

139 1183 155 1233 7
175 1161 397 1218 Deoiaouunruii
425 1162 608 1225 Leaisraniri,
627 1176 692 1223 onia
741 1158 964 1231 Prophetarum;
976 1164 1008 1217 ut
1022 1159 1187 1216 viderentur
1195 1157 1331 1231 justiores

104 1248 157 1288 sisi
185 1249 369 1289 inanissimas
385 1249 575 1290 iirroariniaii
602 1248 692 1289 onam
740 1231 870 1303 patribus
899 1231 968 1303 suis,
992 1230 1039 1304 qui
1063 1230 1227 1288 occiderunt
1254 1229 1329 1286 illos.

103 1321 175 1359 iiiiis
200 1322 347 1362 iniurium.
362 1336 397 1346 -
415 1304 492 1363 Sicut
517 1320 585 1377 ergo
611 1305 691 1376 prius
741 1303 796 1360 Sed
810 1303 873 1376 ipso
890 1320 977 1376 opere
994 1302 1230 1372 testificabantur,
1243 1317 1331 1374 quaii-

104 1375 286 1446 Pharisaeos,
315 1376 356 1434 sie
383 1380 412 1434 et
440 1375 631 1450 legisperitos
655 1375 691 1433 da
740 1378 942 1448 tumpaternae
962 1373 1096 1458 nequitiae
1118 1373 1329 1445 consenserint,

103 1446 201 1504 multis
223 1464 300 1505 nunc
324 1447 470 1520 redarguit
493 1446 640 1504 Dominus.
658 1449 692 1505 Et
740 1447 938 1520 persequendo
951 1447 1093 1505 Christum
1103 1445 1252 1504 Dominum
1261 1448 1332 1529 Pro-

103 1518 208 1590 primo,
224 1520 260 1576 de
281 1519 471 1577 immoderata
496 1518 691 1576 dominatione
742 1521 890 1590 phetarum
905 1518 947 1576 eis
962 1518 1144 1593 promissum,
1164 1523 1192 1575 et
1205 1519 1241 1576 ab
1260 1532 1330 1590 ipsis

103 1589 308 1648 etiuordinata
322 1591 497 1656 austeritate,
517 1590 691 1648 commiuau·
743 1592 893 1664 Prophetis
929 1591 1160 1664 praenuutiatum.
1198 1590 1330 1647 Deiectus

102 1662 139 1720 do
154 1662 196 1720 eis
208 1679 250 1721 va
266 1663 468 1731 damnationis,
479 1661 615 1735 quoniam
626 1662 691 1720 aliis
741 1663 863 1720 aliorum
879 1662 1013 1721 videbant
1027 1668 1056 1720 et
1069 1678 1128 1720 uon
1143 1678 1211 1719 suos
1227 1662 1328 1734 touta,

102 1750 193 1792 onera
219 1733 411 1807 importabilia
436 1734 641 1807 imponebant:
663 1739 692 1791 et
741 1738 772 1791 ut
795 1733 863 1792 dicit
885 1737 1100 1806 chrysostomus,
1121 1734 1193 1792 alter
1213 1733 1330 1791 alterius

103 1804 158 1878 ipsi
174 1822 227 1863 uec
242 1823 300 1864 uno
314 1806 403 1878 digito
425 1811 543 1879 tangere
564 1805 692 1863 sarcinas
742 1805 852 1888 culpam
878 1806 959 1864 tacite
982 1806 1126 1878 intelligit,
1146 1821 1226 1862 suam
1251 1804 1329 1861 diffl-

106 1878 257 1947 eurabaut,
273 1877 302 1934 id
317 1884 361 1935 est
373 1876 437 1935 aliis
451 1877 582 1959 imposita
596 1894 648 1934 nec
661 1876 691 1934 iii
742 1876 855 1935 cillime.
866 1878 1030 1935 Secundum
1040 1878 1192 1934 litteralem
1203 1892 1331 1946 sensum,

105 1948 232 2007 minimis
245 1949 448 2022 persichbaum
465 1949 529 2006 aliis
546 1955 627 2006 erant
641 1965 693 2006 se·
742 1949 795 2005 lioc
812 1949 965 2018 iaciebant,
983 1955 1015 2006 ut
1030 1949 1195 2006 riderentur
1209 1949 1331 2005 horrere

104 2020 176 2091 veri,
196 2025 224 2077 et
244 2020 296 2078 sibi
321 2021 407 2078 nimis
433 2019 564 2093 propitii;
591 2026 693 2077 contra
743 2019 939 2077 crudelitatem
960 2028 1071 2093 patrum
1094 2035 1232 2087 suorum;
1249 2023 1278 2076 et
1292 2018 1331 2076 si·

100 2092 148 2164 jus
171 2093 302 2150 naturale
321 2093 348 2150 lu
379 2091 442 2150 aliis
469 2092 532 2150 fleri
560 2093 694 2149 volebant
742 2091 848 2149 militer
876 2093 986 2150 iaciunt
1007 2092 1054 2176 qui
1075 2091 1143 2149 vitia
1159 2091 1254 2149 verbis
1277 2092 1332 2148 de-

105 2164 181 2235 quod
198 2163 252 2220 sibi
269 2165 425 2233 nolebant;
446 2163 578 2222 dicebant
593 2170 621 2221 et
635 2181 692 2221 nou
742 2167 892 2235 testantur,
908 2171 937 2222 ut
947 2166 982 2221 ab
995 2181 1036 2222 eis
1047 2163 1188 2221 immunes
1202 2165 1238 2221 ab
1254 2164 1332 2235 igno·

105 2235 266 2307 iaciebant;
282 2236 422 2295 docebant
443 2236 564 2308 grandia
582 2243 610 2293 et
636 2252 693 2293 non
742 2236 872 2294 rantibus
886 2236 1047 2294 videantur.
1063 2269 1097 2277 -
1114 2235 1221 2293 Deinde
1235 2235 1330 2292 redar-

105 2306 250 2365 laciebant
276 2307 398 2365 minora.
417 2308 466 2364 lsti
489 2308 602 2366 divorsa
615 2324 695 2381 pou·
742 2310 803 2381 guit
818 2311 957 2367 Dominus
977 2308 1168 2381 legisperitos
1188 2308 1330 2365 condem-

103 2379 174 2437 dera
186 2380 226 2437 sio
247 2381 410 2448 habebant;
425 2380 508 2437 aliter
523 2382 599 2437 euim
620 2381 695 2437 tacta
743 2381 837 2438 nando
848 2398 897 2439 eos
909 2381 945 2439 de
957 2397 1044 2455 prava
1058 2387 1087 2438 et
1099 2397 1234 2454 perversa
1249 2377 1330 2437 Scri-

105 2450 234 2583 Bropria,
245 2456 274 2508 et
285 2451 368 2509 aliter
381 2451 474 2509 aliena
486 2453 692 2534 ponderabant.
743 2453 1072 2526 pturarumeipositione
1082 2451 1330 2535 ;quiagloriaban·

130 2523 159 2580 bi
179 2525 365 2596 Theophilus:
382 2544 396 2576 u
413 2525 527 2591 Quoties
546 2523 620 2580 enim
643 2520 693 2580 do·
744 2530 789 2580 tur
803 2541 833 2581 se
849 2526 954 2582 habere
972 2524 1102 2581 notitiam
1119 2526 1200 2597 Legis
1215 2528 1242 2580 et
1259 2524 1328 2579 Pro·

104 2603 167 2652 ator
183 2595 249 2652 iacit
265 2611 328 2667 quir
342 2596 433 2665 docet,
450 2594 564 2652 alleviat
578 2595 693 2666 fascem,
743 2596 904 2667 phetarum,
920 2612 1006 2667 quam
1027 2595 1154 2654 Christus
1170 2599 1251 2651 vocat
1265 2593 1330 2651 cla-

105 2665 694 2739 tradeusadeiemplumseipsum.Quando
744 2666 1331 2748 vemscientiae.etporhancnotitiampo3

105 2754 173 2795 vero
186 2738 225 2795 iiil
244 2741 303 2810 agit
325 2755 423 2796 eorum
437 2754 501 2810 quae
515 2739 607 2807 docet,
627 2744 695 2796 tune
744 2743 859 2796 tuerunt
874 2738 904 2797 in
918 2740 1004 2796 tidem
1022 2744 1050 2796 et
1064 2740 1211 2796 veritatem
1226 2739 1331 2797 Christi

105 2825 207 2882 graues
221 2811 311 2868 fasces
326 2809 457 2868 videntur
470 2809 512 2867 eis
527 2809 574 2882 qui
589 2809 695 2868 doctri·
743 2809 867 2882 intrare;
881 2812 930 2869 sod
941 2811 994 2885 ipsi
1002 2810 1111 2869 malitia
1120 2808 1251 2868 eiicaecati
1259 2811 1333 2867 hano

104 2897 172 2939 nam
196 2882 367 2955 suscipiuut3
392 2887 489 2955 utpote
516 2898 579 2954 quae
601 2899 652 2941 nec
676 2898 695 2941 a
743 2883 852 2941 clavom
880 2884 1071 2952 abstulerunt,
1093 2882 1169 2940 dicta
1196 2881 1279 3010 Legis
1304 2884 1333 2939 el

104 2954 221 3036 doctore
236 2960 353 3026 possunt
376 2953 494 3026 portari.
509 2973 522 3036 a
548 2956 602 3012 Por
624 2954 693 3012 istos
743 2956 1015 3028 Prophetarumrol
1030 2955 1199 3027 truncando,
1211 2971 1244 3012 ve
1271 2969 1333 3026 per·

104 3030 256 3096 signantur
282 3027 402 3098 praelati,
424 3026 488 3084 aliis
514 3033 693 3099 imponentes
741 3043 825 3085 verse
850 3028 1036 3100 intelligendo
1054 3035 1083 3086 et
1105 3045 1136 3085 ori
1159 3027 1282 3095 ouendo,
1298 3040 1333 3083 ao

104 3096 203 3169 gravia
218 3103 246 3153 et
260 3114 374 3168 magun,
391 3105 417 3155 ot
444 3114 535 3171 pauca
558 3098 693 3156 iacientes
742 3100 844 3158 Christi
853 3100 987 3172 dogmata
998 3106 1024 3157 ot
1041 3043 1332 3173 operagenigraudm

106 3174 157 3227 aut
173 3169 259 3226 nulla.
275 3171 354 3226 Unde
369 3171 516 3239 Gregorius
529 3174 691 3239 nyssenus:
742 3177 775 3228 ut
789 3170 843 3242 ipsi
862 3171 899 3228 ad
920 3172 1096 3228 intellectum
1111 3171 1240 3227 veritatis
1254 3174 1283 3227 et
1296 3168 1331 3224 u-

105 3260 120 3295 c
138 3241 220 3297 Tales
236 3248 302 3297 sunt
319 3242 403 3298 modo
419 3240 500 3298 multi
518 3241 628 3311 jndices
648 3258 692 3298 se·
742 3242 807 3298 dem
822 3259 879 3298 non
897 3242 1047 3311 intrarent,
1062 3258 1115 3298 nec
1137 3241 1209 3297 alios
1223 3240 1271 3312 qui
1285 3239 1331 3295 in-

105 3312 164 3369 veri
180 3313 356 3384 peccantium
372 3319 399 3368 et
414 3311 522 3369 debiles
536 3312 691 3383 agonistae3
743 3318 819 3369 trare
834 3313 1045 3381 desiderabant,
1062 3312 1168 3368 intrare
1184 3309 1331 3384 permitto·

105 3383 299 3441 intolerabiles
324 3384 501 3454 legislatores
528 3392 556 3438 ot
584 3382 694 3439 debiles
742 3389 816 3449 rent,
832 3384 901 3454 quia
914 3386 1099 3456 perversitate
1119 3381 1255 3439 doctriuae
1270 3396 1331 3437 suas

125 3455 273 3524 ortitores;
305 3471 357 3511 nec
387 3452 616 3526 appropinquare
643 3471 693 3511 vo·
745 3454 946 3526 prohibebant.
960 3453 1052 3512 Clanis
1068 3470 1135 3525 ergo
1149 3451 1274 3509 scientiae
1290 3455 1334 3508 est

104 3471 196 3584 fantes
211 3544 263 3583 nec
284 3526 401 3598 palpare
415 3526 480 3581 vitae
504 3527 692 3595 honestatem,
744 3527 899 3583 auctoritas
916 3525 1047 3593 docendi,
1064 3542 1116 3597 per
1137 3539 1221 3596 quam
1247 3523 1332 3580 debet

104 3614 188 3670 quam
202 3597 449 3656 irremediabiliter
463 3596 577 3670 exigunt
592 3613 608 3654 a
626 3599 692 3656 sub·
744 3597 903 3654 intellectus
918 3615 1001 3656 verus
1016 3597 1108 3654 latens
1130 3594 1250 3653 interius
1265 3610 1332 3667 ape-

101 3670 208 3743 jectis:
225 3690 239 3722 »
257 3672 317 3727 hinc
334 3671 644 3740 GrepociasNysscaas.
744 3668 814 3739 riri;
833 3674 860 3727 et
879 3669 932 3743 ipsi
954 3687 969 3727 o
993 3668 1136 3727 contrario
1163 3668 1333 3750 claudebant

140 3744 392 3800 &Renmeuuarua
411 3759 491 3798 crisii
512 3759 632 3798 raorrnn
654 3760 693 3798 si·
744 3758 877 3814 peruerse
904 3743 1130 3815 interpretando,
1162 3747 1189 3798 et
1211 3740 1283 3797 alios
1302 3753 1332 3795 in

104 3830 230 3870 aunarii
245 3833 416 3872 navorionnii
431 3832 463 3870 er
480 3831 632 3870 renvnnsiis
643 3816 693 3872 Si·
744 3830 871 3871 errorem
886 3814 1026 3883 ducendo,
1043 3821 1072 3871 ut
1083 3819 1160 3888 patet
1172 3813 1247 3870 circa
1261 3826 1332 3884 prae·

104 3903 162 3942 cna
185 3888 339 3944 Scmrruan·
366 3904 567 3944 uirosirioam.
590 3918 625 3930 -—
637 3888 694 3943 De·
744 3890 859 3960 coptum
885 3887 920 3945 de
949 3888 1057 3943 honore
1076 3890 1238 3957 pareutum,
1255 3880 1332 3955 quod

104 3957 172 4014 iude
186 3959 331 4030 redarguit
347 3958 547 4031 Legisperitos,
563 3957 696 4014 condem·
718 3938 722 3987 ¹
745 3975 795 4032 per
819 3975 899 4016 suam
922 3959 1097 4016 evacuabant
1115 3957 1287 4022 doctrinam,
1303 3957 1334 4035 ut

104 4030 201 4087 nando
215 4047 264 4087 eos
286 4031 321 4088 ds
344 4031 477 4087 simulata
492 4028 654 4099 devotione,
667 4034 696 4086 et
744 4030 841 4099 etiam,
862 4031 1015 4088 secundum
1040 4031 1152 4092 Rectum,
1179 4027 1255 4109 circa
1277 4024 1335 4107 alia

105 4102 177 4159 falsa
196 4101 343 4173 religione,
361 4103 427 4175 quia
441 4103 477 4160 ob
493 4102 618 4159 savorem
633 4102 695 4157 vul·
745 4102 827 4174 plura
840 4101 950 4159 Domini
965 4105 1117 4176 praccepta.
1132 4100 1231 4156 Omnis
1245 4105 1333 4154 etiam

104 4173 144 4246 gi,
159 4175 300 4247 captando
313 4190 363 4230 eos
378 4174 414 4230 de
427 4172 559 4230 simulata
572 4172 696 4231 deuotio
745 4173 855 4244 doctor,
868 4174 917 4247 qui
929 4174 1074 4232 auditores
1086 4186 1158 4243 quos
1171 4169 1257 4227 verbo
1267 4165 1334 4225 cedi·

105 4262 153 4315 ue,
168 4251 198 4302 et
219 4246 292 4303 falsa
306 4244 456 4317 religione,
473 4244 541 4327 quia
560 4245 595 4302 ob
617 4245 693 4302 lavo·
745 4244 834 4317 licat,
860 4246 987 4319 exemplo
1007 4241 1179 4301 scandalizat
1201 4255 1254 4324 nec
1271 4239 1334 4313 ipse

106 4333 169 4376 rein
183 4315 259 4391 vulgi
278 4316 449 4390 captandum
470 4316 642 4376 simulabant
664 4332 695 4374 sa
744 4332 865 4390 rognum
884 4316 935 4376 Dei
949 4316 1046 4387 intrat,
1065 4329 1190 4386 nereos,
1206 4316 1334 4387 quipot·
