2880 4942
338 363 378 419 llll
406 363 597 420 lunulrlcl
625 363 758 419 rlscllll
786 366 823 420 ur
850 364 1073 420 ritualirlce.
1276 363 1322 418 tia

100 476 130 530 iu
159 477 226 546 loco,
247 472 413 546 permittens
441 473 477 530 ab
504 471 573 545 ipsis
601 488 684 530 sunm

101 547 205 603 lactum
221 544 385 613 examinari,
399 549 441 614 ul,
454 560 488 601 eo
502 547 630 612 absente,
645 552 685 601 te-

100 616 263 675 stimouium
283 618 365 674 lieret
383 615 592 689 insuspicabile,
612 616 690 685 dau

100 705 212 761 quoque
233 689 391 761 exemplum
412 705 469 745 non
491 688 635 761 quaerendi
655 686 684 745 in

100 760 182 818 bonis
209 760 343 832 operibus
371 761 486 817 laudern
507 766 535 817 et
557 760 685 817 favorem

100 832 258 903 hominurn,
280 849 314 890 ac
342 831 503 889 declinandi
529 831 684 903 aliquando

99 904 242 960 consortia
268 903 436 960 calumniari
464 902 631 970 volentium,
656 906 685 959 el

98 976 226 1046 iuglandi
235 976 333 1032 oculos
341 975 500 1031 invidorum
513 973 541 1029 in
552 974 685 1046 operibus

100 1046 216 1109 nostris,
236 1063 273 1102 ne
293 1063 326 1103 ex
341 1047 394 1102 hoc
411 1044 518 1101 invidia
533 1051 642 1102 crescat
655 1044 685 1102 in

101 1116 151 1172 eis.
165 1120 272 1187 Postea,
285 1117 432 1188 propalato
448 1116 584 1173 miraculo
597 1122 625 1172 et
639 1132 684 1173 so·

101 1187 161 1244 luta
173 1189 233 1259 jam
251 1191 343 1256 turba,
363 1191 467 1244 iuuerit
485 1204 544 1244 eum
562 1190 640 1243 lesus
656 1191 686 1244 in

102 1262 212 1341 templo,
228 1259 293 1332 quia
308 1259 344 1316 ad
364 1259 505 1330 agendum
523 1260 631 1329 gratias
649 1258 685 1316 de

101 1337 225 1387 sanitate
263 1330 316 1387 sliri
349 1332 453 1387 collata
487 1330 686 1402 frequentabat

99 1403 249 1473 templum,
258 1401 334 1473 quod
343 1408 386 1457 est
395 1402 474 1458 locus
484 1403 519 1457 ad
532 1402 683 1459 orandum.

100 1475 130 1528 lu
144 1473 227 1529 turba
237 1472 348 1554 positus
362 1489 421 1529 non
433 1471 683 1543 cognoritlesum,

100 1544 149 1600 sed
161 1549 224 1614 post
235 1561 266 1600 ru
278 1544 381 1616 templo
392 1543 502 1600 invenit
512 1548 541 1600 et
552 1543 685 1615 cognovit

101 1630 176 1672 eum.
194 1617 224 1670 ln
240 1631 295 1686 quo
310 1613 428 1686 mystice
447 1614 531 1671 datur
550 1613 682 1686 intelligi,

100 1685 177 1758 quod
187 1688 270 1743 lesus
285 1686 315 1742 in
331 1685 511 1743 multitudine
523 1684 683 1755 hominum,

100 1757 177 1814 etin
197 1756 309 1815 turbine
327 1773 458 1815 curarum
482 1757 684 1830 temporalium

100 1829 135 1886 de
151 1827 226 1885 facili
245 1846 302 1886 non
320 1828 477 1899 invenitur3
490 1830 542 1886 sed
555 1829 585 1886 in
599 1829 684 1901 spiri-

100 1899 169 1957 tuali
196 1906 358 1970 secreto,et
385 1900 415 1955 in
443 1901 549 1972 templo
577 1900 684 1970 cordis,

101 1971 179 2044 quod
188 1974 263 2028 Deus
275 1971 434 2030 inhabitare
445 1971 589 2043 dignatur.
604 1972 685 2029 Unde

100 2043 141 2100 ait
159 2045 364 2114 chrysostomus
383 2061 392 2099 r
412 2063 426 2095 κ
446 2044 555 2100 lnvenit
573 2058 638 2100 eum
656 2044 686 2099 in

99 2114 217 2187 templo,
233 2115 309 2188 qnod
328 2114 458 2171 maximae
477 2113 624 2185 religionis
642 2118 686 2171 est

100 2185 223 2256 signum.
240 2187 302 2243 Non
324 2185 401 2243 euim
419 2185 537 2243 secessit
556 2185 591 2242 ad
611 2202 684 2242 nun-

101 2257 183 2314 dinas
194 2261 221 2314 et
232 2256 426 2339 circuitiones,
440 2273 535 2340 neque
548 2254 686 2385 voluptati

101 2333 151 2386 aut
169 2329 350 2401 negligentiae
374 2334 403 2386 et
421 2345 584 2386 remiseram
627 2330 686 2385 edrl

101 2400 295 2472 semetipsum,
313 2401 364 2457 sed
378 2400 526 2473 intemplo
541 2415 689 2458 conversa·

101 2473 195 2529 batur.
208 2474 316 2544 lesum,
327 2487 411 2543 quem
425 2471 542 2529 inturba
557 2488 614 2528 non
623 2487 688 2543 cog·

100 2544 248 2611 noscebat,
269 2545 402 2615 cognovit
420 2543 449 2599 in
464 2544 581 2616 templo,
596 2542 625 2599 in
644 2543 688 2599 lo·

101 2631 134 2672 co
160 2620 281 2672 sacrato.
302 2635 317 2666 n
338 2614 416 2672 Unde
436 2619 464 2671 et
481 2616 657 2684 Augustinus
677 2633 686 2671 r

103 2708 115 2738 ι
133 2686 253 2743 Difficile
268 2684 354 2742 estin
368 2686 562 2743 turbavidere
577 2688 686 2743 lesum.

101 2758 201 2832 Adhuc
225 2757 346 2814 solitudo
370 2757 503 2829 quaedam
526 2757 687 2815 necessaria

101 2834 144 2886 est
159 2829 247 2885 menti
262 2834 378 2885 nostrae.
394 2829 520 2897 Quadam
535 2829 687 2886 solitudine

102 2899 269 2958 intentionis
281 2899 393 2957 videtur
408 2902 490 2958 Deus.
506 2902 600 2958 Turba
614 2907 686 2958 stre·

103 2971 193 3044 pilum
208 2972 303 3042 habet,
319 2971 388 3029 risio
398 2972 453 3030 ista
464 2977 606 3031 secretum
615 2971 689 3030 desi-

102 3044 200 3102 derat:
216 3065 228 3095 ι
244 3044 305 3099 haec
315 3045 500 3114 aequalitate.
513 3046 544 3100 ln
556 3045 687 3117 hocergo

103 3116 189 3172 datur
199 3114 281 3172 nobis
293 3115 419 3187 metipsis
431 3115 564 3187 intelligi,
575 3116 652 3188 quia,
663 3115 687 3173 si

102 3185 224 3258 gratiam
239 3185 400 3245 conditoris
415 3203 599 3259 cognoscere,
609 3194 638 3244 et
650 3187 687 3245 ad

102 3259 166 3340 ejus
194 3257 332 3315 visionem
356 3257 454 3316 venire
478 3259 619 3325 volumus,
646 3259 687 3315 iu-

103 3329 207 3402 grenda
239 3336 282 3386 est
316 3330 401 3386 turha
430 3328 633 3399 cogitationum
660 3334 689 3386 et

103 3403 255 3459 allectuum
288 3415 431 3470 rarorum,
443 3399 612 3474 declinanda
624 3405 690 3457 sunt

103 3417 300 3531 conventicuia
325 3470 474 3528 hominum
494 3470 644 3542 malorum,
660 3475 690 3528 el

104 3544 268 3616 fugiendum
277 3550 322 3601 est
333 3543 370 3600 ad
384 3541 522 3624 templum
535 3541 629 3623 cordis
640 3558 690 3599 no·

104 3616 167 3685 stri,
184 3621 212 3672 et
232 3615 352 3672 internae
374 3612 568 3682 orationis,1d
589 3618 632 3670 est
652 3614 690 3671 ad

104 3692 245 3744 secretum
254 3683 689 3755 mundaeconscientiae,utnos·

105 3758 242 3831 metipsos
254 3760 389 3831 templum
408 3756 457 3815 [lei
469 3756 634 3814 studeamus
648 3761 690 3814 la·

104 3845 180 3899 cere,
192 3846 264 3901 quos
275 3833 348 3887 [teus
358 3830 493 3900 invisere,
504 3833 534 3887 et
545 3827 577 3886 in
589 3829 691 3903 quibus

105 3916 224 3959 manere
239 3901 381 3973 dignetur.

144 3995 175 4030 10
208 3973 264 4030 Cua
290 3990 479 4031 rsnrcunosrus
519 3990 560 4029 srr
592 3990 693 4030 nucler-

104 4046 193 4101 rinu‘l
209 4075 244 4086 —
257 4047 294 4101 nt
308 4046 384 4101 dixit
398 4047 453 4116 illi,
470 4045 614 4102 instruens
625 4060 692 4102 eum

104 4116 141 4172 ad
161 4116 302 4173 cautelam
321 4118 481 4174 futurorum
498 4133 504 4173 :
520 4120 589 4173 Ecce
606 4130 692 4173 sousa

103 4189 198 4256 fuctus
213 4205 251 4255 es,
268 4187 317 4243 liei
332 4187 485 4255 benellci0;
499 4188 562 4259 jam
576 4191 634 4244 noli
661 4186 692 4244 itl

105 4265 220 4315 estnon
238 4258 319 4327 velis,
331 4275 452 4330 peecare,
463 4259 499 4317 de
520 4265 626 4327 celero,
637 4230 692 4317 irco

107 4336 159 4401 cst,
186 4330 260 4387 trabe
288 4330 462 4388 voluntatem
486 4330 600 4388 lli-mam
633 4346 690 4388 nou

747 473 977 546 peccandi,quia
1008 490 1093 531 omne
1121 477 1268 547 peccatum
1295 488 1327 529 ex

747 546 901 614 voluntale,
920 547 993 603 sicul
1011 562 1044 602 ex
1063 546 1170 616 radice,
1189 543 1327 619 procedit.

747 616 866 688 Deinde,
881 617 1003 699 penitet
1019 617 1142 675 ostendit
1157 633 1242 689 quam
1258 615 1330 688 peri·

747 689 845 746 culosa
870 694 907 746 sit
933 688 1097 746 recidivalio
1123 690 1151 744 in
1170 695 1328 761 peccatum,

747 760 844 819 dicens
859 780 868 819 ε
882 764 923 820 Ne
935 762 1054 817 deterius
1068 762 1120 816 libi
1136 761 1247 831 aliquid
1265 776 1329 815 con·

748 835 849 902 tingat,
864 833 908 889 vel
923 831 980 902 hic,
992 833 1035 890 vel
1051 832 1082 888 in
1097 832 1202 900 tuturo,
1218 829 1286 902 quia
1299 828 1330 886 in

748 904 922 961 recidivante
947 903 1101 961 novissima
1131 904 1205 960 llunt
1232 903 1331 974 pejora

747 974 900 1049 prioribus.
923 977 956 1032 ut
973 975 1047 1032 istud
1069 975 1224 1058 periculum
1241 979 1332 1054 atten-

748 1046 825 1103 ditur
837 1046 1020 1128 expluribus.
1033 1050 1126 1104 ano
1137 1063 1169 1103 ex
1179 1050 1258 1119 parte
1270 1047 1331 1114 Iler,

750 1117 818 1191 quia
831 1119 991 1175 reordinare
1005 1120 1129 1191 graviter
1142 1122 1250 1190 peccat,
1264 1131 1333 1187 pro·

749 1188 1334 1262 pleringratitudinem;etideoalteogra·

749 1260 811 1317 vius
830 1260 955 1332 punitur.
975 1260 1104 1318 Secunde
1126 1259 1282 1317 attenditur
1300 1273 1333 1314 ex

749 1331 1333 1404 partediaboli,quiasicutmilescastrum

750 1403 825 1475 quod
849 1403 936 1459 semel
958 1403 1090 1474 perdidit,
1106 1403 1129 1459 si
1149 1407 1248 1475 postea
1264 1400 1334 1457 illud

748 1480 908 1546 recuperat,
928 1474 1029 1531 lortius
1049 1474 1151 1543 munit,
1173 1478 1203 1530 et
1223 1470 1333 1530 cautius

748 1546 887 1613 custodit3
903 1543 944 1601 sic
968 1545 1098 1603 diabolus
1121 1544 1223 1602 lortius
1242 1542 1334 1600 munit

748 1616 962 1686 recidivantem,
987 1616 1053 1688 quia
1081 1622 1190 1689 septem
1217 1614 1333 1689 spiritus

748 1687 899 1760 nequiores
917 1704 949 1745 se
970 1687 1010 1745 ibi
1034 1688 1123 1762 ponit,
1139 1694 1168 1746 et
1183 1688 1220 1744 ad
1235 1685 1333 1745 omnia

748 1765 857 1833 septem
874 1764 991 1832 peccata
1006 1761 1138 1818 mortalia
1158 1759 1251 1833 ipsum
1274 1762 1332 1840 tra·

748 1832 800 1890 hit.
816 1831 911 1888 Tertio
925 1831 1082 1889 attenditur
1097 1835 1225 1904 exparte
1240 1832 1332 1886 lromr·

748 1902 803 1965 nis.
818 1901 884 1974 quia
898 1902 1057 1960 recidivans
1069 1902 1179 1960 lacilius
1192 1906 1292 1974 postea
1304 1902 1333 1956 in

748 1972 1333 2053 peccalumcadit:jamenim,erquadam

749 2042 1332 2117 malaconsuetudine‚peccarepronihilo

749 2117 836 2173 ducit.
860 2119 892 2172 ln
910 2115 954 2173 his
971 2132 1040 2188 ergo
1054 2116 1149 2174 verbis
1163 2115 1222 2172 suis
1237 2114 1334 2171 innuit

750 2185 898 2256 Doniinus,
908 2188 984 2258 quod
996 2193 1112 2260 propter
1123 2192 1239 2260 peccata
1253 2200 1334 2257 para·

749 2260 757 2315 l
778 2259 850 2316 licus
865 2259 1032 2330 languebal;
1049 2264 1076 2315 et
1091 2262 1165 2331 quod
1181 2257 1333 2314 inllrmilas

749 2276 798 2388 iila
820 2346 871 2403 pro
893 2337 937 2387 ter
945 2335 1071 2404 peccata,
1079 2330 1220 2388 eiinllicla
1229 2330 1331 2385 luerat.

750 2373 829 2459 Unde
849 2347 1054 2484 chysostomus
1069 2423 1107 2486 ·'.“
1124 2402 1176 2460 uni
1197 2401 1334 2457 discimus

750 2474 826 2546 quod
855 2490 888 2530 ex
918 2479 1041 2546 peccatis
1067 2490 1095 2532 er
1118 2479 1185 2531 nala
1208 2477 1251 2529 est
1272 2473 1334 2528 lraec

751 2544 900 2616 agritudo.
916 2547 987 2614 Quia
1009 2542 1086 2602 enim
1110 2544 1215 2617 saepius
1238 2542 1335 2599 anima

751 2616 780 2673 in
792 2615 874 2672 nobis
886 2623 1055 2689 egrotante,
1065 2615 1271 2673 insensibiliter
1281 2629 1333 2670 nos

751 2689 905 2757 habemus;
921 2704 1024 2761 corpus
1045 2693 1153 2757 autem,
1166 2686 1191 2744 si
1236 2700 1333 2743 arram

751 2759 907 2840 susceperit
935 2759 1092 2830 lesionem,
1112 2775 1196 2817 omne
1213 2703 1333 2841 Pacinms

751 2832 886 2900 studium,
914 2838 946 2890 ut
973 2833 1009 2890 ab
1038 2831 1203 2889 infirmitate
1230 2831 1333 2888 libere·

751 2919 831 2972 mur3
854 2909 1005 2976 propterea
1031 2906 1105 2963 Deus
1120 2902 1203 2977 punit
1220 2919 1270 2960 cor
1290 2915 1337 2970 us,

770 2991 802 3032 ro
823 2976 868 3032 his
910 2993 953 3033 uae
968 2974 1063 3034 anima
1077 2976 1205 3049 deliquit.
1226 2996 1240 3026 »
1263 2917 1334 3032 gum

750 2991 796 3104 irs
821 3053 849 3103 et
875 2992 945 3129 iflu‘i
967 3048 1113 3119 discimus,
1136 3047 1212 3120 quod
1229 3045 1253 3104 si
1268 3060 1334 3126 gra-

752 3134 815 3175 vem
836 3126 1025 3176 sustineamus
1041 3135 1156 3192 poenam
1176 3134 1227 3190 pro
1255 3131 1335 3188 prro·

751 3189 831 3247 ribus
853 3190 985 3261 peccatis,
1008 3207 1041 3247 ac
1060 3191 1164 3247 deiude
1182 3190 1212 3245 in
1235 3187 1336 3244 eadem

751 3260 945 3329 inciderimus,
967 3261 1099 3332 graviora
1125 3260 1285 3332 patiemur;
1309 3260 1337 3311 el

751 3333 806 3388 hoc
829 3331 974 3400 decenter,
988 3333 1036 3402 qui
1060 3333 1136 3388 enim
1155 3345 1247 3401 neque
1269 3342 1336 3399 sup·

752 3402 835 3473 plicio
861 3401 952 3458 lactus
974 3407 1018 3459 est
1040 3401 1157 3470 melior,
1186 3406 1218 3457 ut
1242 3400 1337 3456 insen-

752 3472 843 3529 sibilis
874 3473 909 3529 de
939 3473 1047 3544 reliquo
1077 3479 1106 3530 et
1139 3476 1337 3543 contemptor,

753 3544 790 3600 ad
804 3543 896 3615 majus
910 3543 1030 3601 ducetur
1042 3549 1226 3601 tormentum.
1243 3542 1272 3600 si
1287 3558 1337 3599 au·

753 3620 812 3673 tem
825 3615 872 3672 hic
888 3632 945 3672 non
961 3631 1060 3673 omnes
1074 3631 1125 3688 pro
1140 3615 1263 3688 peccatis
1278 3620 1337 3670 tur·

754 3693 889 3760 quentur,
899 3704 957 3745 non
969 3688 1158 3757 confidamus3
1176 3686 1246 3744 nihil
1260 3685 1338 3745 enim

754 3774 807 3816 nos
822 3758 869 3816 liic
882 3759 939 3831 pati
954 3759 1150 3833 propeccatis,
1166 3759 1280 3833 signum
1295 3761 1339 3815 est

754 3830 871 3904 majoris
897 3831 955 3888 illic
978 3830 1118 3905 supplicii.
1135 3834 1241 3889 Carere
1269 3845 1338 3902 ergo

754 3903 901 3973 debemus,
918 3920 954 3961 ne
977 3906 1067 3961 Deum
1097 3903 1126 3960 in
1153 3902 1246 3976 paenis
1274 3918 1339 3958 con-

754 3975 918 4043 temnendo,
933 3981 1078 4047 tamquam
1090 3974 1225 4041 indurati,
1237 3973 1267 4029 in
1278 3987 1340 4045 pec-

754 4051 818 4103 cate
832 4061 1067 4118 permaneamus;
1083 4046 1127 4101 rel
1143 4046 1234 4102 sanati
1249 4060 1267 4100 a
1281 4047 1338 4100 llo-

755 4116 842 4187 mino,
858 4123 1003 4190 tamquam
1017 4116 1134 4187 ingrati,
1150 4116 1179 4171 in
1192 4120 1337 4187 peccatum

755 4188 931 4256 relabamur;
948 4205 985 4245 ne
1010 4192 1127 4260 propter
1144 4191 1337 4259 contemptum

755 4260 798 4316 vel
827 4258 1064 4333 ingratitudinem
1102 4257 1226 4315 deterius
1254 4257 1337 4315 nobis
1381 4260 1385 4267 '

755 4331 912 4402 contingat,
930 4331 972 4388 vel
989 4329 1057 4402 qula
1071 4329 1227 4388 deteriores
1239 4330 1336 4389 elssce·
