2880 4942
127 339 177 397 132

493 336 603 392 rutum
629 339 747 394 raurls
775 339 881 393 CAPUT
908 340 999 394 txlll

128 463 202 517 oum,
217 461 295 505 ectus
310 461 399 502 rauna
413 459 497 499 sisar
510 459 652 522 riarum-
666 442 720 512 Ag·
775 440 805 498 in
824 441 986 500 hominibus
1007 458 1065 499 non
1093 448 1237 519 naturam,
1253 451 1311 522 dus
1325 453 1371 509 ad³

130 535 252 578 noscens
264 519 359 589 itaque
374 513 512 572 Dominus
525 529 575 570 cor
589 512 718 569 drlstden·
773 512 928 585 imaginem
948 514 997 571 llei
1013 515 1078 571 lacti
1101 525 1177 588 sunt,
1193 521 1242 576 sed
1267 522 1361 580 hono·

131 591 178 661 tis,
199 590 292 663 arguit
307 587 450 646 hominem
461 585 491 641 in
506 585 563 642 ilde
577 584 715 656 tepidum,

129 663 252 721 dicens:
269 664 332 719 Nisi
350 662 443 728 sigua,
463 656 570 714 seilicet
590 673 715 713 eommu-

127 734 187 804 nia,
203 740 228 790 et
240 733 381 805 prodigia,
390 729 497 787 scilicet
506 732 589 801 signa
604 730 714 856 maffeus

129 822 192 880 quae
208 810 275 862 sunt
294 802 356 860 sine
376 802 515 873 exemplo,
528 818 561 858 eo
581 817 636 872 quo
675 799 713 856 si·

129 877 209 935 milia
223 877 265 933 eis
279 892 337 932 non
352 879 418 932 sunt
431 873 493 931 visa
505 873 548 930 vel
563 872 670 941 audita,
684 877 713 929 et

128 948 193 1007 ideo
208 948 308 1021 procul
326 963 344 1004 a
360 945 461 1029 digito,
474 945 504 1028 id
524 952 569 1002 est
586 961 605 1002 a
631 944 713 1000 simi·

128 1019 195 1078 lium
212 1022 456 1077 demonstratione
469 1018 555 1086 dicta,
572 1017 711 1086 uider-itis,

126 1091 201 1151 sicut
229 1089 380 1160 inereduli,
397 1107 451 1146 non
479 1090 621 1146 creditis:
645 1103 711 1144 nam

115 1163 209 1237 ‚signa
236 1165 339 1220 dantur
367 1160 532 1219 infidelibus
551 1162 586 1217 ad
607 1162 711 1215 confir·

125 1236 279 1294 mationem
310 1235 459 1303 doctrines,
487 1250 544 1289 non
578 1232 711 1289 fidelibus

126 1308 176 1381 qui
196 1307 392 1365 assentiuntur
407 1305 569 1376 Scripturas.
585 1305 645 1359 Non
664 1320 710 1360 re·

146 1379 277 1436 rehendit
297 1393 362 1434 eum
392 1378 427 1432 de
447 1376 584 1448 petitione
611 1375 710 1431 salutis

125 1395 177 1507 ilii
193 1450 246 1517 sui,
261 1450 311 1506 sed
326 1449 361 1504 de
374 1448 441 1503 lidei
456 1448 576 1504 deiectu.
594 1448 711 1502 Verum·

126 1527 233 1588 tamen,
247 1519 313 1592 quia
332 1535 366 1575 ox
384 1518 534 1575 devotione
550 1517 651 1588 repetit
665 1534 711 1588 pc-

125 1591 264 1659 titionem,
290 1590 387 1646 dicens
410 1593 557 1657 :Domina
580 1590 710 1644 descen-:te

123 1667 292 1735 priusquam
306 1664 443 1717 meriatur
453 1663 529 1731 tilius
542 1677 627 1728 uirus,
644 1659 708 1717 ideo

127 1736 276 1792 exauditur
302 1750 320 1790 a
348 1732 478 1790 Domino.
505 1735 588 1790 lesus
613 1738 709 1788 tanton

126 1805 231 1864 ibidem
256 1821 417 1874 remanens,
432 1810 460 1861 et
484 1810 601 1877 prepter
627 1803 711 1859 serui·

125 1880 240 1952 plenam
269 1879 355 1935 fidem
376 1878 437 1949 ejus
463 1892 493 1933 se
512 1893 570 1933 nen
599 1876 710 1946 deesse,

126 1952 177 2008 sed
189 1952 295 2023 ulique
307 1949 380 2006 sicut
392 1952 479 2006 lleum
491 1947 712 2020 praesentialiter

122 2038 187 2080 esse
206 2023 344 2089 indicans,
361 2022 421 2078 solo
433 2022 514 2093 jussu
534 2027 562 2077 et
577 2022 662 2077 serbo
678 2020 712 2075 sr-

124 2094 192 2152 lium
208 2098 310 2152 absens
323 2100 416 2160 sanat,
433 2099 463 2149 ut
478 2097 559 2164 pater
574 2094 634 2163 ejus
649 2108 711 2148 am-

122 2166 318 2238 pliusereda13
339 2164 534 2221 uiritantem:
552 2166 638 2223 rao.
654 2180 711 2220 uon

126 2236 203 2294 enim
219 2238 308 2293 voluit
330 2239 415 2293 lesus
444 2235 484 2290 ire
512 2236 709 2306 corporaliter,

126 2312 157 2364 ut
168 2313 314 2364 auroveret
328 2308 365 2363 al)
385 2321 419 2361 eo
434 2305 534 2361 salsam
548 2306 711 2361 ustinralio·

126 2394 206 2448 neni,
227 2395 284 2450 qua
302 2379 419 2451 putabat
442 2375 534 2447 ipsum
556 2392 639 2448 posse
663 2393 708 2433 sa-

125 2466 194 2508 nare
210 2458 320 2508 tantum
339 2465 391 2522 per
407 2450 589 2520 presentiam
605 2465 708 2520 cerpo-

123 2522 227 2592 ralem‚
243 2527 319 2595 plius
338 2530 402 2579 tuus
415 2525 495 2587 uiuit,
512 2520 542 2576 id
559 2526 602 2577 est
626 2521 708 2577 resti-

124 2600 201 2653 tutus
216 2603 259 2653 est
282 2596 416 2669 perlectm
432 2592 557 2662 sanitati,
571 2594 606 2649 de
619 2595 708 2665 janua

123 2668 225 2724 mortis
237 2669 281 2725 cui
292 2666 541 2793 appropinquavit,
557 2668 708 2733 incipiebat

121 2742 195 2794 enim
222 2743 302 2796 meri.
325 2744 375 2797 dre
396 2740 450 2794 ictu
478 2740 555 2793 lierno
588 2741 708 2793 ser-raoni

121 2812 197 2875 lesu,
214 2811 281 2881 quia
307 2811 380 2866 fides
407 2808 562 2879 requiritur
585 2808 620 2863 ad
637 2810 707 2865 obti-

121 2881 246 2937 nendum
260 2881 307 2936 uei
319 2880 490 2937 beneficium
503 2897 509 2946 ;
526 2886 552 2934 et
563 2880 632 2939 ital.
644 2880 705 2937 sine

120 2952 263 3023 cerpuuli
278 2954 431 3023 prasentia
442 2950 556 3017 Christi,
573 2952 703 3021 credens,

121 3021 187 3095 quia
206 3023 311 3094 ubique
328 3028 404 3080 esset
423 3022 513 3080 uirtus
530 3024 592 3151 eius
606 3023 643 3079 al
659 3041 704 3080 cu-

120 3095 250 3153 randum.
278 3098 341 3153 Jam
362 3094 463 3167 incipit
486 3110 533 3151 cre
556 3112 613 3155 ere.
637 3095 704 3166 (prtia

119 3182 251 3225 sermone
280 3173 376 3237 sanat3
404 3172 433 3225 et
458 3166 498 3224 ita
523 3183 587 3224 eum
613 3170 702 3225 ileum

119 3255 181 3298 esse
197 3246 224 3297 et
249 3246 418 3314 praesentem
443 3239 548 3312 ubique
571 3238 701 3310 existere,

118 3314 194 3385 quod
215 3330 271 3371 nen
290 3330 376 3387 supra
390 3313 534 3370 credebat.
550 3313 592 3369 Ad
610 3312 701 3368 lutm-

118 3386 271 3443 matienem
286 3403 355 3458 ergo
381 3391 509 3443 nostram
533 3385 619 3442 cessit
644 3389 699 3442 lle-

115 3456 209 3515 minus
231 3462 353 3531 superbe
371 3458 490 3532 Regulo,
507 3473 543 3514 ne
558 3458 612 3514 iret
636 3473 700 3513 cum

115 3544 150 3586 eo
164 3531 200 3586 ul
217 3531 307 3588 filium
324 3548 425 3601 suum;
444 3530 584 3587 concessit
599 3529 700 3585 lrumili

114 3601 290 3671 centurioni,
308 3608 339 3659 ut
354 3602 408 3659 iret
431 3603 468 3659 ad
486 3602 548 3673 ejus
574 3616 698 3657 serrum.

117 3671 196 3728 Unde
209 3673 356 3740 Gregorius
371 3693 407 3729 a«
422 3673 494 3742 Quid
506 3680 549 3729 est
561 3673 636 3744 qued
649 3675 701 3728 lte·

114 3740 198 3813 gulus
211 3749 302 3813 rugat,
319 3748 349 3799 ut
363 3744 472 3816 adeius
486 3744 576 3800 lilium
592 3743 698 3811 veniat,

114 3818 144 3871 et
157 3817 252 3870 tanuen
268 3815 454 3886 corporaliter
468 3814 510 3870 irc
521 3821 645 3879 recusat,
661 3814 698 3869 ad

67 3936 72 3945 .
114 3901 228 3943 servum
244 3901 311 3943 rere
325 3884 506 3943 Centurionis
521 3902 576 3941 nen
593 3884 696 3942 incita·

112 3963 170 4030 tur,
184 3963 321 4015 ettamen
336 3973 367 4015 se
383 3956 569 4031 corporaliter
584 3957 624 4014 ire
640 3957 699 4030 pol·

113 4029 234 4089 licetur?
250 4029 348 4103 lleguli
370 4029 430 4087 filio
451 4045 504 4102 per
519 4031 697 4101 corporalem

112 4103 294 4174 presentiam
323 4118 381 4160 nen
408 4101 541 4174 dignatur
574 4103 695 4173 adesse,

112 4175 291 4233 centurionis
305 4180 400 4233 autem
418 4189 500 4231 serre
529 4188 587 4229 nou
616 4174 695 4230 dedi·

72 4250 74 4256 '
109 4250 212 4317 gnatur
227 4246 394 4305 occurrere?
409 4243 482 4315 Quid
496 4250 539 4303 est
554 4245 626 4302 hoe?
639 4246 698 4304 Nisi

110 4318 188 4389 quod
201 4319 335 4393 superbia
349 4324 448 4380 nestra
460 4316 632 4390 retunditur,
648 4317 697 4393 qui

96 4482 221 4650 ἵ

772 602 819 642 res
843 591 872 642 et
895 585 1009 643 divilias
1035 604 1216 647 veneramur.
1232 593 1361 666 Cumque

770 672 1007 784 pausaniasque
1030 657 1105 717 eirca
1124 678 1173 719 ees
1196 670 1275 733 sunt,
1291 681 1361 738 pre·

782 734 845 787 ecte
864 731 1003 788 interiora
1026 729 1144 790 minime
1162 735 1358 806 providemus.

770 802 842 857 Dum
863 816 897 859 ea
911 801 1137 874 consideramus,
1153 822 1216 878 quie
1245 807 1274 863 in
1298 825 1361 867 cor·

769 873 886 946 poribus
912 875 1047 946 despecta
1077 881 1155 944 sunt,
1184 879 1359 952 negligimus

768 961 891 1017 pensare
908 947 985 1018 qued
1001 952 1078 1004 suut.
1096 949 1270 1022 Redemptor
1288 968 1358 1010 vero

768 1022 876 1086 noster,
892 1023 923 1075 ut
944 1020 1118 1089 ostenderet,
1135 1022 1203 1093 quia
1218 1040 1284 1094 quas
1299 1024 1358 1082 alta

768 1093 834 1146 sunt
873 1089 993 1161 homini,
1031 1092 1139 1149 Sanctis
1173 1094 1358 1167 despicienda

769 1166 850 1230 sunl;
870 1167 899 1219 et
919 1178 982 1234 quen
1002 1162 1135 1236 despecta
1152 1172 1219 1222 sunt
1235 1168 1357 1237 lromini,

768 1233 950 1305 despicienda
963 1250 1021 1291 nou
1035 1242 1101 1291 suut
1116 1237 1151 1293 ad
1167 1238 1257 1294 lilium
1268 1240 1358 1311 Regu·

767 1303 787 1359 li
808 1304 849 1361 ire
864 1305 966 1374 noluit,
986 1305 1022 1362 ad
1038 1323 1150 1364 sorsum
1168 1326 1235 1366 sero
1251 1312 1356 1368 Centu-

768 1375 858 1433 rionis
880 1376 922 1433 ire
937 1383 1053 1449 paratus
1068 1379 1128 1435 tuit.
1148 1383 1298 1454 lncrepala
1312 1389 1353 1439 est

767 1464 836 1518 ergo
868 1448 1002 1574 superbia
1032 1457 1138 1515 nostra.
1169 1469 1232 1523 quie
1264 1454 1355 1511 nescit

767 1534 888 1646 pensare
913 1520 1044 1588 inminse,
1060 1524 1325 1594 prepterlromines:
1342 1549 1352 1577 ι

788 1606 828 1647 aeo
854 1591 1011 1660 Gregorius.
1028 1595 1089 1649 Non
1106 1611 1174 1666 ergo
1194 1596 1355 1654 considere·

767 1677 830 1718 mus
845 1668 894 1718 aut
908 1678 1072 1734 pensemus,
1089 1682 1151 1737 quau
1167 1668 1242 1724 eirca
1261 1669 1353 1725 homi-

767 1750 818 1790 nes
833 1739 908 1803 sunt,
925 1737 975 1793 sed
993 1736 1061 1808 quid
1085 1745 1161 1795 sunt.
1180 1740 1258 1795 llulti
1274 1739 1353 1799 enim

768 1805 944 1877 negligentes
963 1808 1038 1879 quod
1062 1817 1138 1879 sunt,
1155 1811 1276 1868 sollicite
1290 1813 1354 1884 glo-

767 1877 840 1934 riam
869 1877 985 1936 aliunde
1013 1879 1066 1936 siti
1098 1888 1238 1952 qtricrunt.
1272 1884 1354 1941 Unde

768 1949 807 2006 ait
820 1952 1045 2020 chrysostomus:
1063 1973 1076 2003 u
1092 1955 1356 2013 Nabuchodonosor

767 2020 864 2092 itaque
881 2022 994 2094 plurimi
1012 2040 1087 2079 nune
1098 2024 1356 2085 im‘erriuuturimi·

768 2093 832 2151 tari.
850 2095 886 2150 Ut
912 2094 989 2150 enim
1014 2094 1059 2151 ille
1083 2102 1149 2153 tuuc
1167 2099 1202 2153 de
1218 2098 1355 2171 iuligine,

768 2164 809 2220 sic
829 2165 914 2221 modo
929 2165 977 2221 alii
1002 2167 1037 2223 de
1065 2178 1142 2226 roste
1167 2170 1304 2241 pretiosa,
1317 2172 1356 2228 de

768 2235 849 2308 equis
875 2235 919 2291 rel
948 2237 1088 2307 curribus,
1103 2241 1138 2296 de
1163 2242 1353 2314 amplitudine

767 2307 979 2376 domornm‚de
1008 2310 1218 2379 pulchritudine
1246 2315 1354 2372 colum-

766 2394 879 2448 narum,
894 2379 973 2435 etde
993 2382 1113 2451 picturis
1133 2385 1273 2456 parietum
1290 2386 1353 2460 opi-

765 2455 872 2509 nantur
881 2466 944 2507 esse
953 2452 1095 2510 meliores.
1107 2457 1178 2524 Quia
1187 2458 1261 2514 enim
1275 2460 1353 2541 quod

765 2528 848 2579 erant
862 2523 994 2581 homiues
1015 2527 1213 2597 pe1·didoruut;
1229 2530 1351 2587 sollicite

764 2595 820 2652 huc
831 2594 955 2669 illucque
966 2595 1151 2667 circumeunt,
1163 2602 1281 2657 aliunde
1295 2602 1353 2659 sibi

764 2667 885 2748 gloriam
909 2667 1076 2738 colligentes
1096 2672 1171 2728 oruui
1193 2690 1263 2729 sane
1282 2673 1350 2730 irri-

764 2755 844 2796 sione
875 2739 1070 2813 plenissimam
1093 2762 1099 2799 :
1120 2765 1135 2795 »
1151 2746 1213 2801 lunc
1230 2747 1349 2817 cuyse-

762 2816 876 2867 stemus.

798 2887 814 2937 5
826 2884 912 2941 llusus
921 2903 1048 2943 ulricum
1060 2904 1168 2945 scmus.
1177 2919 1211 2928 -
1223 2888 1348 2947 Credidit

762 2969 825 3022 erge
839 2958 961 3025 lteprdus
988 2963 1106 3014 seruiunt
1133 2963 1206 3024 lesu,
1224 2977 1282 3017 non
1302 2967 1349 3018 ta·

761 3025 967 3108 merriutegre,
988 3047 1080 3102 neque
1110 3048 1188 3102 saue,
1212 3032 1289 3104 qtrod
1303 3049 1349 3090 os-

761 3097 886 3155 tenditur
910 3117 944 3157 ex
969 3100 1024 3158 hoc
1050 3103 1189 3173 sequitur.
1220 3106 1291 3161 Nam
1318 3121 1349 3161 eo

760 3169 936 3228 descurdente
955 3172 990 3230 de
1010 3175 1086 3231 Carra
1102 3175 1224 3231 Galilaeae
1244 3175 1275 3232 in
1292 3176 1348 3234 Ca·

758 3242 1346 3316 pharnaum,quaenragrsestinralle‚ruur

758 3314 832 3395 serui
843 3315 898 3372 sibi
909 3324 1091 3375 occurrerent
1100 3325 1128 3374 et
1139 3319 1346 3389 congaudendo

757 3384 848 3445 iillum
881 3404 964 3447 suum
994 3396 1124 3446 sanatam
1155 3390 1345 3460 nuntiarent,

756 3460 947 3530 interrogabat
971 3463 1067 3518 heram
1094 3463 1129 3516 ab
1158 3466 1207 3531 eis,
1233 3466 1262 3518 ia
1286 3478 1344 3533 quo

757 3533 854 3589 melius
872 3536 1008 3590 taeduerit.
1025 3533 1104 3602 Quod
1121 3533 1185 3590 lecit
1205 3534 1241 3589 ad
1256 3533 1345 3592 certi·

756 3601 919 3662 ficationem
952 3605 1080 3663 miraculi
1109 3612 1241 3679 respectu
1275 3605 1342 3675 sui,

756 3673 870 3732 volebat
885 3676 964 3733 enim
987 3677 1060 3735 scire
1084 3684 1178 3735 utrum
1204 3694 1272 3734 casu
1287 3679 1344 3735 hoc

755 3740 861 3827 laetum
888 3753 975 3817 esset,
990 3750 1034 3806 uel
1053 3766 1087 3806 ex
1122 3758 1243 3821 ram-epto
1260 3749 1342 3808 Chri-

754 3821 801 3873 stt.
817 3821 853 3873 Et
869 3819 1001 3875 dixerunt
1017 3824 1042 3875 ei
1066 3839 1072 3878 :
1092 3767 1163 3888 ὅιιία
1181 3824 1251 3889 lieri,
1273 3823 1344 3878 tera

752 3891 882 3960 septime,
893 3892 1009 3962 reliquit
1018 3908 1079 3947 eum
1085 3894 1183 3961 febru.
1193 3892 1246 3949 L'bi
1253 3894 1340 3963 cuu-

753 3966 911 4018 sestomus:
934 3986 947 4010 a
965 3961 1035 4019 Vide
1065 3965 1188 4035 qualiter
1216 3966 1341 4022 miraeu-

753 4031 812 4089 lum
832 4032 1015 4090 manifestum
1031 4038 1084 4091 est.
1101 4039 1162 4093 Nou
1179 4037 1255 4093 enim
1271 4035 1340 4094 sim·

753 4102 875 4177 pliciter,
890 4121 983 4177 neque
997 4110 1030 4162 ut
1045 4109 1163 4179 contigit
1183 4107 1339 4191 epericulo

752 4181 851 4233 erutus
870 4181 931 4245 est;
948 4177 999 4233 sed
1018 4187 1136 4250 repente
1151 4187 1179 4237 et
1195 4179 1293 4250 simul,
1305 4184 1338 4236 ut

752 4253 889 4321 appareat
909 4264 967 4306 nen
982 4265 1045 4307 esse
1060 4268 1093 4307 ex
1108 4260 1218 4309 naturus
1237 4267 1341 4310 eonse-

752 4318 871 4394 quentia
885 4320 961 4394 quod
986 4321 1085 4395 llebal,
1098 4325 1149 4383 sed
1170 4341 1204 4383 ex
1227 4323 1341 4383 actione
