2880 4942
147 388 179 447 68
527 383 640 437 leitils
667 379 786 435 lintis
813 377 917 432 citur
943 378 1000 431 ull

149 496 320 557 castitatem.
345 496 381 550 Et
407 491 441 547 de
464 490 548 572 domo
563 492 656 570 patris
680 492 733 568 tae,

148 576 289 643 quantuni
305 565 341 621 ad
356 568 452 621 votum
466 561 647 643 obedientia,
667 573 734 641 quia

148 641 305 701 monachus
332 635 417 692 debet
443 650 507 691 esse
537 650 566 689 in
596 633 734 702 religione

148 717 208 771 atne
226 717 316 780 patin,
336 711 395 762 stae
413 711 512 771 matre,
532 707 591 759 sine
607 703 734 772 periecto-

150 787 209 854 pia.
227 784 285 837 ista
299 778 355 835 tria
377 776 538 849 significata
554 776 669 831 luerunt
684 788 735 845 per

146 868 267 914 munera
289 853 459 919 Magorum:
481 864 532 920 per
557 864 670 915 aurum,
685 861 735 901 vo-

146 930 208 984 tum
230 919 488 1005 paupertatis3por
511 920 734 998 myrrham-ca-

148 997 269 1061 stitatis3
287 1009 337 1064 per
366 993 444 1059 ttius,
460 991 570 1046 devotae
600 989 735 1047 obedien-

146 1068 195 1126 tia
211 1073 239 1123 et
255 1062 431 1121 humilitatis.
449 1066 485 1119 nt
501 1065 564 1116 ceni
581 1064 613 1142 in
632 1067 734 1139 terram

147 1156 232 1212 qaam
249 1142 435 1192 monstravero
456 1135 529 1188 titii:
545 1131 735 1213 spiritualiter

147 1227 205 1268 non
217 1209 333 1272 dedero,
344 1205 410 1276 quia
425 1206 517 1261 adhuc
534 1203 670 1274 quamdiu
687 1219 732 1259 su·

148 1297 213 1341 mus
228 1281 256 1335 iii
273 1280 325 1334 liae
340 1278 398 1334 vita
416 1293 472 1332 noii
491 1276 577 1332 datur
592 1280 669 1330 terra
682 1276 733 1329 Pa·

148 1352 248 1419 radisi,
265 1351 314 1405 sed
330 1348 499 1405 ostenditur.
515 1350 548 1428 Et
566 1344 732 1416 notaquod,

148 1421 305 1482 secundnm
319 1422 429 1482 bedam,
441 1419 528 1474 distat
539 1424 613 1473 inter
626 1432 731 1497 renim·

147 1494 220 1553 tiare
240 1491 373 1549 omiiitius
388 1495 417 1545 et
431 1488 592 1559 relinquere
610 1503 707 1543 omnia
724 1502 731 1543 ε

147 1578 304 1639 paucorum
313 1561 400 1625 enim,
409 1560 517 1615 scilicet
528 1559 730 1640 perlectorum,

148 1641 193 1695 est
216 1633 378 1700 relinquere
393 1630 492 1686 omnia
511 1632 565 1686 boc
580 1636 621 1712 est
635 1645 733 1686 omnia

146 1704 326 1777 temporalia,
341 1708 370 1759 et
395 1718 478 1758 curas
504 1701 604 1783 mundi
617 1705 731 1772 postpo-

148 1795 218 1836 nere
240 1782 266 1833 et
288 1774 356 1831 solis
377 1773 493 1829 aeternis
513 1774 634 1829 inhiare.
656 1774 731 1853 Cun-

147 1855 258 1909 ctoruni
269 1853 363 1903 autem
378 1845 505 1901 tidelium
517 1851 559 1901 est
568 1850 732 1901 renuntiare

147 1921 290 1987 omnibus,
304 1919 359 1973 lioc
383 1922 426 1973 est
444 1916 485 1972 sic
504 1932 604 1985 gerere
618 1922 732 1972 terrena

147 1999 176 2051 et
189 2000 286 2050 tenere
301 2006 364 2061 quae
379 1988 476 2045 mundi
495 1993 570 2055 sunt,
590 1993 620 2044 ut
636 1994 730 2043 tamen

147 2080 249 2136 perca
267 2078 322 2118 non
345 2064 498 2116 tencantur
512 2076 530 2115 a
546 2060 663 2123 mundo,
682 2058 732 2115 sed

147 2140 208 2192 tota
221 2140 317 2190 niente
333 2130 496 2187 tendantad
506 2131 732 2212 eoelestia3Uiide

146 2205 310 2262 renuntiare
328 2200 457 2257 convenil
476 2201 668 2281 omnibuseis
683 2217 731 2271 qui

147 2275 223 2333 licite
249 2272 400 2330 mundanis
418 2276 549 2338 utuntur;
570 2271 732 2341 relinquere

148 2362 215 2403 vero
231 2343 328 2402 omnia
347 2343 536 2415 perlectorum
549 2347 602 2422 est,
618 2348 647 2398 ut
660 2343 733 2412 apo-

147 2419 285 2475 stolorum
299 2422 327 2472 et
342 2429 457 2495 suorum
474 2429 649 2495 sequacium.
667 2414 732 2496 Om-

146 2489 232 2547 nibus
257 2504 324 2559 ergo
344 2489 499 2551 renuntiat,
520 2501 579 2555 qui,
601 2501 732 2567 quamtis

146 2561 242 2634 aliqua
251 2559 402 2632 possideat,
416 2556 514 2613 omnia
528 2560 665 2638 tamensi
680 2574 730 2613 ne·

146 2649 225 2690 cesse
238 2634 343 2702 sit,pro
356 2628 458 2686 Christi
473 2644 586 2684 nomine
600 2634 731 2687 annitere

145 2721 202 2761 noii
224 2704 331 2759 timeat.
351 2703 420 2756 Nam
443 2698 495 2771 ipsi
525 2715 638 2770 quoque
657 2701 733 2771 Apo-

48 2772 51 2777 ’
144 2775 207 2832 stoli
233 2781 262 2832 et
287 2771 456 2829 vestimenta
479 2776 508 2826 et
536 2771 731 2829 calceamenta

144 2845 360 2919 qualiacumque
383 2843 537 2910 habebant,
558 2841 667 2924 quibus¹
687 2848 730 2899 ta·

146 2933 212 2975 men
234 2917 293 2987 jam
315 2912 565 2979 renuntiaverant3
582 2928 729 2994 quoniam,

145 2988 169 3046 si
185 3003 301 3043 necesse
320 2990 406 3053 esset,
422 3001 457 3040 ea
481 2983 565 3040 simul
587 3000 730 3056 cumipse

142 3059 201 3116 rita
226 3059 343 3130 perdere
360 3073 418 3113 non
431 3054 577 3112 timebant.
594 3057 729 3112 Habentes

144 3133 231 3201 ipitar
256 3134 359 3185 nietam
375 3134 400 3184 et
415 3128 516 3199 quibus
531 3133 667 3209 tepomur,
686 3130 729 3185 liic

144 3206 263 3260 contenti·
276 3216 380 3266 simae·
396 3200 450 3256 lioc
460 3198 548 3268 enim,
568 3206 651 3281 nteit
661 3203 728 3257 Ber·

142 3276 257 3339 nardus,
274 3279 313 3329 est
329 3271 463 3343 perlectio
478 3272 655 3344 Evangelica.

183 3370 214 3403 io
226 3348 420 3403 Discirncnrus
435 3345 545 3401 Cunisci
556 3361 660 3401 uniensx
672 3361 679 3412 ;
694 3359 729 3400 nn

143 3435 207 3482 oum
220 3436 247 3474 in
261 3434 385 3479 urnoocn
398 3433 608 3478 uncinousnnuii
621 3434 661 3471 sin
671 3416 686 3472 ‘l
696 3446 725 3458 -

143 3492 178 3547 Et
187 3490 342 3546 secundum
353 3490 407 3543 lioc
419 3488 571 3544 considera
583 3488 659 3558 quod
673 3488 728 3544 du·

141 3560 205 3632 plen
234 3565 277 3616 est
303 3558 486 3629 discipulatus
509 3557 625 3639 Christi.
650 3561 728 3640 tinus

142 3636 185 3686 est
210 3629 397 3695 necessitatis,
414 3634 442 3684 et
465 3629 505 3684 sic
526 3629 555 3686 in
583 3634 728 3710 primitiva

141 3699 266 3758 Ecclesia
280 3715 379 3754 omnes
395 3699 566 3756 dicebantur
585 3699 725 3780 discipuli,

139 3771 187 3845 qui
213 3786 289 3826 nunc
305 3769 440 3825 dicuutur
464 3770 630 3837 Christiani3
653 3770 726 3851 alius

140 3849 184 3902 est
202 3839 475 3914 supererogationis,
490 3856 548 3921 quo
563 3839 629 3911 quis
643 3840 725 3924 Clini-

139 3921 213 3975 stum
235 3911 363 3983 sequitur
381 3911 411 3966 in
432 3911 557 3968 consiliis
574 3913 724 3994 Evangeli-

139 3988 188 4047 cis.
211 3985 306 4042 l'iinio
326 3982 505 4054 discipulatui
528 4000 723 4041 necessarium

138 4067 182 4119 est
197 4055 362 4115 renuntiare
375 4053 518 4124 omnibus,
534 4062 670 4138 quaptum
686 4057 723 4115 ad

138 4133 283 4197 allectum,
305 4144 341 4185 ne
369 4127 433 4198 quis
458 4126 498 4183 ita
523 4128 667 4185 alliciatur
685 4128 722 4186 ad

140 4206 215 4260 bona
229 4198 406 4272 temporalia,
423 4205 454 4255 ut
470 4203 624 4279 postponat
638 4207 721 4256 aeter·

138 4290 185 4342 nn,
201 4279 229 4329 et
243 4287 341 4329 amore
356 4271 555 4343 temporalium
572 4277 721 4343 superatus

141 4344 243 4405 ordine
269 4358 404 4417 perverso
435 4341 537 4415 diligat
561 4352 721 4402 creaturam

792 501 879 557 super
897 486 1070 543 Creatorem.
1097 488 1227 548 Secundo
1252 493 1324 552 disci
1346 515 1378 557 u-

791 556 861 613 latui
888 557 1081 615 necessarium
1100 569 1143 616 est
1168 563 1265 622 omnia
1295 569 1347 625 re'
1370 601 1384 614 ·

791 644 891 699 quere,
908 645 964 685 non
983 630 1075 687 solnm
1086 654 1091 663 ·
1101 639 1242 702 quantum
1254 638 1293 694 ad
1307 641 1382 699 atle-

790 705 879 767 rtum,
893 700 943 756 sed
963 699 1048 757 etiam
1067 714 1207 773 quantum
1222 709 1259 764 ad
1274 727 1336 768 rem
1348 713 1379 770 in

790 771 904 839 ellectu,
932 771 1005 828 sicin
1029 775 1157 844 Apostoli
1186 780 1283 838 omnia
1311 783 1382 841 reli·

791 848 913 914 querunt
937 859 988 915 per
1009 845 1199 904 voluntariam
1221 860 1378 924 pauperta-

789 920 857 971 tem.
875 917 937 970 Non
961 931 1029 985 ergo
1048 933 1148 975 omnes
1167 929 1301 981 tenentur
1315 942 1380 985 oni·

789 985 838 1042 nia
851 985 1022 1056 relinquere,
1031 997 1168 1058 quantum
1180 993 1216 1049 ad
1229 996 1380 1068 ellectum,

789 1055 844 1114 nisi
872 1057 1000 1129 perlecti,
1026 1059 1075 1130 qui
1104 1069 1169 1118 roto
1197 1070 1378 1139 paupertatis

790 1133 856 1185 sunt
873 1128 1002 1187 adstricti
1015 1148 1023 1199 ;
1039 1147 1140 1188 omnes
1155 1151 1222 1193 iero
1238 1144 1379 1199 tenentur

788 1200 954 1257 renuntiare
965 1201 1099 1258 omnibus
1110 1211 1248 1274 quantum
1258 1210 1376 1270 adalle-

789 1276 877 1340 ctum,
905 1289 941 1329 ne
968 1273 1031 1344 plus
1055 1275 1221 1335 alliciantur
1247 1281 1283 1338 ad
1308 1283 1375 1355 ista,

788 1359 874 1414 quam
898 1344 934 1400 ad
960 1345 1059 1400 Deum.
1080 1378 1115 1387 -
1133 1350 1376 1421 secundarum·

788 1414 893 1485 quendi
914 1421 981 1471 sunt
1002 1424 1136 1487 parentes
1166 1428 1194 1476 et
1218 1424 1377 1500 propinqui

788 1486 942 1542 seeundum
966 1503 1093 1557 carnem,
1116 1497 1141 1546 et
1162 1493 1246 1549 amici
1271 1511 1376 1555 secun-

786 1555 854 1613 dum
872 1557 1015 1626 seculum;
1031 1560 1098 1630 quia
1112 1562 1197 1618 aliter
1208 1583 1265 1622 non
1280 1575 1378 1639 potest

787 1627 851 1699 quis
879 1645 941 1684 esse
966 1630 1070 1686 Christi
1102 1633 1266 1705 discipulus.
1284 1640 1378 1711 Quod,

787 1704 926 1770 quantum
956 1701 992 1756 ad
1016 1702 1138 1772 primum
1162 1706 1377 1780 discipulatum.

788 1770 829 1826 sie
856 1770 1072 1842 intelligendum
1102 1782 1155 1845 est,
1181 1781 1258 1849 quod
1287 1783 1377 1841 homo

787 1842 949 1913 hujusmodi
965 1844 1140 1916 propinquos
1157 1855 1186 1903 et
1201 1850 1309 1910 amicos
1320 1870 1382 1913 non

788 1919 879 1983 amet,
909 1913 963 1970 nisi
997 1914 1027 1971 iii
1056 1917 1157 1975 ordine
1178 1921 1213 1976 ad
1239 1924 1380 1983 tionorem

788 1984 838 2042 Dei
854 2005 863 2040 .·
878 1991 908 2042 et
923 1984 987 2043 ideo
1008 1986 1032 2042 si
1052 1987 1189 2060 instigent
1210 1994 1247 2050 ad
1266 1995 1376 2068 aliquid

787 2058 864 2127 quod
884 2056 921 2113 sit
946 2064 1046 2114 contra
1072 2060 1197 2118 divinum
1219 2066 1376 2139 bonorem,

786 2133 855 2184 tunc
881 2135 948 2184 sunt
975 2131 1092 2187 odiendi
1126 2141 1154 2189 et
1181 2136 1375 2221 relinquendi.

788 2200 853 2266 Sed,
871 2207 1009 2270 quantum
1024 2203 1060 2258 ad
1076 2207 1232 2263 seeundum
1247 2211 1374 2283 discipu·

784 2270 1065 2342 latum,relinquendi
1077 2281 1142 2332 sunt
1150 2279 1275 2351 realiter,
1283 2298 1377 2354 quan·

786 2346 847 2398 tum
873 2342 909 2398 ad
932 2358 1047 2400 omnem
1073 2349 1231 2407 convictum
1251 2355 1374 2413 inunda-

787 2429 867 2481 num,
888 2412 974 2470 etiam
995 2415 1025 2471 in
1049 2416 1145 2488 licitis,
1160 2420 1216 2477 nisi
1235 2430 1374 2495 qnantum

788 2484 864 2541 cedit
877 2485 912 2541 ad
928 2486 1068 2545 honorem
1083 2490 1143 2546 Dei.
1160 2524 1193 2533 -
1209 2495 1316 2565 Tertio,
1328 2514 1374 2556 re·

786 2555 972 2629 linquendum
996 2566 1039 2615 est
1060 2577 1163 2634 corpus
1183 2567 1330 2637 proprium
1345 2575 1375 2626 et

786 2627 844 2684 vita
868 2630 1035 2700 corporalis,
1056 2635 1130 2704 quod
1161 2636 1304 2706 significat
1321 2643 1375 2698 Do·

786 2699 882 2757 minus
894 2716 945 2772 per
960 2706 1092 2772 animam
1109 2709 1265 2766 seeundum
1283 2728 1371 2769 unum

786 2786 913 2842 sensum,
935 2788 998 2829 cuni
1018 2775 1081 2831 ait:
1109 2778 1209 2833 Adbuc
1233 2789 1325 2839 autem
1347 2790 1374 2841 et

786 2845 909 2898 animam
926 2860 1021 2911 suamc
1038 2847 1097 2915 ubi,
1114 2855 1144 2905 ut
1163 2853 1373 2922 supradictum

784 2918 837 2982 est,
853 2914 949 2972 anima
963 2917 1101 2990 accipitur
1119 2936 1172 2990 pro
1192 2923 1249 2979 vita
1263 2925 1374 2985 anima·

784 2984 815 3053 li,
839 2992 923 3057 prout
945 2987 1041 3046 anima
1069 2991 1193 3049 viviticat
1214 3012 1318 3068 eorpus
1344 3005 1373 3056 et

783 3055 941 3114 delectatur
965 3061 993 3115 in
1018 3078 1062 3118 eo.
1085 3064 1116 3119 Et
1143 3063 1194 3134 sie,
1213 3070 1371 3127 secuudum

783 3131 982 3197 Auentinam.
1012 3133 1108 3190 anima
1143 3143 1185 3191 est
1219 3138 1371 3211 dupliciter

782 3200 928 3257 odienda:
947 3219 1003 3259 uno
1019 3206 1114 3274 modo,
1129 3213 1160 3264 ut
1180 3209 1266 3266 tiomo
1294 3228 1370 3270 mor-

782 3275 840 3328 tem
857 3289 909 3345 pro
924 3274 1037 3332 Christo
1059 3293 1117 3333 non
1135 3285 1244 3348 timeat,
1261 3288 1291 3339 nt
1306 3299 1371 3343 cum

783 3342 895 3403 Christo
904 3344 932 3402 in
944 3352 1092 3418 perpetum
1105 3349 1193 3419 vivat;
1206 3353 1262 3410 alio
1274 3355 1370 3426 modo,

782 3420 815 3472 ut
829 3416 916 3474 hu'us
933 3417 996 3475 vitae
1009 3419 1227 3480 delectationem
1241 3432 1370 3498 respuat,

781 3491 813 3544 ut
835 3504 869 3544 vo
882 3494 1008 3561 uptatem
1030 3491 1151 3549 feliciter
1168 3494 1196 3551 iii
1214 3513 1303 3570 regno
1318 3498 1369 3557 Dei

781 3557 919 3616 inveniat.
946 3563 980 3617 Et
1008 3568 1159 3636 utrumque
1190 3568 1292 3625 tiorum
1325 3577 1370 3628 est

781 3631 986 3700 necessarium,
1008 3633 1031 3690 si
1054 3636 1174 3694 velimus
1198 3656 1260 3696 esse
1284 3641 1369 3698 disci·

779 3699 839 3770 puli
862 3701 977 3772 Christi,
1002 3714 1141 3777 quantum
1158 3710 1193 3765 ad
1216 3711 1370 3784 discipula·

779 3774 839 3827 tum
866 3778 1027 3846 utrumque.
1043 3781 1114 3835 Nam
1136 3781 1229 3852 primo
1249 3783 1370 3856 discipu·

780 3841 849 3899 latui
877 3848 1071 3907 necessarium
1096 3857 1151 3921 est,
1186 3859 1216 3910 ut
1247 3855 1312 3927 quis
1340 3855 1369 3913 in

779 3928 865 3971 causa
889 3917 955 3974 tidei
976 3918 1171 3994 interrogatus
1194 3934 1223 3981 et
1241 3933 1369 3999 exactus,

778 3985 851 4043 mori
869 4004 921 4060 pro
940 3991 1052 4049 Christo
1072 4010 1130 4050 nori
1151 3996 1249 4054 timeat
1265 4015 1368 4057 secun·

778 4057 845 4114 dum
862 4063 1101 4133 praeparationem
1112 4066 1212 4135 animi,
1229 4076 1367 4140 quantum

777 4129 813 4186 ad
844 4130 984 4203 primum;
1014 4142 1042 4192 et
1072 4135 1101 4192 in
1130 4139 1367 4199 delectationibus

778 4203 974 4273 corporalibus
989 4206 1026 4263 ad
1048 4211 1222 4278 peccandum
1241 4214 1366 4270 nullate·

777 4287 830 4328 nus
855 4275 1029 4347 acquiescat,
1046 4290 1185 4350 quantum
1207 4285 1244 4340 ad
1264 4300 1365 4342 secun·

778 4344 856 4403 dum.
890 4346 1020 4408 Secundo
1049 4356 1148 4411 eutem
1180 4354 1364 4430 discipulatui
