<?xml version="1.0" encoding="UTF-8"?>
<!DOCTYPE html PUBLIC "-//W3C//DTD XHTML 1.0 Transitional//EN"
    "http://www.w3.org/TR/xhtml1/DTD/xhtml1-transitional.dtd">
<html xmlns="http://www.w3.org/1999/xhtml" xml:lang="en" lang="en">
 <head>
  <title>
</title>
<meta http-equiv="Content-Type" content="text/html;charset=utf-8" />
  <meta name='ocr-system' content='tesseract 3.04.00' />
  <meta name='ocr-capabilities' content='ocr_page ocr_carea ocr_par ocr_line ocrx_word'/>
</head>
<body>
  <div class='ocr_page' id='page_1' title='image "./vitajesuchristi00ludogoog_0272.png"; bbox 0 0 2880 4942; ppageno 0'>
   <div class='ocr_carea' id='block_1_1' title="bbox 234 322 1332 386">
    <p class='ocr_par' dir='ltr' id='par_1_1' title="bbox 234 322 1332 386">
     <span class='ocr_line' id='line_1_1' title="bbox 234 322 1332 386; baseline -0.003 -1"><span class='ocrx_word' id='word_1_1' title='bbox 234 332 274 386; x_wconf 80' lang='lat' dir='ltr'><strong>DE</strong></span> <span class='ocrx_word' id='word_1_2' title='bbox 300 330 489 386; x_wconf 78' lang='lat' dir='ltr'><strong>disserite</strong></span> <span class='ocrx_word' id='word_1_3' title='bbox 515 332 554 385; x_wconf 80' lang='lat' dir='ltr'><strong>tlt</strong></span> <span class='ocrx_word' id='word_1_4' title='bbox 582 329 852 385; x_wconf 73' lang='lat' dir='ltr'>EXHORTATIONE</span> <span class='ocrx_word' id='word_1_5' title='bbox 883 327 925 382; x_wconf 77' lang='lat' dir='ltr'><strong>hl)</strong></span> <span class='ocrx_word' id='word_1_6' title='bbox 952 322 1195 384; x_wconf 80' lang='lat' dir='ltr'><strong>hbltllttlltttt.</strong></span> <span class='ocrx_word' id='word_1_7' title='bbox 1284 328 1332 382; x_wconf 79' lang='lat' dir='ltr'><strong>tes</strong></span> 
     </span>
    </p>
   </div>
   <div class='ocr_carea' id='block_1_2' title="bbox 99 440 690 1808">
    <p class='ocr_par' dir='ltr' id='par_1_2' title="bbox 99 440 688 1162">
     <span class='ocr_line' id='line_1_2' title="bbox 102 440 684 524; baseline -0.005 -23"><span class='ocrx_word' id='word_1_8' title='bbox 102 459 176 502; x_wconf 83' lang='lat' dir='ltr'><strong>iiim.</strong></span> <span class='ocrx_word' id='word_1_9' title='bbox 199 442 278 501; x_wconf 84' lang='lat' dir='ltr'><strong>Unde</strong></span> <span class='ocrx_word' id='word_1_10' title='bbox 302 441 330 498; x_wconf 92' lang='lat' dir='ltr'><strong>in</strong></span> <span class='ocrx_word' id='word_1_11' title='bbox 353 440 519 524; x_wconf 74' lang='lat' dir='ltr'><strong>Apocalypsi</strong></span> <span class='ocrx_word' id='word_1_12' title='bbox 536 457 543 497; x_wconf 90' lang='lat'>:</span> <span class='ocrx_word' id='word_1_13' title='bbox 563 443 596 500; x_wconf 79' lang='lat' dir='ltr'><strong>Si</strong></span> <span class='ocrx_word' id='word_1_14' title='bbox 621 444 684 514; x_wconf 81' lang='lat' dir='ltr'><strong>quis</strong></span> 
     </span>
     <span class='ocr_line' id='line_1_3' title="bbox 102 517 685 585; baseline -0.003 -12"><span class='ocrx_word' id='word_1_15' title='bbox 102 519 223 573; x_wconf 76' lang='lat' dir='ltr'><strong>sinitote</strong></span> <span class='ocrx_word' id='word_1_16' title='bbox 238 532 325 572; x_wconf 84' lang='lat' dir='ltr'><strong>nocem</strong></span> <span class='ocrx_word' id='word_1_17' title='bbox 339 531 436 579; x_wconf 87' lang='lat' dir='ltr'><strong>meum,</strong></span> <span class='ocrx_word' id='word_1_18' title='bbox 453 518 560 571; x_wconf 90' lang='lat' dir='ltr'><strong>scilicet</strong></span> <span class='ocrx_word' id='word_1_19' title='bbox 575 517 603 570; x_wconf 91' lang='lat' dir='ltr'><strong>iii</strong></span> <span class='ocrx_word' id='word_1_20' title='bbox 614 530 685 585; x_wconf 80' lang='lat' dir='ltr'><strong>pras·</strong></span> 
     </span>
     <span class='ocr_line' id='line_1_4' title="bbox 102 587 686 659; baseline -0.005 -13"><span class='ocrx_word' id='word_1_21' title='bbox 102 590 253 658; x_wconf 85' lang='lat' dir='ltr'><strong>dicatione,</strong></span> <span class='ocrx_word' id='word_1_22' title='bbox 273 594 297 644; x_wconf 85' lang='lat' dir='ltr'><strong>ct</strong></span> <span class='ocrx_word' id='word_1_23' title='bbox 316 590 454 659; x_wconf 82' lang='lat' dir='ltr'><strong>operuerit</strong></span> <span class='ocrx_word' id='word_1_24' title='bbox 472 589 553 655; x_wconf 86' lang='lat' dir='ltr'><strong>mibi,</strong></span> <span class='ocrx_word' id='word_1_25' title='bbox 579 587 686 643; x_wconf 89' lang='lat' dir='ltr'><strong>scilicet</strong></span> 
     </span>
     <span class='ocr_line' id='line_1_5' title="bbox 102 658 685 728; baseline -0.005 -11"><span class='ocrx_word' id='word_1_26' title='bbox 102 661 132 718; x_wconf 93' lang='lat' dir='ltr'><strong>iii</strong></span> <span class='ocrx_word' id='word_1_27' title='bbox 147 660 327 728; x_wconf 69' lang='lat' dir='ltr'>contritione,</span> <span class='ocrx_word' id='word_1_28' title='bbox 343 660 452 716; x_wconf 81' lang='lat' dir='ltr'><strong>introeo</strong></span> <span class='ocrx_word' id='word_1_29' title='bbox 471 660 508 714; x_wconf 84' lang='lat' dir='ltr'><strong>ud</strong></span> <span class='ocrx_word' id='word_1_30' title='bbox 523 676 593 726; x_wconf 85' lang='lat' dir='ltr'><strong>eum,</strong></span> <span class='ocrx_word' id='word_1_31' title='bbox 608 658 685 715; x_wconf 90' lang='lat' dir='ltr'><strong>scili·</strong></span> 
     </span>
     <span class='ocr_line' id='line_1_6' title="bbox 100 732 686 800; baseline -0.009 -9"><span class='ocrx_word' id='word_1_32' title='bbox 100 741 145 791; x_wconf 87' lang='lat' dir='ltr'><strong>cet</strong></span> <span class='ocrx_word' id='word_1_33' title='bbox 158 735 184 789; x_wconf 92' lang='lat' dir='ltr'><strong>in</strong></span> <span class='ocrx_word' id='word_1_34' title='bbox 200 732 257 789; x_wconf 93' lang='lat' dir='ltr'><strong>oris</strong></span> <span class='ocrx_word' id='word_1_35' title='bbox 269 732 459 800; x_wconf 79' lang='lat' dir='ltr'><strong>consessione3</strong></span> <span class='ocrx_word' id='word_1_36' title='bbox 470 737 496 788; x_wconf 86' lang='lat' dir='ltr'><strong>ct</strong></span> <span class='ocrx_word' id='word_1_37' title='bbox 506 732 612 788; x_wconf 86' lang='lat' dir='ltr'><strong>eoenobe</strong></span> <span class='ocrx_word' id='word_1_38' title='bbox 626 747 686 786; x_wconf 87' lang='lat' dir='ltr'><strong>eum</strong></span> 
     </span>
     <span class='ocr_line' id='line_1_7' title="bbox 100 803 685 877; baseline -0.002 -17"><span class='ocrx_word' id='word_1_39' title='bbox 100 809 159 873; x_wconf 82' lang='lat' dir='ltr'><strong>illo,</strong></span> <span class='ocrx_word' id='word_1_40' title='bbox 168 809 193 861; x_wconf 88' lang='lat' dir='ltr'><strong>et</strong></span> <span class='ocrx_word' id='word_1_41' title='bbox 208 809 268 877; x_wconf 83' lang='lat' dir='ltr'><strong>ipsc</strong></span> <span class='ocrx_word' id='word_1_42' title='bbox 277 821 389 874; x_wconf 84' lang='lat' dir='ltr'><strong>meeiini,</strong></span> <span class='ocrx_word' id='word_1_43' title='bbox 400 805 506 861; x_wconf 89' lang='lat' dir='ltr'><strong>scilicet</strong></span> <span class='ocrx_word' id='word_1_44' title='bbox 519 803 685 860; x_wconf 89' lang='lat' dir='ltr'><strong>delectando</strong></span> 
     </span>
     <span class='ocr_line' id='line_1_8' title="bbox 100 875 687 950; baseline -0.005 -16"><span class='ocrx_word' id='word_1_45' title='bbox 100 876 130 934; x_wconf 91' lang='lat' dir='ltr'><strong>iii</strong></span> <span class='ocrx_word' id='word_1_46' title='bbox 147 893 264 950; x_wconf 92' lang='lat' dir='ltr'><strong>operum</strong></span> <span class='ocrx_word' id='word_1_47' title='bbox 287 876 489 933; x_wconf 79' lang='lat' dir='ltr'><strong>satisfactione.</strong></span> <span class='ocrx_word' id='word_1_48' title='bbox 507 877 584 931; x_wconf 82' lang='lat' dir='ltr'><strong>lstuil</strong></span> <span class='ocrx_word' id='word_1_49' title='bbox 601 875 687 932; x_wconf 88' lang='lat' dir='ltr'><strong>ctiam</strong></span> 
     </span>
     <span class='ocr_line' id='line_1_9' title="bbox 99 947 687 1022; baseline -0.005 -16"><span class='ocrx_word' id='word_1_50' title='bbox 99 955 193 1022; x_wconf 86' lang='lat' dir='ltr'><strong>potest</strong></span> <span class='ocrx_word' id='word_1_51' title='bbox 208 949 295 1006; x_wconf 90' lang='lat' dir='ltr'><strong>simili</strong></span> <span class='ocrx_word' id='word_1_52' title='bbox 315 950 399 1005; x_wconf 93' lang='lat' dir='ltr'><strong>modo</strong></span> <span class='ocrx_word' id='word_1_53' title='bbox 416 947 504 1019; x_wconf 79' lang='lat' dir='ltr'>accipi</span> <span class='ocrx_word' id='word_1_54' title='bbox 520 948 555 1003; x_wconf 90' lang='lat' dir='ltr'><strong>de</strong></span> <span class='ocrx_word' id='word_1_55' title='bbox 568 948 687 1018; x_wconf 73' lang='lat' dir='ltr'><strong>praelato</strong></span> 
     </span>
     <span class='ocr_line' id='line_1_10' title="bbox 100 1018 688 1090; baseline -0.007 -11"><span class='ocrx_word' id='word_1_56' title='bbox 100 1026 129 1079; x_wconf 90' lang='lat' dir='ltr'><strong>et</strong></span> <span class='ocrx_word' id='word_1_57' title='bbox 143 1022 269 1078; x_wconf 78' lang='lat' dir='ltr'>Ecclesia</span> <span class='ocrx_word' id='word_1_58' title='bbox 281 1022 366 1077; x_wconf 92' lang='lat' dir='ltr'><strong>domo</strong></span> <span class='ocrx_word' id='word_1_59' title='bbox 382 1021 453 1090; x_wconf 82' lang='lat' dir='ltr'><strong>eJ’us,</strong></span> <span class='ocrx_word' id='word_1_60' title='bbox 466 1035 551 1089; x_wconf 81' lang='lat' dir='ltr'><strong>uuam</strong></span> <span class='ocrx_word' id='word_1_61' title='bbox 564 1025 631 1075; x_wconf 92' lang='lat' dir='ltr'><strong>tunc</strong></span> <span class='ocrx_word' id='word_1_62' title='bbox 642 1018 688 1075; x_wconf 90' lang='lat' dir='ltr'><strong>iii·</strong></span> 
     </span>
     <span class='ocr_line' id='line_1_11' title="bbox 102 1092 632 1162; baseline -0.004 -14"><span class='ocrx_word' id='word_1_63' title='bbox 102 1093 197 1160; x_wconf 85' lang='lat' dir='ltr'><strong>travit,</strong></span> <span class='ocrx_word' id='word_1_64' title='bbox 208 1099 237 1149; x_wconf 93' lang='lat' dir='ltr'><strong>et</strong></span> <span class='ocrx_word' id='word_1_65' title='bbox 251 1092 377 1162; x_wconf 76' lang='lat' dir='ltr'><strong>quotidie</strong></span> <span class='ocrx_word' id='word_1_66' title='bbox 393 1092 480 1148; x_wconf 79' lang='lat' dir='ltr'>intrat</span> <span class='ocrx_word' id='word_1_67' title='bbox 496 1092 632 1147; x_wconf 86' lang='lat' dir='ltr'><strong>Christus</strong></span> 
     </span>
    </p>

    <p class='ocr_par' dir='ltr' id='par_1_3' title="bbox 100 1167 690 1808">
     <span class='ocr_line' id='line_1_12' title="bbox 137 1167 689 1233; baseline -0.009 -11"><span class='ocrx_word' id='word_1_68' title='bbox 137 1171 154 1233; x_wconf 64' lang='lat' dir='ltr'><strong>tc</strong></span> <span class='ocrx_word' id='word_1_69' title='bbox 183 1167 288 1222; x_wconf 76' lang='lat' dir='ltr'><strong>Sarrae</strong></span> <span class='ocrx_word' id='word_1_70' title='bbox 316 1182 458 1220; x_wconf 86' lang='lat' dir='ltr'><strong>nienorici</strong></span> <span class='ocrx_word' id='word_1_71' title='bbox 492 1179 689 1220; x_wconf 84' lang='lat' dir='ltr'><strong>rnornissirss</strong></span> 
     </span>
     <span class='ocr_line' id='line_1_13' title="bbox 103 1253 690 1293; baseline -0.002 -2"><span class='ocrx_word' id='word_1_72' title='bbox 103 1255 203 1293; x_wconf 81' lang='lat' dir='ltr'><strong>serisii</strong></span> <span class='ocrx_word' id='word_1_73' title='bbox 222 1254 361 1293; x_wconf 76' lang='lat' dir='ltr'><strong>cimmerii</strong></span> <span class='ocrx_word' id='word_1_74' title='bbox 384 1253 456 1293; x_wconf 82' lang='lat' dir='ltr'><strong>viiii</strong></span> <span class='ocrx_word' id='word_1_75' title='bbox 478 1253 637 1291; x_wconf 83' lang='lat' dir='ltr'><strong>essiosim.</strong></span> <span class='ocrx_word' id='word_1_76' title='bbox 655 1265 690 1278; x_wconf 89' lang='lat'><em>-</em></span> 
     </span>
     <span class='ocr_line' id='line_1_14' title="bbox 102 1308 689 1381; baseline -0.003 -16"><span class='ocrx_word' id='word_1_77' title='bbox 102 1308 689 1381; x_wconf 84' lang='lat' dir='ltr'><strong>Etnotandumquodproprietateshydro-</strong></span> 
     </span>
     <span class='ocr_line' id='line_1_15' title="bbox 101 1381 688 1453; baseline -0.003 -17"><span class='ocrx_word' id='word_1_78' title='bbox 101 1381 157 1453; x_wconf 85' lang='lat' dir='ltr'><strong>pici</strong></span> <span class='ocrx_word' id='word_1_79' title='bbox 170 1389 235 1437; x_wconf 88' lang='lat' dir='ltr'><strong>suut</strong></span> <span class='ocrx_word' id='word_1_80' title='bbox 250 1390 368 1453; x_wconf 85' lang='lat' dir='ltr'><strong>septem,</strong></span> <span class='ocrx_word' id='word_1_81' title='bbox 384 1397 433 1451; x_wconf 89' lang='lat' dir='ltr'><strong>per</strong></span> <span class='ocrx_word' id='word_1_82' title='bbox 446 1396 508 1451; x_wconf 85' lang='lat' dir='ltr'><strong>quae</strong></span> <span class='ocrx_word' id='word_1_83' title='bbox 522 1387 629 1451; x_wconf 86' lang='lat' dir='ltr'><strong>septem</strong></span> <span class='ocrx_word' id='word_1_84' title='bbox 643 1396 688 1435; x_wconf 88' lang='lat' dir='ltr'><strong>ca-</strong></span> 
     </span>
     <span class='ocr_line' id='line_1_16' title="bbox 100 1451 685 1579; baseline -0.003 -71"><span class='ocrx_word' id='word_1_85' title='bbox 100 1453 200 1525; x_wconf 91' lang='lat' dir='ltr'><strong>pitaba</strong></span> <span class='ocrx_word' id='word_1_86' title='bbox 214 1451 291 1519; x_wconf 87' lang='lat' dir='ltr'><strong>vitia,</strong></span> <span class='ocrx_word' id='word_1_87' title='bbox 303 1453 344 1508; x_wconf 89' lang='lat' dir='ltr'><strong>vel</strong></span> <span class='ocrx_word' id='word_1_88' title='bbox 357 1453 665 1579; x_wconf 45' lang='lat' dir='ltr'><strong>peccatadrsifirnantur</strong></span> <span class='ocrx_word' id='word_1_89' title='bbox 679 1466 685 1519; x_wconf 93' lang='lat'>;</span> 
     </span>
     <span class='ocr_line' id='line_1_17' title="bbox 101 1522 688 1595; baseline -0.005 -14"><span class='ocrx_word' id='word_1_90' title='bbox 101 1530 129 1581; x_wconf 91' lang='lat' dir='ltr'><strong>et</strong></span> <span class='ocrx_word' id='word_1_91' title='bbox 139 1525 202 1580; x_wconf 88' lang='lat' dir='ltr'><strong>ideo</strong></span> <span class='ocrx_word' id='word_1_92' title='bbox 212 1522 264 1581; x_wconf 86' lang='lat' dir='ltr'><strong>iste</strong></span> <span class='ocrx_word' id='word_1_93' title='bbox 278 1523 448 1595; x_wconf 78' lang='lat' dir='ltr'>hydropicus</span> <span class='ocrx_word' id='word_1_94' title='bbox 459 1540 542 1595; x_wconf 86' lang='lat' dir='ltr'><strong>quem</strong></span> <span class='ocrx_word' id='word_1_95' title='bbox 557 1524 613 1579; x_wconf 90' lang='lat' dir='ltr'><strong>ibet</strong></span> <span class='ocrx_word' id='word_1_96' title='bbox 626 1538 688 1594; x_wconf 90' lang='lat' dir='ltr'><strong>pec-</strong></span> 
     </span>
     <span class='ocr_line' id='line_1_18' title="bbox 101 1595 688 1666; baseline -0.003 -14"><span class='ocrx_word' id='word_1_97' title='bbox 101 1605 225 1652; x_wconf 89' lang='lat' dir='ltr'><strong>catorem</strong></span> <span class='ocrx_word' id='word_1_98' title='bbox 235 1595 396 1661; x_wconf 74' lang='lat' dir='ltr'><strong>significare</strong></span> <span class='ocrx_word' id='word_1_99' title='bbox 407 1595 584 1666; x_wconf 90' lang='lat' dir='ltr'><strong>perhibetur.</strong></span> <span class='ocrx_word' id='word_1_100' title='bbox 596 1596 688 1650; x_wconf 85' lang='lat' dir='ltr'><strong>llahet</strong></span> 
     </span>
     <span class='ocr_line' id='line_1_19' title="bbox 101 1666 688 1739; baseline -0.003 -15"><span class='ocrx_word' id='word_1_101' title='bbox 101 1666 688 1739; x_wconf 79' lang='lat' dir='ltr'><strong>enimliydropicusprimocorperistumo-</strong></span> 
     </span>
     <span class='ocr_line' id='line_1_20' title="bbox 101 1738 685 1808; baseline -0.003 -12"><span class='ocrx_word' id='word_1_102' title='bbox 101 1756 172 1808; x_wconf 90' lang='lat' dir='ltr'><strong>rem,</strong></span> <span class='ocrx_word' id='word_1_103' title='bbox 188 1743 227 1795; x_wconf 89' lang='lat' dir='ltr'><strong>sic</strong></span> <span class='ocrx_word' id='word_1_104' title='bbox 239 1756 270 1795; x_wconf 92' lang='lat' dir='ltr'><strong>su</strong></span> <span class='ocrx_word' id='word_1_105' title='bbox 292 1741 378 1796; x_wconf 90' lang='lat' dir='ltr'><strong>crhus</strong></span> <span class='ocrx_word' id='word_1_106' title='bbox 390 1739 482 1796; x_wconf 89' lang='lat' dir='ltr'><strong>cordis</strong></span> <span class='ocrx_word' id='word_1_107' title='bbox 493 1738 685 1807; x_wconf 84' lang='lat' dir='ltr'><strong>inllationcm3</strong></span> 
     </span>
    </p>
   </div>
   <div class='ocr_carea' id='block_1_3' title="bbox 100 1756 686 1893">
    <p class='ocr_par' dir='ltr' id='par_1_4' title="bbox 100 1756 686 1893">
     <span class='ocr_line' id='line_1_21' title="bbox 100 1756 686 1893; baseline -0.002 -26"><span class='ocrx_word' id='word_1_108' title='bbox 100 1756 321 1868; x_wconf 61' lang='lat' dir='ltr'><strong>secuiiiloliaiiet</strong></span> <span class='ocrx_word' id='word_1_109' title='bbox 344 1810 494 1882; x_wconf 77' lang='lat' dir='ltr'><strong>spirituum</strong></span> <span class='ocrx_word' id='word_1_110' title='bbox 516 1810 686 1893; x_wconf 86' lang='lat' dir='ltr'><strong>compressi-</strong></span> 
     </span>
    </p>
   </div>
   <div class='ocr_carea' id='block_1_4' title="bbox 101 1882 690 3598">
    <p class='ocr_par' dir='ltr' id='par_1_5' title="bbox 101 1882 690 2817">
     <span class='ocr_line' id='line_1_22' title="bbox 103 1882 688 1954; baseline -0.005 -13"><span class='ocrx_word' id='word_1_111' title='bbox 103 1901 198 1952; x_wconf 88' lang='lat' dir='ltr'><strong>oneui,</strong></span> <span class='ocrx_word' id='word_1_112' title='bbox 215 1882 375 1939; x_wconf 88' lang='lat' dir='ltr'><strong>sicinvidus</strong></span> <span class='ocrx_word' id='word_1_113' title='bbox 384 1883 460 1939; x_wconf 91' lang='lat' dir='ltr'><strong>bena</strong></span> <span class='ocrx_word' id='word_1_114' title='bbox 469 1885 640 1954; x_wconf 90' lang='lat' dir='ltr'><strong>comprimit,</strong></span> <span class='ocrx_word' id='word_1_115' title='bbox 652 1898 688 1938; x_wconf 91' lang='lat' dir='ltr'><strong>ne</strong></span> 
     </span>
     <span class='ocr_line' id='line_1_23' title="bbox 102 1953 686 2028; baseline -0.005 -15"><span class='ocrx_word' id='word_1_116' title='bbox 102 1956 280 2028; x_wconf 75' lang='lat' dir='ltr'><strong>publicentur</strong></span> <span class='ocrx_word' id='word_1_117' title='bbox 311 1959 340 2011; x_wconf 90' lang='lat' dir='ltr'><strong>et</strong></span> <span class='ocrx_word' id='word_1_118' title='bbox 368 1953 481 2010; x_wconf 86' lang='lat' dir='ltr'><strong>veniant</strong></span> <span class='ocrx_word' id='word_1_119' title='bbox 514 1955 550 2010; x_wconf 93' lang='lat' dir='ltr'><strong>ad</strong></span> <span class='ocrx_word' id='word_1_120' title='bbox 578 1955 686 2023; x_wconf 82' lang='lat' dir='ltr'><strong>lucem;</strong></span> 
     </span>
     <span class='ocr_line' id='line_1_24' title="bbox 102 2026 688 2098; baseline -0.003 -14"><span class='ocrx_word' id='word_1_121' title='bbox 102 2028 197 2096; x_wconf 80' lang='lat' dir='ltr'><strong>tertio,</strong></span> <span class='ocrx_word' id='word_1_122' title='bbox 207 2026 269 2083; x_wconf 86' lang='lat' dir='ltr'><strong>sitis</strong></span> <span class='ocrx_word' id='word_1_123' title='bbox 279 2027 421 2089; x_wconf 87' lang='lat' dir='ltr'><strong>ardorem,</strong></span> <span class='ocrx_word' id='word_1_124' title='bbox 437 2026 477 2082; x_wconf 92' lang='lat' dir='ltr'><strong>sic</strong></span> <span class='ocrx_word' id='word_1_125' title='bbox 487 2042 589 2083; x_wconf 83' lang='lat' dir='ltr'><strong>avarus</strong></span> <span class='ocrx_word' id='word_1_126' title='bbox 601 2042 688 2098; x_wconf 89' lang='lat' dir='ltr'><strong>quan·</strong></span> 
     </span>
     <span class='ocr_line' id='line_1_25' title="bbox 103 2097 688 2170; baseline -0.005 -15"><span class='ocrx_word' id='word_1_127' title='bbox 103 2107 130 2155; x_wconf 93' lang='lat' dir='ltr'><strong>te</strong></span> <span class='ocrx_word' id='word_1_128' title='bbox 150 2100 213 2170; x_wconf 91' lang='lat' dir='ltr'><strong>plus</strong></span> <span class='ocrx_word' id='word_1_129' title='bbox 232 2100 267 2155; x_wconf 91' lang='lat' dir='ltr'><strong>de</strong></span> <span class='ocrx_word' id='word_1_130' title='bbox 291 2097 395 2154; x_wconf 83' lang='lat' dir='ltr'><strong>divitiis</strong></span> <span class='ocrx_word' id='word_1_131' title='bbox 421 2097 501 2167; x_wconf 88' lang='lat' dir='ltr'><strong>bibit,</strong></span> <span class='ocrx_word' id='word_1_132' title='bbox 522 2102 600 2154; x_wconf 91' lang='lat' dir='ltr'><strong>tanto</strong></span> <span class='ocrx_word' id='word_1_133' title='bbox 626 2099 688 2169; x_wconf 83' lang='lat' dir='ltr'><strong>plus</strong></span> 
     </span>
     <span class='ocr_line' id='line_1_26' title="bbox 103 2169 688 2244; baseline 0.002 -19"><span class='ocrx_word' id='word_1_134' title='bbox 103 2172 177 2240; x_wconf 82' lang='lat' dir='ltr'><strong>sitit;</strong></span> <span class='ocrx_word' id='word_1_135' title='bbox 197 2181 318 2244; x_wconf 85' lang='lat' dir='ltr'><strong>quarto,</strong></span> <span class='ocrx_word' id='word_1_136' title='bbox 342 2172 494 2226; x_wconf 89' lang='lat' dir='ltr'><strong>humorum</strong></span> <span class='ocrx_word' id='word_1_137' title='bbox 517 2169 688 2240; x_wconf 89' lang='lat' dir='ltr'><strong>indigestio-</strong></span> 
     </span>
     <span class='ocr_line' id='line_1_27' title="bbox 105 2241 689 2315; baseline -0.005 -15"><span class='ocrx_word' id='word_1_138' title='bbox 105 2261 180 2313; x_wconf 90' lang='lat' dir='ltr'><strong>nem,</strong></span> <span class='ocrx_word' id='word_1_139' title='bbox 197 2260 236 2299; x_wconf 92' lang='lat' dir='ltr'><strong>sic</strong></span> <span class='ocrx_word' id='word_1_140' title='bbox 249 2243 402 2299; x_wconf 88' lang='lat' dir='ltr'><strong>iracundus</strong></span> <span class='ocrx_word' id='word_1_141' title='bbox 412 2258 463 2315; x_wconf 91' lang='lat' dir='ltr'><strong>per</strong></span> <span class='ocrx_word' id='word_1_142' title='bbox 476 2242 547 2298; x_wconf 88' lang='lat' dir='ltr'><strong>iram</strong></span> <span class='ocrx_word' id='word_1_143' title='bbox 557 2241 689 2297; x_wconf 81' lang='lat' dir='ltr'><strong>diminuit</strong></span> 
     </span>
     <span class='ocr_line' id='line_1_28' title="bbox 103 2313 688 2441; baseline -0.003 -71"><span class='ocrx_word' id='word_1_144' title='bbox 103 2317 163 2372; x_wconf 89' lang='lat' dir='ltr'><strong>dies</strong></span> <span class='ocrx_word' id='word_1_145' title='bbox 179 2331 262 2383; x_wconf 74' lang='lat' dir='ltr'><strong>suos,</strong></span> <span class='ocrx_word' id='word_1_146' title='bbox 279 2314 388 2387; x_wconf 82' lang='lat' dir='ltr'><strong>quinte,</strong></span> <span class='ocrx_word' id='word_1_147' title='bbox 409 2314 513 2396; x_wconf 91' lang='lat' dir='ltr'><strong>pedum</strong></span> <span class='ocrx_word' id='word_1_148' title='bbox 533 2313 688 2441; x_wconf 51' lang='lat' dir='ltr'><strong>pigritiam,</strong></span> 
     </span>
     <span class='ocr_line' id='line_1_29' title="bbox 103 2385 689 2459; baseline -0.003 -15"><span class='ocrx_word' id='word_1_149' title='bbox 103 2387 143 2444; x_wconf 84' lang='lat' dir='ltr'><strong>sic</strong></span> <span class='ocrx_word' id='word_1_150' title='bbox 162 2387 319 2444; x_wconf 84' lang='lat' dir='ltr'><strong>accidiosus</strong></span> <span class='ocrx_word' id='word_1_151' title='bbox 344 2386 488 2459; x_wconf 81' lang='lat' dir='ltr'><strong>pigritiam</strong></span> <span class='ocrx_word' id='word_1_152' title='bbox 506 2385 689 2442; x_wconf 85' lang='lat' dir='ltr'><strong>electionum</strong></span> 
     </span>
     <span class='ocr_line' id='line_1_30' title="bbox 102 2459 689 2532; baseline -0.007 -16"><span class='ocrx_word' id='word_1_153' title='bbox 102 2466 130 2516; x_wconf 93' lang='lat' dir='ltr'><strong>et</strong></span> <span class='ocrx_word' id='word_1_154' title='bbox 145 2459 348 2532; x_wconf 76' lang='lat' dir='ltr'><strong>cogitationum</strong></span> <span class='ocrx_word' id='word_1_155' title='bbox 364 2459 400 2515; x_wconf 87' lang='lat' dir='ltr'><strong>ad</strong></span> <span class='ocrx_word' id='word_1_156' title='bbox 412 2461 483 2515; x_wconf 89' lang='lat' dir='ltr'><strong>bene</strong></span> <span class='ocrx_word' id='word_1_157' title='bbox 496 2459 689 2530; x_wconf 71' lang='lat' dir='ltr'><strong>operandum,</strong></span> 
     </span>
     <span class='ocr_line' id='line_1_31' title="bbox 101 2529 689 2602; baseline -0.005 -15"><span class='ocrx_word' id='word_1_158' title='bbox 101 2538 189 2600; x_wconf 89' lang='lat' dir='ltr'><strong>seito,</strong></span> <span class='ocrx_word' id='word_1_159' title='bbox 206 2531 372 2602; x_wconf 84' lang='lat' dir='ltr'><strong>genitalium</strong></span> <span class='ocrx_word' id='word_1_160' title='bbox 394 2532 579 2587; x_wconf 86' lang='lat' dir='ltr'><strong>inllatiouem.</strong></span> <span class='ocrx_word' id='word_1_161' title='bbox 594 2529 633 2585; x_wconf 89' lang='lat' dir='ltr'><strong>sic</strong></span> <span class='ocrx_word' id='word_1_162' title='bbox 646 2529 689 2585; x_wconf 92' lang='lat' dir='ltr'><strong>lu-</strong></span> 
     </span>
     <span class='ocr_line' id='line_1_32' title="bbox 102 2602 689 2671; baseline -0.007 -11"><span class='ocrx_word' id='word_1_163' title='bbox 102 2603 231 2660; x_wconf 83' lang='lat' dir='ltr'><strong>xuriosus</strong></span> <span class='ocrx_word' id='word_1_164' title='bbox 251 2602 420 2660; x_wconf 83' lang='lat' dir='ltr'><strong>eorumdum</strong></span> <span class='ocrx_word' id='word_1_165' title='bbox 439 2602 689 2671; x_wconf 73' lang='lat' dir='ltr'><strong>tumefactionem3</strong></span> 
     </span>
     <span class='ocr_line' id='line_1_33' title="bbox 103 2672 690 2758; baseline -0.005 -26"><span class='ocrx_word' id='word_1_166' title='bbox 103 2675 234 2758; x_wconf 84' lang='lat' dir='ltr'><strong>septimo.</strong></span> <span class='ocrx_word' id='word_1_167' title='bbox 265 2674 323 2757; x_wconf 80' lang='lat' dir='ltr'><strong>oris</strong></span> <span class='ocrx_word' id='word_1_168' title='bbox 346 2674 487 2743; x_wconf 88' lang='lat' dir='ltr'><strong>loetorem,</strong></span> <span class='ocrx_word' id='word_1_169' title='bbox 510 2672 550 2730; x_wconf 89' lang='lat' dir='ltr'><strong>sic</strong></span> <span class='ocrx_word' id='word_1_170' title='bbox 573 2673 690 2747; x_wconf 86' lang='lat' dir='ltr'><strong>gulosus</strong></span> 
     </span>
     <span class='ocr_line' id='line_1_34' title="bbox 102 2754 401 2817; baseline -0.01 -13"><span class='ocrx_word' id='word_1_171' title='bbox 102 2764 160 2804; x_wconf 88' lang='lat' dir='ltr'><strong>oris</strong></span> <span class='ocrx_word' id='word_1_172' title='bbox 180 2754 401 2817; x_wconf 87' lang='lat' dir='ltr'><strong>corruptionem.</strong></span> 
     </span>
    </p>

    <p class='ocr_par' dir='ltr' id='par_1_6' title="bbox 101 2821 690 3598">
     <span class='ocr_line' id='line_1_35' title="bbox 138 2821 690 2875; baseline -0.002 -1"><span class='ocrx_word' id='word_1_173' title='bbox 138 2821 328 2875; x_wconf 83' lang='lat' dir='ltr'><strong>5Hienorisis</strong></span> <span class='ocrx_word' id='word_1_174' title='bbox 342 2836 430 2875; x_wconf 76' lang='lat' dir='ltr'><strong>riusa</strong></span> <span class='ocrx_word' id='word_1_175' title='bbox 446 2835 616 2875; x_wconf 48' lang='lat' dir='ltr'><strong>srecisicirsii</strong></span> <span class='ocrx_word' id='word_1_176' title='bbox 626 2835 690 2874; x_wconf 79' lang='lat' dir='ltr'><strong>sva·</strong></span> 
     </span>
     <span class='ocr_line' id='line_1_36' title="bbox 103 2892 689 2962; baseline -0.003 -14"><span class='ocrx_word' id='word_1_177' title='bbox 103 2909 197 2948; x_wconf 85' lang='lat' dir='ltr'><strong>airiiiii</strong></span> <span class='ocrx_word' id='word_1_178' title='bbox 212 2909 243 2947; x_wconf 87' lang='lat' dir='ltr'><strong>sr</strong></span> <span class='ocrx_word' id='word_1_179' title='bbox 259 2909 394 2948; x_wconf 78' lang='lat' dir='ltr'><strong>Luseniiii</strong></span> <span class='ocrx_word' id='word_1_180' title='bbox 410 2909 549 2948; x_wconf 81' lang='lat' dir='ltr'><strong>ossicssr.</strong></span> <span class='ocrx_word' id='word_1_181' title='bbox 569 2922 601 2934; x_wconf 86' lang='lat'>-</span> <span class='ocrx_word' id='word_1_182' title='bbox 619 2892 689 2962; x_wconf 90' lang='lat' dir='ltr'><strong>Spe·</strong></span> 
     </span>
     <span class='ocr_line' id='line_1_37' title="bbox 102 2963 689 3037; baseline -0.003 -16"><span class='ocrx_word' id='word_1_183' title='bbox 102 2964 211 3021; x_wconf 91' lang='lat' dir='ltr'><strong>cialiter</strong></span> <span class='ocrx_word' id='word_1_184' title='bbox 232 2970 327 3020; x_wconf 90' lang='lat' dir='ltr'><strong>autem</strong></span> <span class='ocrx_word' id='word_1_185' title='bbox 348 2964 509 3037; x_wconf 83' lang='lat' dir='ltr'><strong>hydropisis</strong></span> <span class='ocrx_word' id='word_1_186' title='bbox 538 2963 689 3020; x_wconf 83' lang='lat' dir='ltr'><strong>avaritiam</strong></span> 
     </span>
     <span class='ocr_line' id='line_1_38' title="bbox 101 3036 688 3109; baseline -0.002 -17"><span class='ocrx_word' id='word_1_187' title='bbox 101 3037 250 3108; x_wconf 90' lang='lat' dir='ltr'><strong>designat,</strong></span> <span class='ocrx_word' id='word_1_188' title='bbox 280 3036 347 3107; x_wconf 88' lang='lat' dir='ltr'><strong>quia</strong></span> <span class='ocrx_word' id='word_1_189' title='bbox 379 3036 551 3109; x_wconf 84' lang='lat' dir='ltr'><strong>hydropicus</strong></span> <span class='ocrx_word' id='word_1_190' title='bbox 583 3040 688 3107; x_wconf 85' lang='lat' dir='ltr'><strong>quanto</strong></span> 
     </span>
     <span class='ocr_line' id='line_1_39' title="bbox 101 3108 690 3179; baseline -0.005 -14"><span class='ocrx_word' id='word_1_191' title='bbox 101 3125 193 3179; x_wconf 85' lang='lat' dir='ltr'><strong>magis</strong></span> <span class='ocrx_word' id='word_1_192' title='bbox 208 3109 333 3165; x_wconf 84' lang='lat' dir='ltr'><strong>abundat</strong></span> <span class='ocrx_word' id='word_1_193' title='bbox 347 3111 464 3165; x_wconf 89' lang='lat' dir='ltr'><strong>humore</strong></span> <span class='ocrx_word' id='word_1_194' title='bbox 475 3108 647 3177; x_wconf 88' lang='lat' dir='ltr'><strong>inordinato,</strong></span> <span class='ocrx_word' id='word_1_195' title='bbox 661 3113 690 3164; x_wconf 91' lang='lat' dir='ltr'><strong>et</strong></span> 
     </span>
     <span class='ocr_line' id='line_1_40' title="bbox 101 3179 688 3263; baseline -0.005 -26"><span class='ocrx_word' id='word_1_196' title='bbox 101 3181 216 3263; x_wconf 83' lang='lat' dir='ltr'><strong>quande</strong></span> <span class='ocrx_word' id='word_1_197' title='bbox 238 3181 298 3250; x_wconf 83' lang='lat' dir='ltr'><strong>plus</strong></span> <span class='ocrx_word' id='word_1_198' title='bbox 322 3180 403 3249; x_wconf 88' lang='lat' dir='ltr'><strong>bibit,</strong></span> <span class='ocrx_word' id='word_1_199' title='bbox 418 3187 497 3238; x_wconf 89' lang='lat' dir='ltr'><strong>tanto</strong></span> <span class='ocrx_word' id='word_1_200' title='bbox 513 3180 634 3251; x_wconf 86' lang='lat' dir='ltr'><strong>amplius</strong></span> <span class='ocrx_word' id='word_1_201' title='bbox 650 3179 688 3235; x_wconf 88' lang='lat' dir='ltr'><strong>si-</strong></span> 
     </span>
     <span class='ocr_line' id='line_1_41' title="bbox 101 3250 690 3325; baseline -0.002 -17"><span class='ocrx_word' id='word_1_202' title='bbox 101 3258 150 3317; x_wconf 72' lang='lat' dir='ltr'><strong>tit:</strong></span> <span class='ocrx_word' id='word_1_203' title='bbox 171 3252 212 3308; x_wconf 93' lang='lat' dir='ltr'><strong>sic</strong></span> <span class='ocrx_word' id='word_1_204' title='bbox 229 3268 342 3320; x_wconf 86' lang='lat' dir='ltr'><strong>avarus,</strong></span> <span class='ocrx_word' id='word_1_205' title='bbox 366 3258 472 3325; x_wconf 90' lang='lat' dir='ltr'><strong>quanto</strong></span> <span class='ocrx_word' id='word_1_206' title='bbox 492 3260 534 3308; x_wconf 86' lang='lat' dir='ltr'><strong>est</strong></span> <span class='ocrx_word' id='word_1_207' title='bbox 549 3250 690 3322; x_wconf 89' lang='lat' dir='ltr'><strong>copiosior</strong></span> 
     </span>
     <span class='ocr_line' id='line_1_42' title="bbox 102 3323 690 3394; baseline -0.007 -12"><span class='ocrx_word' id='word_1_208' title='bbox 102 3325 220 3394; x_wconf 86' lang='lat' dir='ltr'><strong>divitiis,</strong></span> <span class='ocrx_word' id='word_1_209' title='bbox 242 3324 345 3394; x_wconf 85' lang='lat' dir='ltr'><strong>quibus</strong></span> <span class='ocrx_word' id='word_1_210' title='bbox 368 3341 426 3380; x_wconf 88' lang='lat' dir='ltr'><strong>non</strong></span> <span class='ocrx_word' id='word_1_211' title='bbox 450 3326 522 3380; x_wconf 91' lang='lat' dir='ltr'><strong>hene</strong></span> <span class='ocrx_word' id='word_1_212' title='bbox 545 3323 645 3392; x_wconf 92' lang='lat' dir='ltr'><strong>utitur,</strong></span> <span class='ocrx_word' id='word_1_213' title='bbox 662 3330 690 3380; x_wconf 90' lang='lat' dir='ltr'><strong>et</strong></span> 
     </span>
     <span class='ocr_line' id='line_1_43' title="bbox 102 3395 689 3470; baseline -0.009 -15"><span class='ocrx_word' id='word_1_214' title='bbox 102 3413 158 3470; x_wconf 87' lang='lat' dir='ltr'><strong>quo</strong></span> <span class='ocrx_word' id='word_1_215' title='bbox 175 3396 235 3468; x_wconf 91' lang='lat' dir='ltr'><strong>plus</strong></span> <span class='ocrx_word' id='word_1_216' title='bbox 248 3395 361 3452; x_wconf 84' lang='lat' dir='ltr'><strong>divitias</strong></span> <span class='ocrx_word' id='word_1_217' title='bbox 376 3396 496 3467; x_wconf 88' lang='lat' dir='ltr'><strong>adeptus</strong></span> <span class='ocrx_word' id='word_1_218' title='bbox 510 3395 689 3464; x_wconf 87' lang='lat' dir='ltr'><strong>luerit,tanto</strong></span> 
     </span>
     <span class='ocr_line' id='line_1_44' title="bbox 101 3467 690 3540; baseline -0.002 -15"><span class='ocrx_word' id='word_1_219' title='bbox 101 3467 248 3526; x_wconf 84' lang='lat' dir='ltr'><strong>ardentius</strong></span> <span class='ocrx_word' id='word_1_220' title='bbox 276 3484 325 3524; x_wconf 88' lang='lat' dir='ltr'><strong>cus</strong></span> <span class='ocrx_word' id='word_1_221' title='bbox 347 3467 530 3540; x_wconf 88' lang='lat' dir='ltr'><strong>concupiscit,</strong></span> <span class='ocrx_word' id='word_1_222' title='bbox 560 3469 637 3539; x_wconf 88' lang='lat' dir='ltr'><strong>quia,</strong></span> <span class='ocrx_word' id='word_1_223' title='bbox 659 3470 690 3524; x_wconf 91' lang='lat' dir='ltr'><strong>ut</strong></span> 
     </span>
     <span class='ocr_line' id='line_1_45' title="bbox 102 3539 343 3598; baseline -0.008 0"><span class='ocrx_word' id='word_1_224' title='bbox 102 3543 243 3598; x_wconf 84' lang='lat' dir='ltr'><strong>Juoenob&#39;s</strong></span> <span class='ocrx_word' id='word_1_225' title='bbox 255 3539 323 3596; x_wconf 88' lang='lat' dir='ltr'><strong>dicit</strong></span> <span class='ocrx_word' id='word_1_226' title='bbox 336 3556 343 3596; x_wconf 91' lang='lat'>:</span> 
     </span>
    </p>
   </div>
   <div class='ocr_carea' id='block_1_5' title="bbox 139 3649 690 3794">
    <p class='ocr_par' dir='ltr' id='par_1_7' title="bbox 139 3649 690 3794">
     <span class='ocr_line' id='line_1_46' title="bbox 139 3649 690 3721; baseline -0.004 -14"><span class='ocrx_word' id='word_1_227' title='bbox 139 3649 240 3707; x_wconf 80' lang='lat' dir='ltr'><strong>Crescit</strong></span> <span class='ocrx_word' id='word_1_228' title='bbox 254 3664 331 3705; x_wconf 85' lang='lat' dir='ltr'><strong>amer</strong></span> <span class='ocrx_word' id='word_1_229' title='bbox 348 3650 464 3719; x_wconf 77' lang='lat' dir='ltr'><strong>nummi,</strong></span> <span class='ocrx_word' id='word_1_230' title='bbox 479 3652 613 3720; x_wconf 70' lang='lat' dir='ltr'><strong>caeritum</strong></span> <span class='ocrx_word' id='word_1_231' title='bbox 627 3651 690 3721; x_wconf 78' lang='lat' dir='ltr'><strong>ipso</strong></span> 
     </span>
     <span class='ocr_line' id='line_1_47' title="bbox 442 3723 689 3794; baseline 0.012 -16"><span class='ocrx_word' id='word_1_232' title='bbox 442 3723 569 3794; x_wconf 83' lang='lat' dir='ltr'><strong>[pecunie</strong></span> <span class='ocrx_word' id='word_1_233' title='bbox 584 3725 689 3781; x_wconf 81' lang='lat' dir='ltr'><strong>crescit.</strong></span> 
     </span>
    </p>
   </div>
   <div class='ocr_carea' id='block_1_6' title="bbox 102 3825 694 4407">
    <p class='ocr_par' dir='ltr' id='par_1_8' title="bbox 102 3825 694 4407">
     <span class='ocr_line' id='line_1_48' title="bbox 102 3825 690 3911; baseline 0.003 -26"><span class='ocrx_word' id='word_1_234' title='bbox 102 3825 289 3885; x_wconf 84' lang='lat' dir='ltr'><strong>Ferocissima</strong></span> <span class='ocrx_word' id='word_1_235' title='bbox 304 3827 392 3911; x_wconf 87' lang='lat' dir='ltr'><strong>pestis</strong></span> <span class='ocrx_word' id='word_1_236' title='bbox 404 3835 447 3886; x_wconf 89' lang='lat' dir='ltr'><strong>est</strong></span> <span class='ocrx_word' id='word_1_237' title='bbox 459 3829 611 3902; x_wconf 87' lang='lat' dir='ltr'><strong>cupiditas,</strong></span> <span class='ocrx_word' id='word_1_238' title='bbox 626 3846 690 3900; x_wconf 80' lang='lat' dir='ltr'><strong>qum</strong></span> 
     </span>
     <span class='ocr_line' id='line_1_49' title="bbox 103 3902 690 3985; baseline 0 -28"><span class='ocrx_word' id='word_1_239' title='bbox 103 3917 153 3957; x_wconf 87' lang='lat' dir='ltr'><strong>eos</strong></span> <span class='ocrx_word' id='word_1_240' title='bbox 169 3916 239 3971; x_wconf 89' lang='lat' dir='ltr'><strong>quos</strong></span> <span class='ocrx_word' id='word_1_241' title='bbox 255 3908 339 3973; x_wconf 90' lang='lat' dir='ltr'><strong>capit,</strong></span> <span class='ocrx_word' id='word_1_242' title='bbox 357 3919 463 3985; x_wconf 84' lang='lat' dir='ltr'><strong>egenos</strong></span> <span class='ocrx_word' id='word_1_243' title='bbox 480 3903 593 3960; x_wconf 88' lang='lat' dir='ltr'><strong>et&#39;llccrc</strong></span> <span class='ocrx_word' id='word_1_244' title='bbox 607 3902 690 3971; x_wconf 88' lang='lat' dir='ltr'><strong>solet,</strong></span> 
     </span>
     <span class='ocr_line' id='line_1_50' title="bbox 104 3972 689 4045; baseline 0.002 -17"><span class='ocrx_word' id='word_1_245' title='bbox 104 3972 172 4029; x_wconf 93' lang='lat' dir='ltr'><strong>dum</strong></span> <span class='ocrx_word' id='word_1_246' title='bbox 202 3977 285 4029; x_wconf 91' lang='lat' dir='ltr'><strong>tinem</strong></span> <span class='ocrx_word' id='word_1_247' title='bbox 307 3973 468 4045; x_wconf 82' lang='lat' dir='ltr'><strong>inquirendi</strong></span> <span class='ocrx_word' id='word_1_248' title='bbox 489 3973 689 4042; x_wconf 78' lang='lat' dir='ltr'><strong>noninveni13</strong></span> 
     </span>
     <span class='ocr_line' id='line_1_51' title="bbox 104 4045 690 4117; baseline 0 -16"><span class='ocrx_word' id='word_1_249' title='bbox 104 4048 165 4113; x_wconf 88' lang='lat' dir='ltr'><strong>sed,</strong></span> <span class='ocrx_word' id='word_1_250' title='bbox 182 4050 211 4101; x_wconf 93' lang='lat' dir='ltr'><strong>ut</strong></span> <span class='ocrx_word' id='word_1_251' title='bbox 228 4045 317 4117; x_wconf 87' lang='lat' dir='ltr'><strong>magis</strong></span> <span class='ocrx_word' id='word_1_252' title='bbox 335 4062 390 4116; x_wconf 58' lang='lat' dir='ltr'><strong>quui</strong></span> <span class='ocrx_word' id='word_1_253' title='bbox 407 4046 491 4104; x_wconf 85' lang='lat' dir='ltr'><strong>luerit</strong></span> <span class='ocrx_word' id='word_1_254' title='bbox 509 4046 690 4117; x_wconf 84' lang='lat' dir='ltr'><strong>locupletata,</strong></span> 
     </span>
     <span class='ocr_line' id='line_1_52' title="bbox 105 4116 693 4175; baseline 0.002 -2"><span class='ocrx_word' id='word_1_255' title='bbox 105 4116 259 4173; x_wconf 77' lang='lat' dir='ltr'><strong>mendicat.</strong></span> <span class='ocrx_word' id='word_1_256' title='bbox 285 4120 317 4173; x_wconf 82' lang='lat' dir='ltr'><strong>Et</strong></span> <span class='ocrx_word' id='word_1_257' title='bbox 339 4117 392 4174; x_wconf 88' lang='lat' dir='ltr'><strong>iste</strong></span> <span class='ocrx_word' id='word_1_258' title='bbox 416 4135 517 4175; x_wconf 75' lang='lat' dir='ltr'><strong>riveriis</strong></span> <span class='ocrx_word' id='word_1_259' title='bbox 544 4124 599 4175; x_wconf 89' lang='lat' dir='ltr'><strong>stat</strong></span> <span class='ocrx_word' id='word_1_260' title='bbox 627 4125 693 4174; x_wconf 88' lang='lat' dir='ltr'><strong>unte</strong></span> 
     </span>
     <span class='ocr_line' id='line_1_53' title="bbox 104 4191 692 4258; baseline -0.005 -10"><span class='ocrx_word' id='word_1_261' title='bbox 104 4191 212 4258; x_wconf 84' lang='lat' dir='ltr'><strong>Jesiim,</strong></span> <span class='ocrx_word' id='word_1_262' title='bbox 241 4207 305 4247; x_wconf 94' lang='lat' dir='ltr'><strong>cum</strong></span> <span class='ocrx_word' id='word_1_263' title='bbox 330 4191 504 4247; x_wconf 85' lang='lat' dir='ltr'><strong>convertitur</strong></span> <span class='ocrx_word' id='word_1_264' title='bbox 529 4191 565 4247; x_wconf 88' lang='lat' dir='ltr'><strong>ad</strong></span> <span class='ocrx_word' id='word_1_265' title='bbox 593 4191 692 4256; x_wconf 83' lang='lat' dir='ltr'><strong>ileum,</strong></span> 
     </span>
     <span class='ocr_line' id='line_1_54' title="bbox 105 4262 693 4345; baseline 0.002 -29"><span class='ocrx_word' id='word_1_266' title='bbox 105 4269 224 4334; x_wconf 91' lang='lat' dir='ltr'><strong>paratus</strong></span> <span class='ocrx_word' id='word_1_267' title='bbox 243 4263 382 4334; x_wconf 84' lang='lat' dir='ltr'><strong>acquisita</strong></span> <span class='ocrx_word' id='word_1_268' title='bbox 405 4262 570 4345; x_wconf 87' lang='lat' dir='ltr'><strong>dispensare</strong></span> <span class='ocrx_word' id='word_1_269' title='bbox 589 4262 625 4317; x_wconf 92' lang='lat' dir='ltr'><strong>ad</strong></span> <span class='ocrx_word' id='word_1_270' title='bbox 646 4264 693 4318; x_wconf 93' lang='lat' dir='ltr'><strong>ho-</strong></span> 
     </span>
     <span class='ocr_line' id='line_1_55' title="bbox 108 4335 694 4407; baseline 0.003 -19"><span class='ocrx_word' id='word_1_271' title='bbox 108 4349 206 4391; x_wconf 82' lang='lat' dir='ltr'><strong>norem</strong></span> <span class='ocrx_word' id='word_1_272' title='bbox 221 4335 347 4392; x_wconf 83' lang='lat' dir='ltr'><strong>divinum</strong></span> <span class='ocrx_word' id='word_1_273' title='bbox 361 4351 368 4402; x_wconf 87' lang='grc'>;</span> <span class='ocrx_word' id='word_1_274' title='bbox 388 4338 417 4390; x_wconf 93' lang='lat' dir='ltr'><strong>et</strong></span> <span class='ocrx_word' id='word_1_275' title='bbox 435 4350 476 4392; x_wconf 90' lang='lat' dir='ltr'><strong>sie</strong></span> <span class='ocrx_word' id='word_1_276' title='bbox 489 4339 638 4407; x_wconf 89' lang='lat' dir='ltr'><strong>recuperat</strong></span> <span class='ocrx_word' id='word_1_277' title='bbox 653 4350 694 4391; x_wconf 84' lang='lat' dir='ltr'><strong>sa·</strong></span> 
     </span>
    </p>
   </div>
   <div class='ocr_carea' id='block_1_7' title="bbox 740 438 1348 4407">
    <p class='ocr_par' dir='ltr' id='par_1_9' title="bbox 740 438 1333 1304">
     <span class='ocr_line' id='line_1_56' title="bbox 741 438 1331 512; baseline 0.003 -16"><span class='ocrx_word' id='word_1_278' title='bbox 741 440 869 508; x_wconf 91' lang='lat' dir='ltr'><strong>nitatem,</strong></span> <span class='ocrx_word' id='word_1_279' title='bbox 890 439 958 512; x_wconf 87' lang='lat' dir='ltr'><strong>quia</strong></span> <span class='ocrx_word' id='word_1_280' title='bbox 979 438 1015 496; x_wconf 91' lang='lat' dir='ltr'><strong>de</strong></span> <span class='ocrx_word' id='word_1_281' title='bbox 1031 438 1187 512; x_wconf 90' lang='lat' dir='ltr'><strong>cupiditate</strong></span> <span class='ocrx_word' id='word_1_282' title='bbox 1203 444 1331 498; x_wconf 89' lang='lat' dir='ltr'><strong>mutetur</strong></span> 
     </span>
     <span class='ocr_line' id='line_1_57' title="bbox 740 511 1329 577; baseline 0.002 -8"><span class='ocrx_word' id='word_1_283' title='bbox 740 512 769 569; x_wconf 94' lang='lat' dir='ltr'><strong>iii</strong></span> <span class='ocrx_word' id='word_1_284' title='bbox 784 512 983 569; x_wconf 88' lang='lat' dir='ltr'><strong>liberalitatem</strong></span> <span class='ocrx_word' id='word_1_285' title='bbox 995 529 1002 577; x_wconf 89' lang='lat'>;</span> <span class='ocrx_word' id='word_1_286' title='bbox 1021 517 1048 569; x_wconf 89' lang='lat' dir='ltr'><strong>et</strong></span> <span class='ocrx_word' id='word_1_287' title='bbox 1061 511 1126 569; x_wconf 89' lang='lat' dir='ltr'><strong>ideo</strong></span> <span class='ocrx_word' id='word_1_288' title='bbox 1139 519 1205 571; x_wconf 89' lang='lat' dir='ltr'><strong>ante</strong></span> <span class='ocrx_word' id='word_1_289' title='bbox 1223 514 1329 570; x_wconf 89' lang='lat' dir='ltr'><strong>Phari-</strong></span> 
     </span>
     <span class='ocr_line' id='line_1_58' title="bbox 741 583 1330 656; baseline 0.003 -15"><span class='ocrx_word' id='word_1_290' title='bbox 741 602 811 641; x_wconf 73' lang='lat' dir='ltr'><strong>saeos</strong></span> <span class='ocrx_word' id='word_1_291' title='bbox 834 583 1019 656; x_wconf 82' lang='lat' dir='ltr'><strong>hydropicum</strong></span> <span class='ocrx_word' id='word_1_292' title='bbox 1042 592 1133 654; x_wconf 87' lang='lat' dir='ltr'><strong>curat,</strong></span> <span class='ocrx_word' id='word_1_293' title='bbox 1152 590 1182 642; x_wconf 91' lang='lat' dir='ltr'><strong>et</strong></span> <span class='ocrx_word' id='word_1_294' title='bbox 1201 601 1265 643; x_wconf 81' lang='lat' dir='ltr'><strong>mox</strong></span> <span class='ocrx_word' id='word_1_295' title='bbox 1280 600 1330 643; x_wconf 88' lang='lat' dir='ltr'><strong>eos</strong></span> 
     </span>
     <span class='ocr_line' id='line_1_59' title="bbox 741 655 1331 730; baseline 0.003 -17"><span class='ocrx_word' id='word_1_296' title='bbox 741 673 792 730; x_wconf 90' lang='lat' dir='ltr'><strong>per</strong></span> <span class='ocrx_word' id='word_1_297' title='bbox 806 656 964 728; x_wconf 78' lang='lat' dir='ltr'><strong>exemplum</strong></span> <span class='ocrx_word' id='word_1_298' title='bbox 978 655 1110 713; x_wconf 90' lang='lat' dir='ltr'><strong>animalis</strong></span> <span class='ocrx_word' id='word_1_299' title='bbox 1119 656 1195 714; x_wconf 90' lang='lat' dir='ltr'><strong>bruti</strong></span> <span class='ocrx_word' id='word_1_300' title='bbox 1209 657 1249 715; x_wconf 92' lang='lat' dir='ltr'><strong>sic</strong></span> <span class='ocrx_word' id='word_1_301' title='bbox 1264 672 1331 715; x_wconf 91' lang='lat' dir='ltr'><strong>con·</strong></span> 
     </span>
     <span class='ocr_line' id='line_1_60' title="bbox 741 728 1330 797; baseline 0.002 -12"><span class='ocrx_word' id='word_1_302' title='bbox 741 729 837 797; x_wconf 91' lang='lat' dir='ltr'><strong>vincit,</strong></span> <span class='ocrx_word' id='word_1_303' title='bbox 851 735 883 784; x_wconf 92' lang='lat' dir='ltr'><strong>ut</strong></span> <span class='ocrx_word' id='word_1_304' title='bbox 893 729 1008 785; x_wconf 90' lang='lat' dir='ltr'><strong>eosdem</strong></span> <span class='ocrx_word' id='word_1_305' title='bbox 1021 728 1107 785; x_wconf 90' lang='lat' dir='ltr'><strong>etiam</strong></span> <span class='ocrx_word' id='word_1_306' title='bbox 1122 729 1251 786; x_wconf 75' lang='lat' dir='ltr'><strong>avaritia</strong></span> <span class='ocrx_word' id='word_1_307' title='bbox 1265 745 1330 786; x_wconf 90' lang='lat' dir='ltr'><strong>con·</strong></span> 
     </span>
     <span class='ocr_line' id='line_1_61' title="bbox 742 801 1331 883; baseline 0 -25"><span class='ocrx_word' id='word_1_308' title='bbox 742 802 868 858; x_wconf 88' lang='lat' dir='ltr'><strong>demnct.</strong></span> <span class='ocrx_word' id='word_1_309' title='bbox 892 832 927 841; x_wconf 92' lang='lat'><em>-</em></span> <span class='ocrx_word' id='word_1_310' title='bbox 953 802 1139 883; x_wconf 79' lang='lat' dir='ltr'><strong>comparatur</strong></span> <span class='ocrx_word' id='word_1_311' title='bbox 1165 801 1252 858; x_wconf 85' lang='lat' dir='ltr'><strong>etiam</strong></span> <span class='ocrx_word' id='word_1_312' title='bbox 1276 801 1331 874; x_wconf 82' lang='lat' dir='ltr'><strong>hy·</strong></span> 
     </span>
     <span class='ocr_line' id='line_1_62' title="bbox 744 871 1332 946; baseline 0.002 -17"><span class='ocrx_word' id='word_1_313' title='bbox 744 873 876 945; x_wconf 83' lang='lat' dir='ltr'><strong>dropicus</strong></span> <span class='ocrx_word' id='word_1_314' title='bbox 894 871 1079 944; x_wconf 82' lang='lat' dir='ltr'><strong>spiritualiter</strong></span> <span class='ocrx_word' id='word_1_315' title='bbox 1095 872 1121 930; x_wconf 92' lang='lat' dir='ltr'><strong>ei</strong></span> <span class='ocrx_word' id='word_1_316' title='bbox 1136 889 1222 946; x_wconf 85' lang='lat' dir='ltr'><strong>quem</strong></span> <span class='ocrx_word' id='word_1_317' title='bbox 1240 875 1332 930; x_wconf 81' lang='lat' dir='ltr'><strong>huius</strong></span> 
     </span>
     <span class='ocr_line' id='line_1_63' title="bbox 743 943 1333 1017; baseline 0.003 -16"><span class='ocrx_word' id='word_1_318' title='bbox 743 944 900 1002; x_wconf 88' lang='lat' dir='ltr'><strong>carnalium</strong></span> <span class='ocrx_word' id='word_1_319' title='bbox 915 943 1091 1016; x_wconf 85' lang='lat' dir='ltr'><strong>voluptatum</strong></span> <span class='ocrx_word' id='word_1_320' title='bbox 1105 946 1262 1003; x_wconf 83' lang='lat' dir='ltr'><strong>exuberans</strong></span> <span class='ocrx_word' id='word_1_321' title='bbox 1279 961 1333 1017; x_wconf 83' lang='lat' dir='ltr'><strong>eg·</strong></span> 
     </span>
     <span class='ocr_line' id='line_1_64' title="bbox 744 1018 1332 1090; baseline 0.002 -18"><span class='ocrx_word' id='word_1_322' title='bbox 744 1024 853 1090; x_wconf 84' lang='lat' dir='ltr'><strong>gravat.</strong></span> <span class='ocrx_word' id='word_1_323' title='bbox 871 1018 920 1072; x_wconf 79' lang='lat' dir='ltr'><strong>Has</strong></span> <span class='ocrx_word' id='word_1_324' title='bbox 936 1020 1008 1072; x_wconf 86' lang='lat' dir='ltr'><strong>enim</strong></span> <span class='ocrx_word' id='word_1_325' title='bbox 1022 1022 1086 1073; x_wconf 86' lang='lat' dir='ltr'><strong>sunt</strong></span> <span class='ocrx_word' id='word_1_326' title='bbox 1100 1018 1161 1074; x_wconf 77' lang='lat' dir='ltr'><strong>due</strong></span> <span class='ocrx_word' id='word_1_327' title='bbox 1179 1020 1243 1089; x_wconf 73' lang='lat' dir='ltr'><strong>tilia</strong></span> <span class='ocrx_word' id='word_1_328' title='bbox 1261 1025 1332 1074; x_wconf 85' lang='lat' dir='ltr'><strong>sen-</strong></span> 
     </span>
     <span class='ocr_line' id='line_1_65' title="bbox 744 1090 1332 1172; baseline 0.003 -28"><span class='ocrx_word' id='word_1_329' title='bbox 744 1090 1332 1172; x_wconf 58' lang='lat' dir='ltr'><strong>paistipae.ouasemperdieunt:lapsant-</strong></span> 
     </span>
     <span class='ocr_line' id='line_1_66' title="bbox 743 1160 1332 1234; baseline 0.005 -18"><span class='ocrx_word' id='word_1_330' title='bbox 743 1163 802 1230; x_wconf 72' lang='lat' dir='ltr'><strong>fe,-</strong></span> <span class='ocrx_word' id='word_1_331' title='bbox 818 1160 925 1217; x_wconf 89' lang='lat' dir='ltr'><strong>scilicet</strong></span> <span class='ocrx_word' id='word_1_332' title='bbox 936 1176 1030 1217; x_wconf 88' lang='lat' dir='ltr'><strong>carnis</strong></span> <span class='ocrx_word' id='word_1_333' title='bbox 1043 1161 1181 1234; x_wconf 81' lang='lat' dir='ltr'><strong>voluptas,</strong></span> <span class='ocrx_word' id='word_1_334' title='bbox 1193 1167 1222 1219; x_wconf 87' lang='lat' dir='ltr'><strong>et</strong></span> <span class='ocrx_word' id='word_1_335' title='bbox 1235 1160 1332 1220; x_wconf 82' lang='lat' dir='ltr'><strong>everi·</strong></span> 
     </span>
     <span class='ocr_line' id='line_1_67' title="bbox 743 1231 958 1304; baseline -0.009 -14"><span class='ocrx_word' id='word_1_336' title='bbox 743 1233 792 1291; x_wconf 81' lang='lat' dir='ltr'><strong>tie</strong></span> <span class='ocrx_word' id='word_1_337' title='bbox 807 1231 958 1304; x_wconf 88' lang='lat' dir='ltr'><strong>cupiditas.</strong></span> 
     </span>
    </p>

    <p class='ocr_par' dir='ltr' id='par_1_10' title="bbox 743 1306 1348 4407">
     <span class='ocr_line' id='line_1_68' title="bbox 779 1306 1333 1374; baseline 0.002 -12"><span class='ocrx_word' id='word_1_338' title='bbox 779 1311 796 1362; x_wconf 87' lang='grc'><strong>6</strong></span> <span class='ocrx_word' id='word_1_339' title='bbox 811 1307 876 1361; x_wconf 80' lang='lat' dir='ltr'><strong>licii</strong></span> <span class='ocrx_word' id='word_1_340' title='bbox 891 1320 1051 1374; x_wconf 81' lang='lat' dir='ltr'><strong>surranum,</strong></span> <span class='ocrx_word' id='word_1_341' title='bbox 1067 1320 1138 1362; x_wconf 85' lang='lat' dir='ltr'><strong>uses</strong></span> <span class='ocrx_word' id='word_1_342' title='bbox 1152 1306 1276 1363; x_wconf 78' lang='lat' dir='ltr'><strong>Dosiuus</strong></span> <span class='ocrx_word' id='word_1_343' title='bbox 1291 1320 1333 1363; x_wconf 85' lang='lat' dir='ltr'><strong>iii·</strong></span> 
     </span>
     <span class='ocr_line' id='line_1_69' title="bbox 744 1393 1348 1435; baseline 0.003 -3"><span class='ocrx_word' id='word_1_344' title='bbox 744 1394 856 1433; x_wconf 84' lang='lat' dir='ltr'><strong>virires</strong></span> <span class='ocrx_word' id='word_1_345' title='bbox 871 1394 905 1433; x_wconf 83' lang='lat' dir='ltr'><strong>ie</strong></span> <span class='ocrx_word' id='word_1_346' title='bbox 931 1393 1113 1434; x_wconf 81' lang='lat' dir='ltr'><strong>nusinirirsii</strong></span> <span class='ocrx_word' id='word_1_347' title='bbox 1130 1394 1282 1435; x_wconf 82' lang='lat' dir='ltr'><strong>soirsrnii.</strong></span> <span class='ocrx_word' id='word_1_348' title='bbox 1297 1394 1348 1421; x_wconf 88' lang='lat'><strong>-·</strong></span> 
     </span>
     <span class='ocr_line' id='line_1_70' title="bbox 744 1448 1333 1523; baseline 0 -17"><span class='ocrx_word' id='word_1_349' title='bbox 744 1449 879 1520; x_wconf 87' lang='lat' dir='ltr'><strong>Designat</strong></span> <span class='ocrx_word' id='word_1_350' title='bbox 892 1465 1006 1520; x_wconf 82' lang='lat' dir='ltr'><strong>quoque</strong></span> <span class='ocrx_word' id='word_1_351' title='bbox 1025 1449 1186 1522; x_wconf 83' lang='lat' dir='ltr'><strong>hydropisis</strong></span> <span class='ocrx_word' id='word_1_352' title='bbox 1201 1448 1333 1523; x_wconf 90' lang='lat' dir='ltr'><strong>speciali·</strong></span> 
     </span>
     <span class='ocr_line' id='line_1_71' title="bbox 743 1520 1332 1604; baseline 0.002 -27"><span class='ocrx_word' id='word_1_353' title='bbox 743 1526 788 1578; x_wconf 89' lang='lat' dir='ltr'><strong>ter</strong></span> <span class='ocrx_word' id='word_1_354' title='bbox 802 1520 975 1592; x_wconf 88' lang='lat' dir='ltr'><strong>superbiam,</strong></span> <span class='ocrx_word' id='word_1_355' title='bbox 994 1522 1070 1593; x_wconf 88' lang='lat' dir='ltr'><strong>quia,</strong></span> <span class='ocrx_word' id='word_1_356' title='bbox 1087 1520 1159 1578; x_wconf 92' lang='lat' dir='ltr'><strong>sicut</strong></span> <span class='ocrx_word' id='word_1_357' title='bbox 1177 1523 1206 1577; x_wconf 86' lang='lat' dir='ltr'><strong>in</strong></span> <span class='ocrx_word' id='word_1_358' title='bbox 1222 1521 1332 1604; x_wconf 70' lang='lat' dir='ltr'><strong>hydre-</strong></span> 
     </span>
     <span class='ocr_line' id='line_1_72' title="bbox 744 1591 1332 1666; baseline 0.002 -18"><span class='ocrx_word' id='word_1_359' title='bbox 744 1592 804 1662; x_wconf 92' lang='lat' dir='ltr'><strong>pico</strong></span> <span class='ocrx_word' id='word_1_360' title='bbox 822 1598 884 1649; x_wconf 90' lang='lat' dir='ltr'><strong>crat</strong></span> <span class='ocrx_word' id='word_1_361' title='bbox 895 1591 1332 1666; x_wconf 75' lang='lat' dir='ltr'><strong>turgenscorporisintlatio,sic</strong></span> 
     </span>
     <span class='ocr_line' id='line_1_73' title="bbox 743 1663 1330 1737; baseline -0.002 -15"><span class='ocrx_word' id='word_1_362' title='bbox 743 1664 773 1722; x_wconf 93' lang='lat' dir='ltr'><strong>in</strong></span> <span class='ocrx_word' id='word_1_363' title='bbox 788 1665 911 1737; x_wconf 90' lang='lat' dir='ltr'><strong>superbo</strong></span> <span class='ocrx_word' id='word_1_364' title='bbox 927 1668 970 1721; x_wconf 92' lang='lat' dir='ltr'><strong>est</strong></span> <span class='ocrx_word' id='word_1_365' title='bbox 984 1672 1097 1723; x_wconf 90' lang='lat' dir='ltr'><strong>tumens</strong></span> <span class='ocrx_word' id='word_1_366' title='bbox 1110 1664 1214 1723; x_wconf 89' lang='lat' dir='ltr'><strong>mentis</strong></span> <span class='ocrx_word' id='word_1_367' title='bbox 1227 1663 1330 1735; x_wconf 81' lang='lat' dir='ltr'><strong>elati03</strong></span> 
     </span>
     <span class='ocr_line' id='line_1_74' title="bbox 743 1736 1333 1811; baseline -0.002 -16"><span class='ocrx_word' id='word_1_368' title='bbox 743 1741 772 1795; x_wconf 92' lang='lat' dir='ltr'><strong>et</strong></span> <span class='ocrx_word' id='word_1_369' title='bbox 803 1739 867 1793; x_wconf 90' lang='lat' dir='ltr'><strong>ideo</strong></span> <span class='ocrx_word' id='word_1_370' title='bbox 893 1752 990 1794; x_wconf 91' lang='lat' dir='ltr'><strong>coram</strong></span> <span class='ocrx_word' id='word_1_371' title='bbox 1021 1738 1152 1811; x_wconf 87' lang='lat' dir='ltr'><strong>superbis</strong></span> <span class='ocrx_word' id='word_1_372' title='bbox 1180 1736 1333 1795; x_wconf 78' lang='lat' dir='ltr'><strong>Pharisais</strong></span> 
     </span>
     <span class='ocr_line' id='line_1_75' title="bbox 744 1808 1333 1883; baseline -0.002 -16"><span class='ocrx_word' id='word_1_373' title='bbox 744 1815 824 1867; x_wconf 89' lang='lat' dir='ltr'><strong>curat</strong></span> <span class='ocrx_word' id='word_1_374' title='bbox 834 1808 1019 1880; x_wconf 71' lang='lat' dir='ltr'><strong>hi&#39;dropicum</strong></span> <span class='ocrx_word' id='word_1_375' title='bbox 1029 1809 1226 1883; x_wconf 88' lang='lat' dir='ltr'><strong>corporaliter,</strong></span> <span class='ocrx_word' id='word_1_376' title='bbox 1235 1814 1267 1867; x_wconf 93' lang='lat' dir='ltr'><strong>ut</strong></span> <span class='ocrx_word' id='word_1_377' title='bbox 1278 1810 1333 1866; x_wconf 91' lang='lat' dir='ltr'><strong>hec</strong></span> 
     </span>
     <span class='ocr_line' id='line_1_76' title="bbox 744 1879 1332 1955; baseline -0.002 -16"><span class='ocrx_word' id='word_1_378' title='bbox 744 1882 872 1953; x_wconf 79' lang='lat' dir='ltr'><strong>exemplo</strong></span> <span class='ocrx_word' id='word_1_379' title='bbox 888 1879 941 1951; x_wconf 91' lang='lat' dir='ltr'><strong>ipsi</strong></span> <span class='ocrx_word' id='word_1_380' title='bbox 955 1880 1064 1938; x_wconf 87' lang='lat' dir='ltr'><strong>discant</strong></span> <span class='ocrx_word' id='word_1_381' title='bbox 1079 1883 1172 1938; x_wconf 89' lang='lat' dir='ltr'><strong>curari</strong></span> <span class='ocrx_word' id='word_1_382' title='bbox 1191 1880 1332 1955; x_wconf 86' lang='lat' dir='ltr'><strong>spiritua·</strong></span> 
     </span>
     <span class='ocr_line' id='line_1_77' title="bbox 744 1951 1332 2023; baseline -0.003 -13"><span class='ocrx_word' id='word_1_383' title='bbox 744 1953 819 2019; x_wconf 90' lang='lat' dir='ltr'><strong>liter,</strong></span> <span class='ocrx_word' id='word_1_384' title='bbox 836 1959 864 2009; x_wconf 93' lang='lat' dir='ltr'><strong>et</strong></span> <span class='ocrx_word' id='word_1_385' title='bbox 887 1967 938 2023; x_wconf 90' lang='lat' dir='ltr'><strong>per</strong></span> <span class='ocrx_word' id='word_1_386' title='bbox 959 1951 1040 2012; x_wconf 90' lang='lat' dir='ltr'><strong>istius</strong></span> <span class='ocrx_word' id='word_1_387' title='bbox 1054 1952 1253 2017; x_wconf 70' lang='lat' dir='ltr'><strong>egritudinem</strong></span> <span class='ocrx_word' id='word_1_388' title='bbox 1267 1968 1332 2010; x_wconf 90' lang='lat' dir='ltr'><strong>cor-</strong></span> 
     </span>
     <span class='ocr_line' id='line_1_78' title="bbox 744 2023 1333 2098; baseline 0.005 -21"><span class='ocrx_word' id='word_1_389' title='bbox 744 2025 831 2098; x_wconf 77' lang='lat' dir='ltr'><strong>poris,</strong></span> <span class='ocrx_word' id='word_1_390' title='bbox 857 2023 981 2079; x_wconf 90' lang='lat' dir='ltr'><strong>ostendit</strong></span> <span class='ocrx_word' id='word_1_391' title='bbox 1004 2025 1035 2082; x_wconf 91' lang='lat' dir='ltr'><strong>in</strong></span> <span class='ocrx_word' id='word_1_392' title='bbox 1056 2025 1113 2082; x_wconf 90' lang='lat' dir='ltr'><strong>illis</strong></span> <span class='ocrx_word' id='word_1_393' title='bbox 1134 2024 1333 2096; x_wconf 78' lang='lat' dir='ltr'><strong>egritudinem</strong></span> 
     </span>
     <span class='ocr_line' id='line_1_79' title="bbox 745 2094 1332 2225; baseline 0 -71"><span class='ocrx_word' id='word_1_394' title='bbox 745 2095 870 2154; x_wconf 90' lang='lat' dir='ltr'><strong>mentis:</strong></span> <span class='ocrx_word' id='word_1_395' title='bbox 891 2096 966 2166; x_wconf 85' lang='lat' dir='ltr'><strong>quod</strong></span> <span class='ocrx_word' id='word_1_396' title='bbox 983 2097 1057 2154; x_wconf 90' lang='lat' dir='ltr'><strong>enim</strong></span> <span class='ocrx_word' id='word_1_397' title='bbox 1077 2098 1131 2156; x_wconf 91' lang='lat' dir='ltr'><strong>iste</strong></span> <span class='ocrx_word' id='word_1_398' title='bbox 1152 2094 1184 2154; x_wconf 91' lang='lat' dir='ltr'><strong>iii</strong></span> <span class='ocrx_word' id='word_1_399' title='bbox 1202 2111 1332 2225; x_wconf 53' lang='grc' dir='ltr'>οοῖΓοιθ,</span> 
     </span>
     <span class='ocr_line' id='line_1_80' title="bbox 744 2166 1335 2238; baseline -0.003 -11"><span class='ocrx_word' id='word_1_400' title='bbox 744 2170 798 2227; x_wconf 93' lang='lat' dir='ltr'><strong>hoc</strong></span> <span class='ocrx_word' id='word_1_401' title='bbox 814 2166 854 2224; x_wconf 91' lang='lat' dir='ltr'><strong>illi</strong></span> <span class='ocrx_word' id='word_1_402' title='bbox 869 2170 1019 2238; x_wconf 86' lang='lat' dir='ltr'><strong>gestabant</strong></span> <span class='ocrx_word' id='word_1_403' title='bbox 1032 2171 1061 2226; x_wconf 93' lang='lat' dir='ltr'><strong>iii</strong></span> <span class='ocrx_word' id='word_1_404' title='bbox 1076 2175 1180 2227; x_wconf 90' lang='lat' dir='ltr'><strong>mente.</strong></span> <span class='ocrx_word' id='word_1_405' title='bbox 1197 2170 1239 2227; x_wconf 90' lang='lat' dir='ltr'><strong>Uri</strong></span> <span class='ocrx_word' id='word_1_406' title='bbox 1262 2169 1335 2226; x_wconf 86' lang='lat' dir='ltr'><strong>eiii·</strong></span> 
     </span>
     <span class='ocr_line' id='line_1_81' title="bbox 744 2240 1335 2315; baseline 0 -17"><span class='ocrx_word' id='word_1_407' title='bbox 744 2242 865 2298; x_wconf 86' lang='lat' dir='ltr'><strong>tendens</strong></span> <span class='ocrx_word' id='word_1_408' title='bbox 885 2242 1027 2310; x_wconf 80' lang='lat' dir='ltr'><strong>quomodo</strong></span> <span class='ocrx_word' id='word_1_409' title='bbox 1046 2241 1154 2315; x_wconf 90' lang='lat' dir='ltr'><strong>primos</strong></span> <span class='ocrx_word' id='word_1_410' title='bbox 1177 2240 1335 2312; x_wconf 90' lang='lat' dir='ltr'><strong>accubitus,</strong></span> 
     </span>
     <span class='ocr_line' id='line_1_82' title="bbox 745 2311 1335 2382; baseline -0.002 -11"><span class='ocrx_word' id='word_1_411' title='bbox 745 2313 774 2371; x_wconf 91' lang='lat' dir='ltr'><strong>id</strong></span> <span class='ocrx_word' id='word_1_412' title='bbox 790 2319 833 2370; x_wconf 88' lang='lat' dir='ltr'><strong>est</strong></span> <span class='ocrx_word' id='word_1_413' title='bbox 849 2311 954 2382; x_wconf 91' lang='lat' dir='ltr'><strong>primas</strong></span> <span class='ocrx_word' id='word_1_414' title='bbox 967 2319 995 2371; x_wconf 91' lang='lat' dir='ltr'><strong>et</strong></span> <span class='ocrx_word' id='word_1_415' title='bbox 1009 2313 1236 2372; x_wconf 89' lang='lat' dir='ltr'><strong>honorabiliores</strong></span> <span class='ocrx_word' id='word_1_416' title='bbox 1251 2313 1335 2371; x_wconf 91' lang='lat' dir='ltr'><strong>sedes</strong></span> 
     </span>
     <span class='ocr_line' id='line_1_83' title="bbox 746 2384 1335 2460; baseline -0.003 -17"><span class='ocrx_word' id='word_1_417' title='bbox 746 2388 775 2443; x_wconf 92' lang='lat' dir='ltr'><strong>iii</strong></span> <span class='ocrx_word' id='word_1_418' title='bbox 805 2384 941 2442; x_wconf 86' lang='lat' dir='ltr'><strong>coiiiiviis</strong></span> <span class='ocrx_word' id='word_1_419' title='bbox 977 2385 1152 2444; x_wconf 84' lang='lat' dir='ltr'><strong>solemnibus</strong></span> <span class='ocrx_word' id='word_1_420' title='bbox 1183 2385 1335 2460; x_wconf 88' lang='lat' dir='ltr'><strong>eligerent,</strong></span> 
     </span>
     <span class='ocr_line' id='line_1_84' title="bbox 746 2458 1333 2531; baseline 0 -16"><span class='ocrx_word' id='word_1_421' title='bbox 746 2460 882 2515; x_wconf 88' lang='lat' dir='ltr'><strong>hortatur·</strong></span> <span class='ocrx_word' id='word_1_422' title='bbox 892 2474 941 2515; x_wconf 90' lang='lat' dir='ltr'><strong>eos</strong></span> <span class='ocrx_word' id='word_1_423' title='bbox 956 2459 992 2514; x_wconf 90' lang='lat' dir='ltr'><strong>ad</strong></span> <span class='ocrx_word' id='word_1_424' title='bbox 1008 2458 1206 2528; x_wconf 90' lang='lat' dir='ltr'><strong>humilitatem,</strong></span> <span class='ocrx_word' id='word_1_425' title='bbox 1227 2474 1333 2531; x_wconf 92' lang='lat' dir='ltr'><strong>prope·</strong></span> 
     </span>
     <span class='ocr_line' id='line_1_85' title="bbox 747 2526 1335 2612; baseline -0.003 -25"><span class='ocrx_word' id='word_1_426' title='bbox 747 2546 817 2587; x_wconf 90' lang='lat' dir='ltr'><strong>nens</strong></span> <span class='ocrx_word' id='word_1_427' title='bbox 832 2531 991 2612; x_wconf 85' lang='lat' dir='ltr'><strong>exemplum</strong></span> <span class='ocrx_word' id='word_1_428' title='bbox 1009 2529 1094 2588; x_wconf 91' lang='lat' dir='ltr'><strong>unius</strong></span> <span class='ocrx_word' id='word_1_429' title='bbox 1111 2526 1207 2603; x_wconf 90' lang='lat' dir='ltr'><strong>operis</strong></span> <span class='ocrx_word' id='word_1_430' title='bbox 1220 2528 1335 2588; x_wconf 93' lang='lat' dir='ltr'><strong>humili·</strong></span> 
     </span>
     <span class='ocr_line' id='line_1_86' title="bbox 747 2601 1336 2673; baseline -0.003 -14"><span class='ocrx_word' id='word_1_431' title='bbox 747 2608 791 2659; x_wconf 88' lang='lat' dir='ltr'><strong>ter</strong></span> <span class='ocrx_word' id='word_1_432' title='bbox 805 2601 937 2667; x_wconf 80' lang='lat' dir='ltr'><strong>faciendi,</strong></span> <span class='ocrx_word' id='word_1_433' title='bbox 953 2601 1002 2657; x_wconf 92' lang='lat' dir='ltr'><strong>ubi</strong></span> <span class='ocrx_word' id='word_1_434' title='bbox 1022 2602 1075 2658; x_wconf 91' lang='lat' dir='ltr'><strong>loci</strong></span> <span class='ocrx_word' id='word_1_435' title='bbox 1091 2601 1336 2673; x_wconf 84' lang='lat' dir='ltr'><strong>superiorisarce·</strong></span> 
     </span>
     <span class='ocr_line' id='line_1_87' title="bbox 747 2671 1336 2750; baseline -0.002 -20"><span class='ocrx_word' id='word_1_436' title='bbox 747 2681 793 2731; x_wconf 92' lang='lat' dir='ltr'><strong>tur</strong></span> <span class='ocrx_word' id='word_1_437' title='bbox 815 2672 988 2750; x_wconf 85' lang='lat' dir='ltr'><strong>appetentia,</strong></span> <span class='ocrx_word' id='word_1_438' title='bbox 1008 2678 1041 2730; x_wconf 94' lang='lat' dir='ltr'><strong>ut</strong></span> <span class='ocrx_word' id='word_1_439' title='bbox 1059 2675 1096 2731; x_wconf 91' lang='lat' dir='ltr'><strong>ad</strong></span> <span class='ocrx_word' id='word_1_440' title='bbox 1121 2671 1336 2731; x_wconf 88' lang='lat' dir='ltr'><strong>similitudinem</strong></span> 
     </span>
     <span class='ocr_line' id='line_1_88' title="bbox 746 2744 1337 2818; baseline 0.002 -16"><span class='ocrx_word' id='word_1_441' title='bbox 746 2748 809 2818; x_wconf 80' lang='lat' dir='ltr'><strong>ejus</strong></span> <span class='ocrx_word' id='word_1_442' title='bbox 821 2746 892 2807; x_wconf 88' lang='lat' dir='ltr'><strong>tlant</strong></span> <span class='ocrx_word' id='word_1_443' title='bbox 902 2751 1013 2816; x_wconf 68' lang='lat' dir='ltr'><strong>cetera,</strong></span> <span class='ocrx_word' id='word_1_444' title='bbox 1029 2751 1057 2803; x_wconf 90' lang='lat' dir='ltr'><strong>et</strong></span> <span class='ocrx_word' id='word_1_445' title='bbox 1071 2747 1178 2804; x_wconf 87' lang='lat' dir='ltr'><strong>doceas</strong></span> <span class='ocrx_word' id='word_1_446' title='bbox 1193 2744 1337 2804; x_wconf 86' lang='lat' dir='ltr'><strong>bumilita-</strong></span> 
     </span>
     <span class='ocr_line' id='line_1_89' title="bbox 747 2817 1335 2891; baseline 0 -15"><span class='ocrx_word' id='word_1_447' title='bbox 747 2825 804 2876; x_wconf 92' lang='lat' dir='ltr'><strong>tem</strong></span> <span class='ocrx_word' id='word_1_448' title='bbox 818 2835 873 2878; x_wconf 91' lang='lat' dir='ltr'><strong>non</strong></span> <span class='ocrx_word' id='word_1_449' title='bbox 891 2819 1067 2891; x_wconf 90' lang='lat' dir='ltr'><strong>solumapud</strong></span> <span class='ocrx_word' id='word_1_450' title='bbox 1083 2817 1335 2882; x_wconf 84' lang='lat' dir='ltr'><strong>Deumsedetiatn</strong></span> 
     </span>
     <span class='ocr_line' id='line_1_90' title="bbox 746 2889 1337 2963; baseline -0.002 -15"><span class='ocrx_word' id='word_1_451' title='bbox 746 2891 821 2963; x_wconf 84' lang='lat' dir='ltr'><strong>apud</strong></span> <span class='ocrx_word' id='word_1_452' title='bbox 846 2893 977 2951; x_wconf 89' lang='lat' dir='ltr'><strong>homines</strong></span> <span class='ocrx_word' id='word_1_453' title='bbox 993 2909 1054 2949; x_wconf 89' lang='lat' dir='ltr'><strong>esse</strong></span> <span class='ocrx_word' id='word_1_454' title='bbox 1075 2889 1258 2949; x_wconf 88' lang='lat' dir='ltr'><strong>laudabilem.</strong></span> <span class='ocrx_word' id='word_1_455' title='bbox 1275 2891 1337 2948; x_wconf 89' lang='lat' dir='ltr'><strong>Non</strong></span> 
     </span>
     <span class='ocr_line' id='line_1_91' title="bbox 746 2963 1336 3037; baseline -0.003 -15"><span class='ocrx_word' id='word_1_456' title='bbox 746 2964 822 3022; x_wconf 86' lang='lat' dir='ltr'><strong>enim</strong></span> <span class='ocrx_word' id='word_1_457' title='bbox 838 2965 1004 3024; x_wconf 90' lang='lat' dir='ltr'><strong>intendebat</strong></span> <span class='ocrx_word' id='word_1_458' title='bbox 1023 2963 1219 3037; x_wconf 89' lang='lat' dir='ltr'><strong>principaliter</strong></span> <span class='ocrx_word' id='word_1_459' title='bbox 1233 2964 1336 3020; x_wconf 89' lang='lat' dir='ltr'><strong>docere</strong></span> 
     </span>
     <span class='ocr_line' id='line_1_92' title="bbox 746 3036 1336 3109; baseline 0 -16"><span class='ocrx_word' id='word_1_460' title='bbox 746 3038 822 3109; x_wconf 89' lang='lat' dir='ltr'><strong>quod</strong></span> <span class='ocrx_word' id='word_1_461' title='bbox 835 3038 880 3095; x_wconf 90' lang='lat' dir='ltr'><strong>hic</strong></span> <span class='ocrx_word' id='word_1_462' title='bbox 893 3037 997 3095; x_wconf 90' lang='lat' dir='ltr'><strong>dicitur</strong></span> <span class='ocrx_word' id='word_1_463' title='bbox 1011 3039 1047 3094; x_wconf 88' lang='lat' dir='ltr'><strong>ad</strong></span> <span class='ocrx_word' id='word_1_464' title='bbox 1062 3036 1198 3103; x_wconf 84' lang='lat' dir='ltr'><strong>litteram.</strong></span> <span class='ocrx_word' id='word_1_465' title='bbox 1210 3036 1260 3094; x_wconf 89' lang='lat' dir='ltr'><strong>sed</strong></span> <span class='ocrx_word' id='word_1_466' title='bbox 1277 3050 1336 3108; x_wconf 82' lang='lat' dir='ltr'><strong>my·</strong></span> 
     </span>
     <span class='ocr_line' id='line_1_93' title="bbox 746 3107 1335 3181; baseline -0.003 -15"><span class='ocrx_word' id='word_1_467' title='bbox 746 3108 817 3166; x_wconf 89' lang='lat' dir='ltr'><strong>stice</strong></span> <span class='ocrx_word' id='word_1_468' title='bbox 831 3111 908 3168; x_wconf 91' lang='lat' dir='ltr'><strong>aliud</strong></span> <span class='ocrx_word' id='word_1_469' title='bbox 921 3110 1098 3176; x_wconf 82' lang='lat' dir='ltr'><strong>intendebat,</strong></span> <span class='ocrx_word' id='word_1_470' title='bbox 1111 3110 1267 3167; x_wconf 91' lang='lat' dir='ltr'><strong>secundum</strong></span> <span class='ocrx_word' id='word_1_471' title='bbox 1281 3107 1335 3181; x_wconf 90' lang='lat' dir='ltr'><strong>spi·</strong></span> 
     </span>
     <span class='ocr_line' id='line_1_94' title="bbox 746 3181 1335 3253; baseline -0.002 -15"><span class='ocrx_word' id='word_1_472' title='bbox 746 3182 878 3240; x_wconf 89' lang='lat' dir='ltr'><strong>ritualem</strong></span> <span class='ocrx_word' id='word_1_473' title='bbox 900 3181 1128 3253; x_wconf 84' lang='lat' dir='ltr'><strong>intelligentiam.</strong></span> <span class='ocrx_word' id='word_1_474' title='bbox 1151 3184 1246 3239; x_wconf 89' lang='lat' dir='ltr'><strong>blonet</strong></span> <span class='ocrx_word' id='word_1_475' title='bbox 1266 3195 1335 3252; x_wconf 88' lang='lat' dir='ltr'><strong>erge</strong></span> 
     </span>
     <span class='ocr_line' id='line_1_95' title="bbox 746 3252 1334 3338; baseline -0.002 -29"><span class='ocrx_word' id='word_1_476' title='bbox 746 3252 879 3311; x_wconf 87' lang='lat' dir='ltr'><strong>invitatos</strong></span> <span class='ocrx_word' id='word_1_477' title='bbox 891 3254 928 3311; x_wconf 89' lang='lat' dir='ltr'><strong>ad</strong></span> <span class='ocrx_word' id='word_1_478' title='bbox 943 3252 1066 3338; x_wconf 89' lang='lat' dir='ltr'><strong>nuptias,</strong></span> <span class='ocrx_word' id='word_1_479' title='bbox 1080 3260 1177 3312; x_wconf 91' lang='lat' dir='ltr'><strong>utnon</strong></span> <span class='ocrx_word' id='word_1_480' title='bbox 1188 3255 1217 3310; x_wconf 90' lang='lat' dir='ltr'><strong>in</strong></span> <span class='ocrx_word' id='word_1_481' title='bbox 1230 3255 1334 3326; x_wconf 90' lang='lat' dir='ltr'><strong>prime,</strong></span> 
     </span>
     <span class='ocr_line' id='line_1_96' title="bbox 747 3325 1334 3395; baseline 0 -13"><span class='ocrx_word' id='word_1_482' title='bbox 747 3325 796 3382; x_wconf 87' lang='lat' dir='ltr'><strong>sed</strong></span> <span class='ocrx_word' id='word_1_483' title='bbox 824 3328 852 3382; x_wconf 88' lang='lat' dir='ltr'><strong>iii</strong></span> <span class='ocrx_word' id='word_1_484' title='bbox 882 3325 1036 3383; x_wconf 84' lang='lat' dir='ltr'><strong>novissime</strong></span> <span class='ocrx_word' id='word_1_485' title='bbox 1065 3328 1233 3384; x_wconf 89' lang='lat' dir='ltr'><strong>recumbant</strong></span> <span class='ocrx_word' id='word_1_486' title='bbox 1258 3325 1334 3395; x_wconf 91' lang='lat' dir='ltr'><strong>loce,</strong></span> 
     </span>
     <span class='ocr_line' id='line_1_97' title="bbox 744 3396 1336 3470; baseline 0 -17"><span class='ocrx_word' id='word_1_487' title='bbox 744 3398 824 3470; x_wconf 84' lang='lat' dir='ltr'><strong>juxta</strong></span> <span class='ocrx_word' id='word_1_488' title='bbox 840 3398 910 3455; x_wconf 92' lang='lat' dir='ltr'><strong>illud</strong></span> <span class='ocrx_word' id='word_1_489' title='bbox 927 3396 1092 3470; x_wconf 88' lang='lat' dir='ltr'><strong>Sapientis:</strong></span> <span class='ocrx_word' id='word_1_490' title='bbox 1120 3399 1227 3467; x_wconf 81' lang='lat' dir='ltr'><strong>Quanto</strong></span> <span class='ocrx_word' id='word_1_491' title='bbox 1244 3397 1336 3469; x_wconf 81' lang='lat' dir='ltr'><strong>major</strong></span> 
     </span>
     <span class='ocr_line' id='line_1_98' title="bbox 746 3468 1335 3539; baseline -0.002 -13"><span class='ocrx_word' id='word_1_492' title='bbox 746 3486 784 3539; x_wconf 86' lang='lat' dir='ltr'><strong>es,</strong></span> <span class='ocrx_word' id='word_1_493' title='bbox 807 3475 883 3526; x_wconf 81' lang='lat' dir='ltr'><strong>tonte</strong></span> <span class='ocrx_word' id='word_1_494' title='bbox 903 3475 929 3526; x_wconf 88' lang='lat' dir='ltr'><strong>te</strong></span> <span class='ocrx_word' id='word_1_495' title='bbox 946 3472 1064 3526; x_wconf 80' lang='lat' dir='ltr'><strong>humilia</strong></span> <span class='ocrx_word' id='word_1_496' title='bbox 1088 3473 1118 3527; x_wconf 87' lang='lat' dir='ltr'><strong>in</strong></span> <span class='ocrx_word' id='word_1_497' title='bbox 1144 3471 1280 3528; x_wconf 81' lang='lat' dir='ltr'><strong>omnibus.</strong></span> <span class='ocrx_word' id='word_1_498' title='bbox 1299 3468 1335 3527; x_wconf 85' lang='lat' dir='ltr'><strong>itt</strong></span> 
     </span>
     <span class='ocr_line' id='line_1_99' title="bbox 746 3540 1333 3613; baseline 0 -15"><span class='ocrx_word' id='word_1_499' title='bbox 746 3540 823 3598; x_wconf 90' lang='lat' dir='ltr'><strong>enim</strong></span> <span class='ocrx_word' id='word_1_500' title='bbox 847 3541 888 3598; x_wconf 87' lang='lat' dir='ltr'><strong>eit</strong></span> <span class='ocrx_word' id='word_1_501' title='bbox 911 3544 1143 3613; x_wconf 74' lang='lat' dir='ltr'><strong>dbrpsostomus:</strong></span> <span class='ocrx_word' id='word_1_502' title='bbox 1166 3541 1268 3599; x_wconf 79' lang='lat' dir='ltr'><strong>«Nihil</strong></span> <span class='ocrx_word' id='word_1_503' title='bbox 1293 3540 1333 3598; x_wconf 85' lang='lat' dir='ltr'><strong>ita</strong></span> 
     </span>
     <span class='ocr_line' id='line_1_100' title="bbox 746 3613 1335 3685; baseline 0 -15"><span class='ocrx_word' id='word_1_504' title='bbox 746 3616 804 3670; x_wconf 86' lang='lat' dir='ltr'><strong>[leo</strong></span> <span class='ocrx_word' id='word_1_505' title='bbox 820 3616 942 3670; x_wconf 90' lang='lat' dir='ltr'><strong>amicum</strong></span> <span class='ocrx_word' id='word_1_506' title='bbox 961 3619 1012 3685; x_wconf 82' lang='lat' dir='ltr'><strong>est,</strong></span> <span class='ocrx_word' id='word_1_507' title='bbox 1030 3618 1062 3671; x_wconf 93' lang='lat' dir='ltr'><strong>ut</strong></span> <span class='ocrx_word' id='word_1_508' title='bbox 1080 3631 1144 3671; x_wconf 93' lang='lat' dir='ltr'><strong>cum</strong></span> <span class='ocrx_word' id='word_1_509' title='bbox 1160 3613 1267 3671; x_wconf 90' lang='lat' dir='ltr'><strong>ultimis</strong></span> <span class='ocrx_word' id='word_1_510' title='bbox 1283 3629 1335 3670; x_wconf 90' lang='lat' dir='ltr'><strong>se·</strong></span> 
     </span>
     <span class='ocr_line' id='line_1_101' title="bbox 747 3685 1337 3757; baseline 0 -16"><span class='ocrx_word' id='word_1_511' title='bbox 747 3685 838 3757; x_wconf 81' lang='lat' dir='ltr'><strong>ipsum</strong></span> <span class='ocrx_word' id='word_1_512' title='bbox 861 3702 1022 3757; x_wconf 90' lang='lat' dir='ltr'><strong>numerare,</strong></span> <span class='ocrx_word' id='word_1_513' title='bbox 1049 3687 1103 3743; x_wconf 91' lang='lat' dir='ltr'><strong>hoc</strong></span> <span class='ocrx_word' id='word_1_514' title='bbox 1125 3686 1200 3744; x_wconf 92' lang='lat' dir='ltr'><strong>enim</strong></span> <span class='ocrx_word' id='word_1_515' title='bbox 1216 3685 1337 3757; x_wconf 91' lang='lat' dir='ltr'><strong>philoso-</strong></span> 
     </span>
     <span class='ocr_line' id='line_1_102' title="bbox 746 3757 1336 3840; baseline 0.002 -26"><span class='ocrx_word' id='word_1_516' title='bbox 746 3757 820 3831; x_wconf 79' lang='lat' dir='ltr'><strong>ptine</strong></span> <span class='ocrx_word' id='word_1_517' title='bbox 839 3760 979 3815; x_wconf 76' lang='lat' dir='ltr'><strong>universae</strong></span> <span class='ocrx_word' id='word_1_518' title='bbox 994 3757 1164 3840; x_wconf 88' lang='lat' dir='ltr'><strong>principium</strong></span> <span class='ocrx_word' id='word_1_519' title='bbox 1179 3763 1231 3817; x_wconf 92' lang='lat' dir='ltr'><strong>est.</strong></span> <span class='ocrx_word' id='word_1_520' title='bbox 1246 3777 1261 3811; x_wconf 83' lang='lat' dir='ltr'><strong>o</strong></span> <span class='ocrx_word' id='word_1_521' title='bbox 1277 3757 1336 3815; x_wconf 87' lang='lat' dir='ltr'><strong>llec</strong></span> 
     </span>
     <span class='ocr_line' id='line_1_103' title="bbox 748 3829 1337 3905; baseline -0.005 -18"><span class='ocrx_word' id='word_1_522' title='bbox 748 3835 917 3888; x_wconf 88' lang='lat' dir='ltr'><strong>autemnon</strong></span> <span class='ocrx_word' id='word_1_523' title='bbox 941 3835 1053 3888; x_wconf 90' lang='lat' dir='ltr'><strong>tantum</strong></span> <span class='ocrx_word' id='word_1_524' title='bbox 1074 3829 1271 3905; x_wconf 87' lang='lat' dir='ltr'><strong>corporaliter,</strong></span> <span class='ocrx_word' id='word_1_525' title='bbox 1288 3829 1337 3885; x_wconf 89' lang='lat' dir='ltr'><strong>sed</strong></span> 
     </span>
     <span class='ocr_line' id='line_1_104' title="bbox 747 3897 1337 3982; baseline -0.007 -24"><span class='ocrx_word' id='word_1_526' title='bbox 747 3907 775 3958; x_wconf 87' lang='lat' dir='ltr'><strong>ct</strong></span> <span class='ocrx_word' id='word_1_527' title='bbox 793 3903 979 3974; x_wconf 87' lang='lat' dir='ltr'><strong>spiritualiter</strong></span> <span class='ocrx_word' id='word_1_528' title='bbox 999 3902 1120 3974; x_wconf 89' lang='lat' dir='ltr'><strong>intelligi</strong></span> <span class='ocrx_word' id='word_1_529' title='bbox 1145 3903 1239 3959; x_wconf 88' lang='lat' dir='ltr'><strong>dehet.</strong></span> <span class='ocrx_word' id='word_1_530' title='bbox 1257 3897 1337 3982; x_wconf 81' lang='lat' dir='ltr'><strong>Multi</strong></span> 
     </span>
     <span class='ocr_line' id='line_1_105' title="bbox 747 3970 1335 4047; baseline -0.007 -16"><span class='ocrx_word' id='word_1_531' title='bbox 747 3975 822 4031; x_wconf 92' lang='lat' dir='ltr'><strong>enim</strong></span> <span class='ocrx_word' id='word_1_532' title='bbox 836 3977 1043 4047; x_wconf 87' lang='lat' dir='ltr'><strong>cumjactantia</strong></span> <span class='ocrx_word' id='word_1_533' title='bbox 1053 3981 1081 4031; x_wconf 92' lang='lat' dir='ltr'><strong>et</strong></span> <span class='ocrx_word' id='word_1_534' title='bbox 1094 3974 1226 4044; x_wconf 78' lang='lat' dir='ltr'><strong>supmhia</strong></span> <span class='ocrx_word' id='word_1_535' title='bbox 1241 3970 1335 4028; x_wconf 91' lang='lat' dir='ltr'><strong>cerdis</strong></span> 
     </span>
     <span class='ocr_line' id='line_1_106' title="bbox 747 4043 1335 4105; baseline -0.007 -3"><span class='ocrx_word' id='word_1_536' title='bbox 747 4049 917 4105; x_wconf 88' lang='lat' dir='ltr'><strong>recumbunt</strong></span> <span class='ocrx_word' id='word_1_537' title='bbox 944 4047 974 4104; x_wconf 92' lang='lat' dir='ltr'><strong>iii</strong></span> <span class='ocrx_word' id='word_1_538' title='bbox 1004 4046 1160 4104; x_wconf 84' lang='lat' dir='ltr'><strong>novissimo</strong></span> <span class='ocrx_word' id='word_1_539' title='bbox 1180 4043 1253 4104; x_wconf 86' lang='lat' dir='ltr'><strong>loco.</strong></span> <span class='ocrx_word' id='word_1_540' title='bbox 1276 4059 1335 4100; x_wconf 95' lang='lat' dir='ltr'><strong>iioii</strong></span> 
     </span>
     <span class='ocr_line' id='line_1_107' title="bbox 750 4112 1335 4191; baseline -0.007 -18"><span class='ocrx_word' id='word_1_541' title='bbox 750 4118 803 4173; x_wconf 90' lang='lat' dir='ltr'><strong>nisi</strong></span> <span class='ocrx_word' id='word_1_542' title='bbox 820 4125 851 4175; x_wconf 94' lang='lat' dir='ltr'><strong>ut</strong></span> <span class='ocrx_word' id='word_1_543' title='bbox 869 4118 937 4191; x_wconf 50' lang='lat' dir='ltr'><strong>¹justi</strong></span> <span class='ocrx_word' id='word_1_544' title='bbox 954 4126 983 4175; x_wconf 92' lang='lat' dir='ltr'><strong>et</strong></span> <span class='ocrx_word' id='word_1_545' title='bbox 1008 4117 1132 4174; x_wconf 90' lang='lat' dir='ltr'><strong>humiles</strong></span> <span class='ocrx_word' id='word_1_546' title='bbox 1158 4117 1193 4172; x_wconf 90' lang='lat' dir='ltr'><strong>ah</strong></span> <span class='ocrx_word' id='word_1_547' title='bbox 1209 4113 1273 4170; x_wconf 88' lang='lat' dir='ltr'><strong>aliis</strong></span> <span class='ocrx_word' id='word_1_548' title='bbox 1291 4112 1335 4169; x_wconf 83' lang='lat' dir='ltr'><strong>vi·</strong></span> 
     </span>
     <span class='ocr_line' id='line_1_108' title="bbox 750 4185 1338 4260; baseline -0.005 -15"><span class='ocrx_word' id='word_1_549' title='bbox 750 4190 886 4260; x_wconf 90' lang='lat' dir='ltr'><strong>deantur;</strong></span> <span class='ocrx_word' id='word_1_550' title='bbox 903 4196 931 4247; x_wconf 91' lang='lat' dir='ltr'><strong>et</strong></span> <span class='ocrx_word' id='word_1_551' title='bbox 954 4189 1034 4246; x_wconf 91' lang='lat' dir='ltr'><strong>multi</strong></span> <span class='ocrx_word' id='word_1_552' title='bbox 1054 4204 1120 4245; x_wconf 86' lang='lat' dir='ltr'><strong>rere</strong></span> <span class='ocrx_word' id='word_1_553' title='bbox 1135 4185 1267 4255; x_wconf 88' lang='lat' dir='ltr'><strong>humiles,</strong></span> <span class='ocrx_word' id='word_1_554' title='bbox 1286 4202 1338 4243; x_wconf 90' lang='lat' dir='ltr'><strong>re·</strong></span> 
     </span>
     <span class='ocr_line' id='line_1_109' title="bbox 750 4258 1340 4329; baseline -0.005 -12"><span class='ocrx_word' id='word_1_555' title='bbox 750 4264 916 4319; x_wconf 88' lang='lat' dir='ltr'><strong>cumheiites</strong></span> <span class='ocrx_word' id='word_1_556' title='bbox 944 4263 973 4317; x_wconf 91' lang='lat' dir='ltr'><strong>iii</strong></span> <span class='ocrx_word' id='word_1_557' title='bbox 992 4277 1091 4329; x_wconf 89' lang='lat' dir='ltr'><strong>romu,</strong></span> <span class='ocrx_word' id='word_1_558' title='bbox 1112 4258 1288 4316; x_wconf 89' lang='lat' dir='ltr'><strong>conscientia</strong></span> <span class='ocrx_word' id='word_1_559' title='bbox 1311 4264 1340 4315; x_wconf 89' lang='lat' dir='ltr'><strong>et</strong></span> 
     </span>
     <span class='ocr_line' id='line_1_110' title="bbox 751 4330 1338 4407; baseline -0.009 -17"><span class='ocrx_word' id='word_1_560' title='bbox 751 4335 837 4392; x_wconf 89' lang='lat' dir='ltr'><strong>corde</strong></span> <span class='ocrx_word' id='word_1_561' title='bbox 856 4339 990 4407; x_wconf 88' lang='lat' dir='ltr'><strong>reputant</strong></span> <span class='ocrx_word' id='word_1_562' title='bbox 1008 4349 1037 4388; x_wconf 92' lang='lat' dir='ltr'><strong>se</strong></span> <span class='ocrx_word' id='word_1_563' title='bbox 1060 4331 1089 4388; x_wconf 89' lang='lat' dir='ltr'><strong>ln</strong></span> <span class='ocrx_word' id='word_1_564' title='bbox 1107 4330 1259 4389; x_wconf 72' lang='lat' dir='ltr'><strong>novissime</strong></span> <span class='ocrx_word' id='word_1_565' title='bbox 1277 4331 1338 4386; x_wconf 93' lang='lat' dir='ltr'><strong>leco</strong></span> 
     </span>
    </p>
   </div>
   <div class='ocr_carea' id='block_1_8' title="bbox 0 0 1451 4942">
    <p class='ocr_par' dir='ltr' id='par_1_11' title="bbox 0 0 1451 4942">
     <span class='ocr_line' id='line_1_111' title="bbox 0 0 1451 4942; baseline 0 0"><span class='ocrx_word' id='word_1_566' title='bbox 0 0 1451 4942; x_wconf 95' lang='lat' dir='ltr'><strong> </strong></span> 
     </span>
    </p>
   </div>
  </div>
 </body>
</html>
