2880 4942
97 341 144 396 220
443 345 554 401 iulum
582 345 703 401 liniis
730 344 834 399 oliba
863 343 983 398 lxxiii

96 452 189 517 morte
217 453 312 508 autem
326 466 390 509 eam
405 452 518 527 eripies.
534 455 566 511 Ei
585 469 686 527 parvo·
738 452 837 526 J’ubeo.
854 469 869 504 i>
892 451 926 507 Et
944 447 1048 507 iterum
1063 464 1070 504 :
1088 464 1103 502 i
1122 445 1272 521 Quidquid
1296 447 1339 507 di-

95 537 160 580 rum
183 537 300 592 magnas
313 529 411 595 expete
433 542 531 594 noxas,
547 530 580 582 ut
593 541 685 597 neque
742 527 838 581 cturus
852 539 893 591 cs,
909 527 1062 592 antequam
1077 518 1152 602 aliis,
1168 519 1280 578 dixeris
1294 520 1338 577 ti-

97 609 186 667 prope
210 610 314 666 magna
332 595 473 654 deveniat.
486 597 514 654 Si
534 598 595 655 baec
615 597 687 653 lece·
742 594 836 667 biipsi.
860 595 963 665 ltiagna
974 597 1017 649 est
1030 608 1078 649 res
1091 606 1169 648 vocis
1182 595 1212 648 et
1227 591 1336 649 silentii

97 664 148 735 ris,
173 665 329 723 secundum
350 683 578 741 unamquamque
598 668 684 738 diem,
740 669 1006 739 temperamentum.
1019 665 1078 720 ulit
1090 661 1211 720 iteruin:
1228 663 1337 732 «Quod

99 752 165 793 cum
180 736 269 794 libera
280 738 486 820 propalatione,
500 756 618 799 securus
628 745 685 796 sta·
740 739 857 796 tacitum
872 753 935 794 esse
947 735 1000 805 ris,
1014 734 1122 792 nemini
1132 732 1251 804 dixeris,
1268 733 1338 807 quia

99 807 144 865 bis
157 823 240 864 secus
256 810 379 867 tribuual
395 810 464 868 illud
491 812 628 870 terribile.
645 815 687 869 lta
740 825 798 868 non
811 809 919 882 poteris
931 809 966 865 ab
977 807 1033 864 alio
1050 805 1162 880 exigere
1176 807 1336 878 silentium,

100 879 204 935 Paulus
213 882 356 951 apostolus
365 882 454 940 lactus
467 890 510 939 est
520 900 618 956 purus,
644 899 688 940 ro

99 952 164 1022 pter
179 949 232 1007 boc
244 957 272 1008 et
280 950 349 1009 dixit
359 971 366 1009 ι
375 955 408 1012 Si
418 971 466 1011 nos
478 959 607 1027 metipsos
634 956 689 1026 iju·

101 1021 265 1088 dicaremus,
278 1040 332 1080 uon
346 1028 443 1097 utique
452 1026 686 1098 judicaremuris

102 1093 168 1150 haec
180 1095 398 1165 chrysostomus.

141 1169 172 1222 18
187 1165 312 1235 Qmuona
329 1185 487 1226 mensionis
510 1186 688 1228 cmooiisriu·

102 1252 163 1319 ria.
182 1268 216 1320 ·.'
239 1239 385 1297 Moraliter
407 1247 502 1298 autem
527 1242 556 1299 iu
583 1241 688 1310 verbis,

103 1322 162 1364 sive
190 1325 219 1365 in
245 1309 398 1382 loquendo,
425 1313 600 1370 attendenda
624 1316 689 1370 sunt

102 1379 239 1451 quinque,
264 1381 372 1439 scilicet
403 1401 410 1439 :
437 1384 515 1467 quid,
543 1384 600 1453 cui,
628 1382 689 1452 ubi,

102 1451 227 1531 quando,
244 1460 272 1533 et
286 1453 410 1534 qualiter
423 1454 543 1511 dicatur.
559 1455 608 1512 lsti
624 1457 692 1511 sunt

101 1535 228 1647 3¹¹qu
242 1522 322 1595 digiti
336 1525 366 1580 in
385 1526 595 1597 manulinguae.
607 1525 689 1597 Quid,

123 1595 275 1649 aterminat
293 1595 457 1667 Apostolus,
473 1596 571 1653 dicens
594 1614 601 1653 ε
625 1599 688 1655 Ser-

103 1668 254 1718 monaster
279 1668 317 1721 sit
338 1681 444 1738 semper
467 1671 497 1725 i'a
520 1671 614 1737 pratia
634 1669 692 1724 acle

103 1734 240 1815 occuitus,
268 1734 297 1791 id
321 1741 365 1793 est
386 1742 495 1810 gratus,
521 1738 608 1810 utilis,
629 1739 691 1796 sine

106 1807 260 1890 otiositate,
287 1807 384 1866 Otiose
405 1815 472 1867 sunt
500 1810 598 1868 omnia
629 1827 691 1883 quie

105 1880 154 1933 aut
168 1878 290 1949 inutilia,
303 1886 353 1937 aut
370 1880 533 1953 inhonesta,
549 1888 599 1940 aut
612 1882 692 1941 noci-

105 1963 141 2004 va
156 1956 232 2006 sunt.
253 1950 367 2009 inutilia
393 1959 460 2010 sunt
504 1970 546 2012 uae
573 1971 626 2012 nec
649 1953 691 2011 lo·

105 2023 269 2095 quentibus‚
289 2039 343 2081 nec
362 1970 543 2084 audientibus
562 2029 691 2100 prosunt.

105 2091 258 2175 inhonesta
272 2099 339 2152 suut
356 2112 419 2168 quae
438 2114 491 2155 nec
505 2097 636 2171 dignitati
650 2097 692 2154 lo·

146 2171 230 2245 entis,
259 2182 311 2223 uec
338 2167 481 2225 audientis
506 2169 690 2226 conveniunt.

130 2249 210 2291 ociia
238 2242 314 2304 sunt,
335 2253 398 2308 quae
422 2239 465 2295 iel
491 2239 528 2296 ad
554 2255 692 2309 errorem,

104 2303 150 2361 iel
168 2305 205 2386 ad
218 2306 386 2379 pravitatem
396 2309 514 2366 ducunt.
527 2342 563 2354 -
574 2310 636 2380 Cui,
646 2311 694 2367 de·

104 2379 240 2432 terminat
256 2378 385 2450 Sapiens,
395 2379 492 2438 dicens
507 2398 515 2438 ε
530 2383 596 2440 cum
609 2383 693 2439 stulte

104 2463 139 2503 ne
159 2450 277 2505 muttum
304 2451 438 2522 nquius.
460 2452 512 2521 Qui
536 2468 605 2528 ergo
629 2468 694 2511 cum

106 2518 162 2577 alio
182 2519 319 2594 loquitur,
338 2523 500 2582 consideret
525 2542 561 2583 an
597 2528 695 2599 ropter

106 2607 147 2675 se,
164 2592 208 2649 vel
228 2598 345 2678 propter
368 2595 455 2653 alium
480 2596 558 2681 loqui
577 2541 693 2654 Eabeat.

107 2664 135 2721 Si
150 2671 267 2737 propter
281 2665 372 2750 illum²
384 2672 480 2724 utrum
506 2674 543 2726 sit
565 2668 631 2726 talis
645 2667 694 2740 qui

106 2751 158 2792 sua
170 2736 349 2817 porrectione
364 2739 501 2822 indigeat,
512 2740 556 2797 vel
570 2739 619 2823 qui
630 2756 694 2796 cor·

106 2811 263 2863 rectionem
274 2823 331 2864 non
348 2810 476 2882 recipiat.
490 2841 524 2854 -
540 2812 603 2880 Ubi,
621 2825 696 2881 quae·

106 2877 172 2933 dam
185 2880 260 2933 enim
278 2885 344 2935 sunt
359 2879 422 2936 loca
439 2881 488 2938 ubi
505 2880 694 2950 nullomodo,

98 2951 138 3004 *ut
153 2947 183 3030 in
199 2948 375 3031 sanctuari03
396 2951 527 3022 quaedam
546 2951 593 3008 ubi
617 2966 694 3021 raro,

108 3023 139 3076 ut
161 3034 190 3074 in
210 3036 359 3090 convivio;
382 3022 513 3093 quiedam
530 3022 579 3081 ubi
600 3022 696 3079 mode·

108 3095 180 3159 rate,
195 3095 226 3148 ut
245 3091 274 3148 in
290 3091 429 3150 locutorio
449 3099 493 3152 est
508 3094 694 3168 loquendum.

106 3192 142 3246 -7
164 3163 293 3234 Quando,
311 3164 483 3223 determinat
500 3166 695 3236 Ecclesiastes,

107 3235 231 3292 dicens:
255 3239 370 3309 Tempus
396 3240 515 3304 tacendi,
540 3245 566 3295 et
589 3245 696 3310 tempus

107 3307 248 3378 loquendi.
269 3308 431 3367 Tacendum
459 3316 512 3381 est,
542 3309 695 3383 aliquando

106 3387 224 3451 propter
237 3380 398 3438 auditorum
417 3381 630 3451 infirmitatem
647 3380 697 3438 ali·

108 3452 222 3532 quando
246 3457 362 3524 propter
375 3453 520 3512 vitandam
536 3452 696 3527 praecipita·

107 3525 231 3590 tionem3
253 3523 408 3594 aliquando
430 3531 547 3609 propter
567 3541 696 3599 personae

108 3591 226 3649 alterius
239 3595 445 3664 reverentiams
461 3597 614 3668 aliquando
650 3612 696 3652 ro·

108 3668 173 3790 pter
184 3663 348 3721 auditorum
356 3665 566 3739 indignitatem.
580 3698 612 3709 -
623 3612 648 3735 8

120 3741 174 3790 iter
188 3738 284 3790 autem
298 3735 342 3791 vel
363 3739 517 3808 quomodo,
530 3737 561 3794 id
578 3742 621 3796 est
640 3753 696 3808 quo

109 3810 202 3888 gestu,
224 3820 281 3888 quo
307 3822 388 3876 sono,
416 3814 445 3864 et
471 3825 527 3890 qua
554 3807 697 3881 signitica-

110 3882 198 3933 tionc.
215 3878 257 3935 Sit
271 3893 339 3949 ergo
352 3881 450 3949 gestus
464 3880 584 3951 simplex
599 3884 627 3937 et
644 3881 696 3936 bu·

109 3947 200 4019 milis;
218 3965 305 4006 sonus
321 3949 397 4005 mitis
412 3956 440 4005 et
458 3951 571 4020 suavis;
592 3950 699 4021 signill-

110 4020 183 4076 catio
210 4037 294 4078 verax
316 4026 346 4078 et
364 4021 463 4078 dulcis.
493 4023 698 4095 compendium

109 4098 204 4173 autern
219 4093 346 4150 omnium
361 4093 561 4166 praedictorum
573 4096 698 4152 boccsse

109 4163 231 4233 ridetur,
246 4169 277 4223 ut
291 4165 372 4223 tarde
386 4171 414 4223 et
432 4182 499 4223 raro
513 4165 577 4238 quis
596 4166 699 4238 loqua-

111 4236 167 4291 tur.
184 4236 263 4294 Unde
278 4239 398 4296 Seneca:
416 4240 560 4297 «Summa
574 4254 699 4295 sumina·

111 4319 175 4361 rum
203 4307 265 4366 haec
291 4315 351 4381 cst,
375 4310 571 4384 tardiloquum
589 4315 618 4368 te
636 4325 700 4368 esse

648 3683 697 3724 lla·

742 883 765 939 si
777 879 885 954 tibiipsi
897 896 954 936 non
967 882 1087 953 praestas
1099 894 1106 934 :
1118 898 1132 930 »
1144 878 1207 934 baec
1219 880 1335 936 Seneca.

743 953 808 1023 Sed,
823 952 894 1010 hcul
918 958 983 1008 sunt
1002 949 1090 1021 aliqui
1109 965 1166 1007 non
1182 948 1278 1007 solum
1292 966 1337 1007 se·

743 1025 863 1094 culares,
880 1023 930 1080 sed
947 1030 976 1080 et
989 1020 1126 1093 religiosi,
1142 1020 1191 1093 qui
1206 1022 1335 1093 quando

744 1112 798 1169 que
811 1095 897 1152 etiam
912 1094 974 1151 siue
989 1109 1075 1150 causa
1090 1091 1254 1149 rationabili
1271 1090 1336 1150 aliis

743 1166 808 1225 irati
827 1172 922 1224 torvos
944 1165 1041 1223 oculos
1066 1168 1095 1221 et
1116 1164 1211 1221 vultus
1237 1170 1337 1221 osten·

743 1239 832 1308 dunt;
849 1254 882 1295 ac
896 1236 1014 1309 insuper
1027 1234 1160 1293 dentibus
1173 1233 1334 1305 stridendo,

743 1326 828 1368 voces
850 1308 971 1366 furiosas
992 1307 1142 1376 emittunt;
1169 1306 1259 1364 etsie
1278 1308 1336 1363 dae·

745 1397 869 1450 monem,
884 1381 933 1509 qui
952 1380 1028 1437 intus
1049 1394 1099 1436 eos
1114 1376 1252 1460 possidet,
1272 1377 1337 1435 aliis

745 1458 824 1510 extra
837 1469 889 1525 pro
911 1457 971 1509 unt.
991 1451 1024 1507 lli
1046 1450 1118 1507 tales
1141 1450 1214 1507 bene
1232 1465 1262 1506 in
1282 1450 1337 1506 hoc

745 1524 869 1582 [taciano
898 1523 927 1578 iii
946 1524 1062 1581 beatum
1082 1518 1264 1578 vincentium
1288 1536 1338 1577 sas·

744 1595 831 1652 ilenti
857 1593 1062 1664 assimilantur,
1083 1592 1119 1648 de
1143 1606 1199 1663 quo
1224 1590 1256 1647 in
1282 1607 1340 1649 ser·

746 1682 830 1724 mone
850 1667 1004 1735 Augustini
1019 1663 1060 1721 sic
1081 1660 1185 1720 dicitur
1206 1679 1214 1719 ε
1242 1682 1259 1714 «
1284 1665 1339 1720 Per

746 1737 867 1796 furiosas
896 1736 973 1794 enim
1004 1732 1120 1793 Deciani
1154 1749 1250 1804 voces,
1287 1749 1339 1807 per

745 1814 841 1867 truces
865 1808 964 1866 oculos
985 1812 1015 1865 et
1036 1806 1162 1863 minaces
1180 1804 1293 1874 vultus,
1310 1810 1338 1862 et

746 1883 833 1938 totius
854 1879 982 1962 corporis
1004 1886 1099 1935 motus
1119 1876 1168 1933 ille
1191 1878 1339 1934 habitator

747 1953 808 2024 eius
827 1951 947 2009 interior
971 1950 1203 2017 monstrabatur3
1229 1952 1259 2005 et
1287 1963 1340 2021 per

746 2025 808 2081 haec
837 2023 920 2096 signa
950 2020 1084 2090 visibilia,
1113 2023 1262 2091 tamquam
1288 2035 1339 2092 pei·

747 2094 790 2153 sui
805 2095 921 2162 vasculi,
935 2094 1010 2166 quod
1022 2092 1200 2165 impleverat,
1215 2107 1339 2165 crepan-

747 2167 782 2224 tis
806 2166 934 2235 rimulas,
956 2165 1130 2222 videbatur:
1152 2183 1167 2214 »
1190 2162 1254 2220 bisc
1280 2164 1340 2220 itic-

747 2241 888 2309 quatinus.

788 2331 819 2383 ¹9
835 2310 1204 2377 Quuinooouiieiroiiuiris
1219 2323 1340 2365 amriu-

748 2397 784 2437 oi
809 2398 868 2437 isr.
885 2411 917 2421 -
937 2380 1019 2437 Tales
1046 2382 1133 2436 etiam
1164 2379 1281 2452 quando
1303 2394 1340 2435 ue

750 2451 810 2509 suis
822 2449 926 2523 linguis
939 2450 1030 2508 acutis
1042 2456 1174 2523 parcunt,
1190 2456 1220 2508 et
1233 2466 1265 2508 se
1279 2462 1296 2507 a
1316 2465 1341 2507 s·

750 2524 904 2581 condentes
923 2522 1111 2580 taciturnitati
1133 2522 1290 2591 insistunt;
1308 2535 1341 2578 ac

751 2594 906 2662 silentium,
917 2595 994 2666 quod
1009 2593 1075 2651 boni
1086 2610 1120 2651 ex
1130 2592 1279 2665 religionis
1289 2593 1340 2650 ob-

751 2665 876 2724 edientia
891 2669 948 2723 Deo
962 2665 1135 2735 sacrificant,
1153 2665 1209 2738 ipsi
1224 2681 1257 2722 ex
1275 2679 1341 2737 pei-

749 2736 1342 2806 versitatismalitiadaemouiis,etnonDo·

750 2808 841 2877 mino,
859 2808 1019 2865 immolant.
1041 2809 1120 2866 Unde
1140 2810 1170 2864 iu
1188 2807 1343 2865 collatione

751 2879 862 2937 abbatis
881 2882 992 2952 Josepb,
1013 2882 1053 2937 De
1078 2877 1215 2948 amicitia,
1239 2878 1282 2936 sic
1306 2877 1342 2935 de

750 2950 855 3009 talibus
876 2951 1008 3009 dicitur:
1031 2973 1045 3005 t(
1067 2950 1139 3008 lllud
1167 2966 1235 3007 sero
1258 2949 1342 3022 quale

750 3027 803 3090 ast,
821 3022 897 3093 quod
911 3021 1056 3080 interdum
1064 3021 1208 3097 patientes
1219 3037 1283 3079 esse
1292 3037 1344 3077 nos

750 3093 903 3164 credimus,
931 3093 999 3166 quia
1016 3095 1191 3166 respondere
1214 3097 1343 3150 contem·

751 3165 847 3223 nimus
873 3165 1013 3234 lacessiti;
1040 3166 1090 3223 sed
1113 3165 1155 3221 ita
1183 3171 1343 3221 commotos

750 3238 853 3294 iratres
867 3252 966 3294 amara
981 3235 1186 3306 taciturnitate,
1200 3235 1245 3292 vel
1261 3239 1343 3293 motu

750 3314 888 3384 gestuque
917 3307 1046 3365 irrisorio
1073 3310 1294 3376 subsannamus,
1313 3309 1344 3362 ut

751 3396 800 3438 eos
814 3379 905 3452 magis
919 3380 956 3437 ad
973 3379 1151 3437 iracundiam
1165 3378 1246 3435 vultu
1257 3376 1344 3434 tacito

750 3468 948 3536 provocemus,
961 3467 1047 3524 quam
1061 3451 1170 3508 tumida
1183 3449 1346 3523 potuissent

750 3523 870 3582 incitare
883 3522 1022 3592 convitia3
1042 3522 1072 3579 iu
1087 3540 1121 3581 eo
1135 3537 1189 3580 nos
1201 3520 1345 3602 aestimari·

751 3599 794 3652 tes
822 3594 941 3652 minime
964 3595 1041 3668 apud
1062 3596 1152 3652 Deum
1175 3609 1261 3662 reos,
1279 3605 1347 3664 quia

752 3666 823 3722 nihil
845 3682 896 3723 oie
920 3666 1101 3739 protulimus,
1118 3664 1195 3739 quod
1222 3679 1277 3721 nos
1297 3678 1347 3719 iio·

752 3741 813 3794 tare
835 3737 984 3794 hominum
1002 3736 1112 3810 judicio
1140 3739 1189 3794 aut
1206 3735 1345 3817 condem·

751 3823 821 3865 nare
840 3808 987 3880 potuisset.
1004 3811 1046 3866 lta
1058 3808 1145 3881 igitur
1160 3812 1257 3864 tacere
1274 3804 1346 3862 nibil

752 3879 879 3953 prodest,
897 3878 921 3936 si
947 3878 1054 3937 idcirco
1080 3879 1164 3937 nobis
1190 3877 1346 3935 indicimus

753 3950 908 4020 silentium,
925 3958 956 4007 ut
970 3951 1048 4023 quod
1063 3949 1206 4023 agendum
1221 3948 1345 4007 convitio

754 4023 857 4092 luerat,
888 4023 943 4079 boc
968 4021 1163 4080 taciturnitate
1195 4020 1345 4091 iaciamus,

754 4093 945 4152 assimilantes
965 4095 1105 4164 quosdam
1119 4097 1227 4166 gestus,
1242 4092 1347 4165 quibus

754 4170 783 4223 et
810 4164 858 4222 ille
885 4180 971 4237 quem
999 4182 1101 4223 curare
1125 4181 1177 4222 iios
1201 4161 1345 4237 oportuit,

754 4235 968 4295 vehementiore
996 4235 1158 4294 inardescat
1183 4234 1344 4293 iracundia.

755 4308 859 4383 Utique
871 4307 947 4368 eiiini
961 4308 1019 4368 tale
1029 4308 1173 4368 silemium
1181 4307 1236 4366 erit
1251 4320 1347 4380 aequa·
