<?xml version="1.0" encoding="UTF-8"?>
<!DOCTYPE html PUBLIC "-//W3C//DTD XHTML 1.0 Transitional//EN"
    "http://www.w3.org/TR/xhtml1/DTD/xhtml1-transitional.dtd">
<html xmlns="http://www.w3.org/1999/xhtml" xml:lang="en" lang="en">
 <head>
  <title>
</title>
<meta http-equiv="Content-Type" content="text/html;charset=utf-8" />
  <meta name='ocr-system' content='tesseract 3.04.00' />
  <meta name='ocr-capabilities' content='ocr_page ocr_carea ocr_par ocr_line ocrx_word'/>
</head>
<body>
  <div class='ocr_page' id='page_1' title='image "./vitajesuchristi00ludogoog_0350.png"; bbox 0 0 2880 4942; ppageno 0'>
   <div class='ocr_carea' id='block_1_1' title="bbox 252 435 1312 497">
    <p class='ocr_par' dir='ltr' id='par_1_1' title="bbox 252 435 1312 497">
     <span class='ocr_line' id='line_1_1' title="bbox 252 435 1312 497; baseline -0.004 -6"><span class='ocrx_word' id='word_1_1' title='bbox 252 438 291 492; x_wconf 77' lang='lat' dir='ltr'><strong>ui</strong></span> <span class='ocrx_word' id='word_1_2' title='bbox 319 438 493 493; x_wconf 70' lang='lat' dir='ltr'><strong>Fuluiano</strong></span> <span class='ocrx_word' id='word_1_3' title='bbox 520 439 671 494; x_wconf 73' lang='lat' dir='ltr'><strong>cavello</strong></span> <span class='ocrx_word' id='word_1_4' title='bbox 698 439 842 494; x_wconf 66' lang='lat' dir='ltr'><strong>uindico</strong></span> <span class='ocrx_word' id='word_1_5' title='bbox 870 438 1093 497; x_wconf 56' lang='lat' dir='ltr'><strong>illiditllato.</strong></span> <span class='ocrx_word' id='word_1_6' title='bbox 1270 435 1312 489; x_wconf 67' lang='lat' dir='ltr'><strong>(ill</strong></span> 
     </span>
    </p>
   </div>
   <div class='ocr_carea' id='block_1_2' title="bbox 84 543 1320 2556">
    <p class='ocr_par' dir='ltr' id='par_1_2' title="bbox 84 543 1320 2267">
     <span class='ocr_line' id='line_1_2' title="bbox 84 543 1315 621; baseline 0.003 -21"><span class='ocrx_word' id='word_1_7' title='bbox 84 560 158 617; x_wconf 83' lang='lat' dir='ltr'><strong>parre</strong></span> <span class='ocrx_word' id='word_1_8' title='bbox 171 543 249 600; x_wconf 78' lang='lat' dir='ltr'><strong>uobis</strong></span> <span class='ocrx_word' id='word_1_9' title='bbox 266 562 273 603; x_wconf 74' lang='grc' dir='ltr'><strong>ι</strong></span> <span class='ocrx_word' id='word_1_10' title='bbox 289 545 385 604; x_wconf 71' lang='lat' dir='ltr'><strong>Gaude</strong></span> <span class='ocrx_word' id='word_1_11' title='bbox 401 562 419 601; x_wconf 92' lang='lat' dir='ltr'><strong>a</strong></span> <span class='ocrx_word' id='word_1_12' title='bbox 433 548 566 614; x_wconf 75' lang='lat' dir='ltr'><strong>sarmento</strong></span> <span class='ocrx_word' id='word_1_13' title='bbox 576 547 675 603; x_wconf 83' lang='lat' dir='ltr'><strong>Plari-</strong></span> <span class='ocrx_word' id='word_1_14' title='bbox 729 547 884 607; x_wconf 89' lang='lat' dir='ltr'><strong>rectionem</strong></span> <span class='ocrx_word' id='word_1_15' title='bbox 898 563 985 606; x_wconf 87' lang='lat' dir='ltr'><strong>suam</strong></span> <span class='ocrx_word' id='word_1_16' title='bbox 994 550 1105 621; x_wconf 85' lang='lat' dir='ltr'><strong>aperuit</strong></span> <span class='ocrx_word' id='word_1_17' title='bbox 1121 547 1181 605; x_wconf 84' lang='lat' dir='ltr'><strong>illis</strong></span> <span class='ocrx_word' id='word_1_18' title='bbox 1195 562 1315 616; x_wconf 77' lang='lat' dir='ltr'><strong>comum,</strong></span> 
     </span>
     <span class='ocr_line' id='line_1_3' title="bbox 85 617 1316 705; baseline 0.002 -32"><span class='ocrx_word' id='word_1_19' title='bbox 85 633 210 685; x_wconf 80' lang='lat' dir='ltr'><strong>suorum,</strong></span> <span class='ocrx_word' id='word_1_20' title='bbox 226 622 252 673; x_wconf 86' lang='lat' dir='ltr'><strong>ct</strong></span> <span class='ocrx_word' id='word_1_21' title='bbox 273 617 504 677; x_wconf 71' lang='lat' dir='ltr'><strong>Sadducaeorum?</strong></span> <span class='ocrx_word' id='word_1_22' title='bbox 520 619 605 686; x_wconf 84' lang='lat' dir='ltr'>Quasi</span> <span class='ocrx_word' id='word_1_23' title='bbox 632 617 674 674; x_wconf 90' lang='lat' dir='ltr'><strong>di·</strong></span> <span class='ocrx_word' id='word_1_24' title='bbox 728 626 760 677; x_wconf 93' lang='lat' dir='ltr'><strong>ut</strong></span> <span class='ocrx_word' id='word_1_25' title='bbox 769 622 955 691; x_wconf 77' lang='lat' dir='ltr'><strong>intelligerent</strong></span> <span class='ocrx_word' id='word_1_26' title='bbox 964 623 1135 705; x_wconf 74' lang='lat' dir='ltr'><strong>Scripturas.</strong></span> <span class='ocrx_word' id='word_1_27' title='bbox 1150 617 1204 676; x_wconf 76' lang='lat' dir='ltr'><strong>Alii</strong></span> <span class='ocrx_word' id='word_1_28' title='bbox 1217 618 1316 676; x_wconf 88' lang='lat' dir='ltr'><strong>dicunt</strong></span> 
     </span>
     <span class='ocr_line' id='line_1_4' title="bbox 85 688 1316 772; baseline 0.002 -27"><span class='ocrx_word' id='word_1_29' title='bbox 85 692 163 745; x_wconf 89' lang='lat' dir='ltr'><strong>ceret</strong></span> <span class='ocrx_word' id='word_1_30' title='bbox 179 705 186 744; x_wconf 91' lang='lat'>:</span> <span class='ocrx_word' id='word_1_31' title='bbox 202 690 321 772; x_wconf 28' lang='lat' dir='ltr'><strong>Nonoest</strong></span> <span class='ocrx_word' id='word_1_32' title='bbox 339 689 420 772; x_wconf 81' lang='lat' dir='ltr'><strong>vobis</strong></span> <span class='ocrx_word' id='word_1_33' title='bbox 434 689 623 748; x_wconf 89' lang='lat' dir='ltr'><strong>dubitandum</strong></span> <span class='ocrx_word' id='word_1_34' title='bbox 637 688 672 746; x_wconf 88' lang='lat' dir='ltr'><strong>de</strong></span> <span class='ocrx_word' id='word_1_35' title='bbox 728 692 968 751; x_wconf 78' lang='lat' dir='ltr'><strong>illuminationem</strong></span> <span class='ocrx_word' id='word_1_36' title='bbox 984 695 1068 764; x_wconf 73' lang='lat' dir='ltr'><strong>hujus</strong></span> <span class='ocrx_word' id='word_1_37' title='bbox 1078 691 1144 751; x_wconf 82' lang='lat' dir='ltr'><strong>caeci</strong></span> <span class='ocrx_word' id='word_1_38' title='bbox 1156 690 1316 748; x_wconf 85' lang='lat' dir='ltr'><strong>successive</strong></span> 
     </span>
     <span class='ocr_line' id='line_1_5' title="bbox 84 761 1317 838; baseline 0.003 -22"><span class='ocrx_word' id='word_1_39' title='bbox 84 775 157 832; x_wconf 90' lang='lat' dir='ltr'><strong>pane</strong></span> <span class='ocrx_word' id='word_1_40' title='bbox 173 761 324 826; x_wconf 78' lang='lat' dir='ltr'><strong>materiali,</strong></span> <span class='ocrx_word' id='word_1_41' title='bbox 340 777 407 833; x_wconf 78' lang='lat' dir='ltr'><strong>quia</strong></span> <span class='ocrx_word' id='word_1_42' title='bbox 421 761 461 818; x_wconf 89' lang='lat' dir='ltr'><strong>ita</strong></span> <span class='ocrx_word' id='word_1_43' title='bbox 475 778 592 834; x_wconf 91' lang='lat' dir='ltr'><strong>possum</strong></span> <span class='ocrx_word' id='word_1_44' title='bbox 607 777 673 818; x_wconf 91' lang='lat' dir='ltr'><strong>eum</strong></span> <span class='ocrx_word' id='word_1_45' title='bbox 728 764 844 833; x_wconf 83' lang='lat' dir='ltr'><strong>iactam,</strong></span> <span class='ocrx_word' id='word_1_46' title='bbox 856 770 974 838; x_wconf 87' lang='lat' dir='ltr'><strong>propter</strong></span> <span class='ocrx_word' id='word_1_47' title='bbox 992 764 1163 838; x_wconf 77' lang='lat' dir='ltr'><strong>parvitatem</strong></span> <span class='ocrx_word' id='word_1_48' title='bbox 1182 763 1249 820; x_wconf 87' lang='lat' dir='ltr'><strong>ssdei</strong></span> <span class='ocrx_word' id='word_1_49' title='bbox 1264 763 1317 820; x_wconf 92' lang='lat' dir='ltr'><strong>hu·</strong></span> 
     </span>
     <span class='ocr_line' id='line_1_6' title="bbox 85 830 1317 909; baseline 0.002 -22"><span class='ocrx_word' id='word_1_50' title='bbox 85 830 275 905; x_wconf 89' lang='lat' dir='ltr'><strong>multiplicare</strong></span> <span class='ocrx_word' id='word_1_51' title='bbox 290 834 364 889; x_wconf 89' lang='lat' dir='ltr'><strong>sicut</strong></span> <span class='ocrx_word' id='word_1_52' title='bbox 373 831 483 890; x_wconf 87' lang='lat' dir='ltr'><strong>vidistis</strong></span> <span class='ocrx_word' id='word_1_53' title='bbox 489 852 498 904; x_wconf 86' lang='lat'>;</span> <span class='ocrx_word' id='word_1_54' title='bbox 511 849 564 890; x_wconf 89' lang='lat' dir='ltr'><strong>nec</strong></span> <span class='ocrx_word' id='word_1_55' title='bbox 579 834 614 890; x_wconf 89' lang='lat' dir='ltr'><strong>de</strong></span> <span class='ocrx_word' id='word_1_56' title='bbox 625 833 672 890; x_wconf 90' lang='lat' dir='ltr'><strong>illo</strong></span> <span class='ocrx_word' id='word_1_57' title='bbox 726 837 775 908; x_wconf 89' lang='lat' dir='ltr'><strong>jus</strong></span> <span class='ocrx_word' id='word_1_58' title='bbox 790 835 856 892; x_wconf 82' lang='lat' dir='ltr'><strong>caeci</strong></span> <span class='ocrx_word' id='word_1_59' title='bbox 873 841 902 893; x_wconf 87' lang='lat' dir='ltr'><strong>at</strong></span> <span class='ocrx_word' id='word_1_60' title='bbox 919 836 1101 894; x_wconf 79' lang='lat' dir='ltr'><strong>offerentium</strong></span> <span class='ocrx_word' id='word_1_61' title='bbox 1125 835 1218 909; x_wconf 89' lang='lat' dir='ltr'><strong>ipsum</strong></span> <span class='ocrx_word' id='word_1_62' title='bbox 1237 834 1317 892; x_wconf 86' lang='lat' dir='ltr'><strong>Chri·</strong></span> 
     </span>
     <span class='ocr_line' id='line_1_7' title="bbox 85 903 1318 980; baseline 0.002 -20"><span class='ocrx_word' id='word_1_63' title='bbox 85 919 138 976; x_wconf 91' lang='lat' dir='ltr'><strong>ego</strong></span> <span class='ocrx_word' id='word_1_64' title='bbox 154 903 303 972; x_wconf 87' lang='lat' dir='ltr'><strong>sollicitor,</strong></span> <span class='ocrx_word' id='word_1_65' title='bbox 318 920 371 960; x_wconf 90' lang='lat' dir='ltr'><strong>nec</strong></span> <span class='ocrx_word' id='word_1_66' title='bbox 385 905 488 977; x_wconf 87' lang='lat' dir='ltr'><strong>loquor</strong></span> <span class='ocrx_word' id='word_1_67' title='bbox 500 905 592 974; x_wconf 88' lang='lat' dir='ltr'><strong>vobis,</strong></span> <span class='ocrx_word' id='word_1_68' title='bbox 606 904 672 962; x_wconf 90' lang='lat' dir='ltr'><strong>ideo</strong></span> <span class='ocrx_word' id='word_1_69' title='bbox 730 912 788 976; x_wconf 90' lang='lat' dir='ltr'><strong>sto;</strong></span> <span class='ocrx_word' id='word_1_70' title='bbox 805 913 833 964; x_wconf 92' lang='lat' dir='ltr'><strong>et</strong></span> <span class='ocrx_word' id='word_1_71' title='bbox 845 913 938 980; x_wconf 87' lang='lat' dir='ltr'><strong>potest</strong></span> <span class='ocrx_word' id='word_1_72' title='bbox 953 908 1104 980; x_wconf 90' lang='lat' dir='ltr'><strong>essequod</strong></span> <span class='ocrx_word' id='word_1_73' title='bbox 1119 907 1174 964; x_wconf 90' lang='lat' dir='ltr'><strong>ista</strong></span> <span class='ocrx_word' id='word_1_74' title='bbox 1188 921 1274 964; x_wconf 88' lang='lat' dir='ltr'><strong>causa</strong></span> <span class='ocrx_word' id='word_1_75' title='bbox 1288 909 1318 962; x_wconf 94' lang='lat' dir='ltr'><strong>et</strong></span> 
     </span>
     <span class='ocr_line' id='line_1_8' title="bbox 84 974 1319 1107; baseline 0.002 -5"><span class='ocrx_word' id='word_1_76' title='bbox 84 974 673 1105; x_wconf 64' lang='lat' dir='ltr'><strong>lilltitiiiiialiialii-it</strong></span> <span class='ocrx_word' id='word_1_77' title='bbox 728 978 1085 1107; x_wconf 49' lang='lat' dir='ltr'><strong>liaed³⁹¹l⁰⁰¹¹⁰llel¹¹⁰²</strong></span> <span class='ocrx_word' id='word_1_78' title='bbox 1101 980 1137 1105; x_wconf 63' lang='lat' dir='ltr'><strong>ld</strong></span> <span class='ocrx_word' id='word_1_79' title='bbox 1154 977 1319 1105; x_wconf 59' lang='lat' dir='ltr'><strong>raviam</strong></span> 
     </span>
     <span class='ocr_line' id='line_1_9' title="bbox 85 1062 1320 1202; baseline 0.004 -29"><span class='ocrx_word' id='word_1_80' title='bbox 85 1062 227 1200; x_wconf 52' lang='lat' dir='ltr'><strong>pervigersae</strong></span> <span class='ocrx_word' id='word_1_81' title='bbox 252 1133 315 1190; x_wconf 84' lang='lat' dir='ltr'><strong>quae</strong></span> <span class='ocrx_word' id='word_1_82' title='bbox 328 1089 600 1202; x_wconf 50' lang='lat' dir='ltr'><strong>modelermentime</strong></span> <span class='ocrx_word' id='word_1_83' title='bbox 612 1122 673 1178; x_wconf 89' lang='lat' dir='ltr'><strong>veri</strong></span> <span class='ocrx_word' id='word_1_84' title='bbox 728 1064 1320 1195; x_wconf 45' lang='lat' dir='ltr'><strong>{iffilssdrpusfnusegliqffagdgmdgltggguffi</strong></span> 
     </span>
     <span class='ocr_line' id='line_1_10' title="bbox 86 1160 1319 1323; baseline 0.002 -7"><span class='ocrx_word' id='word_1_85' title='bbox 86 1160 672 1322; x_wconf 64' lang='lat' dir='ltr'><strong>similituinterimitur</strong></span> <span class='ocrx_word' id='word_1_86' title='bbox 728 1193 1085 1323; x_wconf 49' lang='lat' dir='ltr'><strong>eluviei-lvi</strong></span> <span class='ocrx_word' id='word_1_87' title='bbox 1108 1191 1188 1266; x_wconf 58' lang='lat' dir='ltr'><strong>ui</strong></span> <span class='ocrx_word' id='word_1_88' title='bbox 1210 1192 1319 1319; x_wconf 64' lang='lat' dir='ltr'><strong>uu</strong></span> 
     </span>
     <span class='ocr_line' id='line_1_11' title="bbox 87 1280 1319 1463; baseline 0.002 -75"><span class='ocrx_word' id='word_1_89' title='bbox 87 1331 262 1390; x_wconf 79' lang='lat' dir='ltr'><strong>admiscetur</strong></span> <span class='ocrx_word' id='word_1_90' title='bbox 274 1334 442 1417; x_wconf 79' lang='lat' dir='ltr'><strong>corrumpit,</strong></span> <span class='ocrx_word' id='word_1_91' title='bbox 453 1339 481 1392; x_wconf 92' lang='lat' dir='ltr'><strong>et</strong></span> <span class='ocrx_word' id='word_1_92' title='bbox 493 1335 529 1393; x_wconf 88' lang='lat' dir='ltr'><strong>ad</strong></span> <span class='ocrx_word' id='word_1_93' title='bbox 539 1281 673 1463; x_wconf 49' lang='lat' dir='ltr'><strong>sagiorem</strong></span> <span class='ocrx_word' id='word_1_94' title='bbox 728 1282 962 1397; x_wconf 43' lang='lat' dir='ltr'><strong>cervs&#39;mlt&#39;udeur&#39;r&#39;r²</strong></span> <span class='ocrx_word' id='word_1_95' title='bbox 969 1280 1275 1404; x_wconf 47' lang='lat' dir='ltr'><strong>ui&#39;mamwmw’a·</strong></span> <span class='ocrx_word' id='word_1_96' title='bbox 1287 1338 1319 1392; x_wconf 84' lang='lat' dir='ltr'><strong>im</strong></span> 
     </span>
     <span class='ocr_line' id='line_1_12' title="bbox 86 1407 1318 1488; baseline 0.002 -29"><span class='ocrx_word' id='word_1_97' title='bbox 86 1420 168 1460; x_wconf 91' lang='lat' dir='ltr'><strong>suum</strong></span> <span class='ocrx_word' id='word_1_98' title='bbox 181 1421 304 1488; x_wconf 36' lang='lat' dir='ltr'><strong>pravum.</strong></span> <span class='ocrx_word' id='word_1_99' title='bbox 314 1407 411 1463; x_wconf 79' lang='lat' dir='ltr'><strong>trahit.</strong></span> <span class='ocrx_word' id='word_1_100' title='bbox 430 1410 487 1464; x_wconf 88' lang='lat' dir='ltr'><strong>lloo</strong></span> <span class='ocrx_word' id='word_1_101' title='bbox 511 1412 554 1465; x_wconf 90' lang='lat' dir='ltr'><strong>est</strong></span> <span class='ocrx_word' id='word_1_102' title='bbox 587 1423 673 1479; x_wconf 86' lang='lat' dir='ltr'><strong>equo</strong></span> <span class='ocrx_word' id='word_1_103' title='bbox 728 1414 819 1468; x_wconf 82' lang='lat' dir='ltr'><strong>uirum</strong></span> <span class='ocrx_word' id='word_1_104' title='bbox 834 1412 986 1479; x_wconf 81' lang='lat' dir='ltr'><strong>introieris,</strong></span> <span class='ocrx_word' id='word_1_105' title='bbox 999 1411 1104 1466; x_wconf 82' lang='lat' dir='ltr'><strong>nemini</strong></span> <span class='ocrx_word' id='word_1_106' title='bbox 1114 1408 1222 1464; x_wconf 74' lang='lat' dir='ltr'><strong>diaetis</strong></span> <span class='ocrx_word' id='word_1_107' title='bbox 1234 1408 1318 1463; x_wconf 87' lang='lat' dir='ltr'><strong>mira-</strong></span> 
     </span>
     <span class='ocr_line' id='line_1_13' title="bbox 85 1475 1317 1553; baseline 0.002 -21"><span class='ocrx_word' id='word_1_108' title='bbox 85 1475 237 1547; x_wconf 75' lang='lat' dir='ltr'><strong>Aposlolus</strong></span> <span class='ocrx_word' id='word_1_109' title='bbox 250 1476 319 1534; x_wconf 81' lang='lat' dir='ltr'><strong>dicit</strong></span> <span class='ocrx_word' id='word_1_110' title='bbox 336 1478 496 1535; x_wconf 78' lang='lat' dir='ltr'><strong>:Modicum</strong></span> <span class='ocrx_word' id='word_1_111' title='bbox 509 1482 673 1548; x_wconf 74' lang='lat' dir='ltr'><strong>fermentum</strong></span> <span class='ocrx_word' id='word_1_112' title='bbox 728 1482 765 1540; x_wconf 93' lang='lat' dir='ltr'><strong>ad</strong></span> <span class='ocrx_word' id='word_1_113' title='bbox 793 1480 926 1540; x_wconf 82' lang='lat' dir='ltr'><strong>vanitatis</strong></span> <span class='ocrx_word' id='word_1_114' title='bbox 951 1480 1130 1553; x_wconf 86' lang='lat' dir='ltr'><strong>jactantiam,</strong></span> <span class='ocrx_word' id='word_1_115' title='bbox 1158 1485 1191 1536; x_wconf 92' lang='lat' dir='ltr'><strong>ut</strong></span> <span class='ocrx_word' id='word_1_116' title='bbox 1218 1477 1317 1535; x_wconf 89' lang='lat' dir='ltr'><strong>mundi</strong></span> 
     </span>
     <span class='ocr_line' id='line_1_14' title="bbox 86 1550 1317 1631; baseline 0.002 -28"><span class='ocrx_word' id='word_1_117' title='bbox 86 1552 172 1630; x_wconf 82' lang='lat' dir='ltr'><strong>totam</strong></span> <span class='ocrx_word' id='word_1_118' title='bbox 184 1565 305 1631; x_wconf 80' lang='lat' dir='ltr'><strong>massam</strong></span> <span class='ocrx_word' id='word_1_119' title='bbox 316 1554 478 1623; x_wconf 77' lang='lat' dir='ltr'><strong>corrumpit.</strong></span> <span class='ocrx_word' id='word_1_120' title='bbox 487 1551 528 1607; x_wconf 76' lang='lat' dir='ltr'><strong>Ab</strong></span> <span class='ocrx_word' id='word_1_121' title='bbox 540 1550 596 1607; x_wconf 92' lang='lat' dir='ltr'><strong>isto</strong></span> <span class='ocrx_word' id='word_1_122' title='bbox 605 1566 673 1624; x_wconf 91' lang='lat' dir='ltr'><strong>crgo</strong></span> <span class='ocrx_word' id='word_1_123' title='bbox 728 1554 850 1626; x_wconf 79' lang='lat' dir='ltr'><strong>gloriam</strong></span> <span class='ocrx_word' id='word_1_124' title='bbox 865 1568 918 1611; x_wconf 92' lang='lat' dir='ltr'><strong>nos</strong></span> <span class='ocrx_word' id='word_1_125' title='bbox 937 1552 1054 1610; x_wconf 88' lang='lat' dir='ltr'><strong>doceret</strong></span> <span class='ocrx_word' id='word_1_126' title='bbox 1072 1552 1187 1624; x_wconf 86' lang='lat' dir='ltr'><strong>sugere;</strong></span> <span class='ocrx_word' id='word_1_127' title='bbox 1205 1550 1256 1607; x_wconf 86' lang='lat' dir='ltr'><strong>sed</strong></span> <span class='ocrx_word' id='word_1_128' title='bbox 1273 1554 1317 1606; x_wconf 85' lang='lat' dir='ltr'><strong>ta·</strong></span> 
     </span>
     <span class='ocr_line' id='line_1_15' title="bbox 85 1620 1318 1698; baseline 0.002 -24"><span class='ocrx_word' id='word_1_129' title='bbox 85 1626 305 1677; x_wconf 79' lang='lat' dir='ltr'><strong>sicutanocrvo</strong></span> <span class='ocrx_word' id='word_1_130' title='bbox 319 1621 672 1680; x_wconf 86' lang='lat' dir='ltr'><strong>cibosummeestcaven·</strong></span> <span class='ocrx_word' id='word_1_131' title='bbox 729 1640 796 1683; x_wconf 89' lang='lat' dir='ltr'><strong>men</strong></span> <span class='ocrx_word' id='word_1_132' title='bbox 824 1624 919 1683; x_wconf 89' lang='lat' dir='ltr'><strong>dicere</strong></span> <span class='ocrx_word' id='word_1_133' title='bbox 947 1626 1061 1698; x_wconf 89' lang='lat' dir='ltr'><strong>poterat</strong></span> <span class='ocrx_word' id='word_1_134' title='bbox 1085 1629 1114 1681; x_wconf 92' lang='lat' dir='ltr'><strong>et</strong></span> <span class='ocrx_word' id='word_1_135' title='bbox 1143 1621 1252 1692; x_wconf 85' lang='lat' dir='ltr'><strong>debuit,</strong></span> <span class='ocrx_word' id='word_1_136' title='bbox 1281 1620 1318 1678; x_wconf 89' lang='lat' dir='ltr'><strong>ad</strong></span> 
     </span>
     <span class='ocr_line' id='line_1_16' title="bbox 85 1689 1318 1775; baseline 0.001 -28"><span class='ocrx_word' id='word_1_137' title='bbox 85 1689 440 1775; x_wconf 68' lang='lat' dir='ltr'><strong>dumundcamormim</strong></span> <span class='ocrx_word' id='word_1_138' title='bbox 455 1713 465 1751; x_wconf 94' lang='lat'><strong>.·</strong></span> <span class='ocrx_word' id='word_1_139' title='bbox 482 1715 497 1744; x_wconf 91' lang='lat'>«</span> <span class='ocrx_word' id='word_1_140' title='bbox 512 1693 599 1752; x_wconf 85' lang='lat' dir='ltr'><strong>Cibus</strong></span> <span class='ocrx_word' id='word_1_141' title='bbox 613 1710 674 1751; x_wconf 89' lang='lat' dir='ltr'><strong>cor·</strong></span> <span class='ocrx_word' id='word_1_142' title='bbox 729 1695 961 1769; x_wconf 68' lang='lat' dir='ltr'><strong>praedicationem</strong></span> <span class='ocrx_word' id='word_1_143' title='bbox 990 1694 1082 1753; x_wconf 86' lang='lat' dir='ltr'><strong>laudis</strong></span> <span class='ocrx_word' id='word_1_144' title='bbox 1111 1694 1236 1762; x_wconf 77' lang='lat' dir='ltr'><strong>divinoe3</strong></span> <span class='ocrx_word' id='word_1_145' title='bbox 1263 1693 1318 1749; x_wconf 91' lang='lat' dir='ltr'><strong>hoc</strong></span> 
     </span>
     <span class='ocr_line' id='line_1_17' title="bbox 84 1763 1319 1839; baseline 0.002 -21"><span class='ocrx_word' id='word_1_146' title='bbox 84 1763 191 1835; x_wconf 85' lang='lat' dir='ltr'><strong>poralrs</strong></span> <span class='ocrx_word' id='word_1_147' title='bbox 209 1779 327 1820; x_wconf 79' lang='lat' dir='ltr'><strong>nocivus</strong></span> <span class='ocrx_word' id='word_1_148' title='bbox 343 1780 407 1821; x_wconf 89' lang='lat' dir='ltr'><strong>cum</strong></span> <span class='ocrx_word' id='word_1_149' title='bbox 422 1780 527 1835; x_wconf 89' lang='lat' dir='ltr'><strong>magna</strong></span> <span class='ocrx_word' id='word_1_150' title='bbox 539 1765 674 1821; x_wconf 90' lang='lat' dir='ltr'><strong>sollicitu-</strong></span> <span class='ocrx_word' id='word_1_151' title='bbox 728 1769 857 1825; x_wconf 89' lang='lat' dir='ltr'><strong>nondum</strong></span> <span class='ocrx_word' id='word_1_152' title='bbox 871 1767 1043 1839; x_wconf 90' lang='lat' dir='ltr'><strong>intelligunt,</strong></span> <span class='ocrx_word' id='word_1_153' title='bbox 1059 1765 1106 1838; x_wconf 86' lang='lat' dir='ltr'><strong>qui</strong></span> <span class='ocrx_word' id='word_1_154' title='bbox 1120 1765 1219 1823; x_wconf 91' lang='lat' dir='ltr'><strong>omnia</strong></span> <span class='ocrx_word' id='word_1_155' title='bbox 1230 1778 1319 1837; x_wconf 88' lang='lat' dir='ltr'><strong>opera</strong></span> 
     </span>
     <span class='ocr_line' id='line_1_18' title="bbox 84 1833 1318 1916; baseline 0.003 -27"><span class='ocrx_word' id='word_1_156' title='bbox 84 1833 152 1916; x_wconf 79' lang='lat' dir='ltr'><strong>dine</strong></span> <span class='ocrx_word' id='word_1_157' title='bbox 168 1841 294 1904; x_wconf 90' lang='lat' dir='ltr'><strong>cavetur,</strong></span> <span class='ocrx_word' id='word_1_158' title='bbox 312 1840 419 1906; x_wconf 86' lang='lat' dir='ltr'><strong>quanto</strong></span> <span class='ocrx_word' id='word_1_159' title='bbox 434 1835 526 1908; x_wconf 87' lang='lat' dir='ltr'><strong>magis</strong></span> <span class='ocrx_word' id='word_1_160' title='bbox 541 1839 674 1909; x_wconf 86' lang='lat' dir='ltr'><strong>spiritua·</strong></span> <span class='ocrx_word' id='word_1_161' title='bbox 729 1856 791 1908; x_wconf 88' lang='lat' dir='ltr'><strong>sua,</strong></span> <span class='ocrx_word' id='word_1_162' title='bbox 807 1844 840 1896; x_wconf 93' lang='lat' dir='ltr'><strong>ut</strong></span> <span class='ocrx_word' id='word_1_163' title='bbox 859 1839 895 1896; x_wconf 91' lang='lat' dir='ltr'><strong>ab</strong></span> <span class='ocrx_word' id='word_1_164' title='bbox 914 1837 1080 1895; x_wconf 92' lang='lat' dir='ltr'><strong>hominibus</strong></span> <span class='ocrx_word' id='word_1_165' title='bbox 1099 1837 1260 1904; x_wconf 87' lang='lat' dir='ltr'><strong>videantur,</strong></span> <span class='ocrx_word' id='word_1_166' title='bbox 1275 1835 1318 1893; x_wconf 79' lang='lat' dir='ltr'><strong>fa·</strong></span> 
     </span>
     <span class='ocr_line' id='line_1_19' title="bbox 85 1905 1317 1981; baseline 0.002 -19"><span class='ocrx_word' id='word_1_167' title='bbox 85 1905 133 1962; x_wconf 76' lang='lat' dir='ltr'><strong>list</strong></span> <span class='ocrx_word' id='word_1_168' title='bbox 146 1928 160 1961; x_wconf 82' lang='lat' dir='ltr'><strong>o</strong></span> <span class='ocrx_word' id='word_1_169' title='bbox 174 1910 249 1964; x_wconf 82' lang='lat' dir='ltr'><strong>Tunc</strong></span> <span class='ocrx_word' id='word_1_170' title='bbox 264 1909 472 1977; x_wconf 77' lang='lat' dir='ltr'><strong>intellexerunt,</strong></span> <span class='ocrx_word' id='word_1_171' title='bbox 481 1910 549 1979; x_wconf 78' lang='lat' dir='ltr'><strong>quia</strong></span> <span class='ocrx_word' id='word_1_172' title='bbox 565 1925 619 1966; x_wconf 87' lang='lat' dir='ltr'><strong>noa</strong></span> <span class='ocrx_word' id='word_1_173' title='bbox 631 1910 674 1964; x_wconf 87' lang='lat' dir='ltr'><strong>di-</strong></span> <span class='ocrx_word' id='word_1_174' title='bbox 729 1910 817 1980; x_wconf 89' lang='lat' dir='ltr'><strong>ciunt,</strong></span> <span class='ocrx_word' id='word_1_175' title='bbox 828 1908 1122 1981; x_wconf 79' lang='lat' dir='ltr'><strong>dequibusliominus</strong></span> <span class='ocrx_word' id='word_1_176' title='bbox 1137 1908 1317 1979; x_wconf 79' lang='lat' dir='ltr'><strong>aittliecepc·</strong></span> 
     </span>
     <span class='ocr_line' id='line_1_20' title="bbox 84 1979 1319 2049; baseline 0.002 -16"><span class='ocrx_word' id='word_1_177' title='bbox 84 1981 160 2034; x_wconf 80' lang='lat' dir='ltr'><strong>uerit</strong></span> <span class='ocrx_word' id='word_1_178' title='bbox 188 1980 340 2036; x_wconf 86' lang='lat' dir='ltr'><strong>cavendum</strong></span> <span class='ocrx_word' id='word_1_179' title='bbox 366 1997 384 2034; x_wconf 92' lang='lat' dir='ltr'><strong>a</strong></span> <span class='ocrx_word' id='word_1_180' title='bbox 405 1981 539 2049; x_wconf 70' lang='lat' dir='ltr'><strong>fenuculo</strong></span> <span class='ocrx_word' id='word_1_181' title='bbox 596 1996 673 2049; x_wconf 89' lang='lat' dir='ltr'><strong>uum,</strong></span> <span class='ocrx_word' id='word_1_182' title='bbox 729 1987 796 2039; x_wconf 83' lang='lat' dir='ltr'><strong>ruat</strong></span> <span class='ocrx_word' id='word_1_183' title='bbox 809 1982 957 2038; x_wconf 77' lang='lat' dir='ltr'><strong>mercedem</strong></span> <span class='ocrx_word' id='word_1_184' title='bbox 969 1997 1059 2048; x_wconf 83' lang='lat' dir='ltr'><strong>suam,</strong></span> <span class='ocrx_word' id='word_1_185' title='bbox 1072 1983 1140 2037; x_wconf 82' lang='lat' dir='ltr'><strong>caui</strong></span> <span class='ocrx_word' id='word_1_186' title='bbox 1153 1996 1264 2037; x_wconf 82' lang='lat' dir='ltr'><strong>uanam.</strong></span> <span class='ocrx_word' id='word_1_187' title='bbox 1279 1979 1319 2036; x_wconf 86' lang='lat' dir='ltr'><strong>Nc</strong></span> 
     </span>
     <span class='ocr_line' id='line_1_21' title="bbox 85 2049 1320 2126; baseline 0.002 -21"><span class='ocrx_word' id='word_1_188' title='bbox 85 2049 193 2107; x_wconf 90' lang='lat' dir='ltr'><strong>scilicet</strong></span> <span class='ocrx_word' id='word_1_189' title='bbox 214 2049 422 2118; x_wconf 69' lang='lat' dir='ltr'><strong>materialium</strong></span> <span class='ocrx_word' id='word_1_190' title='bbox 435 2051 484 2107; x_wconf 85' lang='lat' dir='ltr'><strong>scd</strong></span> <span class='ocrx_word' id='word_1_191' title='bbox 506 2069 524 2106; x_wconf 92' lang='lat' dir='ltr'><strong>a</strong></span> <span class='ocrx_word' id='word_1_192' title='bbox 566 2055 673 2108; x_wconf 85' lang='lat' dir='ltr'><strong>octrirra</strong></span> <span class='ocrx_word' id='word_1_193' title='bbox 730 2070 799 2126; x_wconf 87' lang='lat' dir='ltr'><strong>ergo</strong></span> <span class='ocrx_word' id='word_1_194' title='bbox 813 2052 860 2111; x_wconf 90' lang='lat' dir='ltr'><strong>bic</strong></span> <span class='ocrx_word' id='word_1_195' title='bbox 879 2051 1001 2126; x_wconf 87' lang='lat' dir='ltr'><strong>recipias</strong></span> <span class='ocrx_word' id='word_1_196' title='bbox 1016 2052 1190 2116; x_wconf 81' lang='lat' dir='ltr'><strong>mercedem.</strong></span> <span class='ocrx_word' id='word_1_197' title='bbox 1206 2055 1235 2108; x_wconf 88' lang='lat' dir='ltr'><strong>et</strong></span> <span class='ocrx_word' id='word_1_198' title='bbox 1250 2049 1320 2108; x_wconf 89' lang='lat' dir='ltr'><strong>reci·</strong></span> 
     </span>
     <span class='ocr_line' id='line_1_22' title="bbox 85 2122 1320 2204; baseline 0.002 -27"><span class='ocrx_word' id='word_1_199' title='bbox 85 2124 286 2204; x_wconf 70' lang='lat' dir='ltr'><strong>Pharisaeorum</strong></span> <span class='ocrx_word' id='word_1_200' title='bbox 313 2126 340 2179; x_wconf 94' lang='lat' dir='ltr'><strong>et</strong></span> <span class='ocrx_word' id='word_1_201' title='bbox 364 2124 587 2192; x_wconf 68' lang='lat' dir='ltr'><strong>sadduceorum,</strong></span> <span class='ocrx_word' id='word_1_202' title='bbox 610 2139 674 2196; x_wconf 82' lang='lat' dir='ltr'><strong>quae</strong></span> <span class='ocrx_word' id='word_1_203' title='bbox 729 2124 951 2199; x_wconf 84' lang='lat' dir='ltr'><strong>piendoperdns</strong></span> <span class='ocrx_word' id='word_1_204' title='bbox 966 2129 1120 2192; x_wconf 69' lang='lat' dir='ltr'><strong>aeternam</strong></span> <span class='ocrx_word' id='word_1_205' title='bbox 1135 2122 1320 2180; x_wconf 81' lang='lat' dir='ltr'><strong>vitiositatem</strong></span> 
     </span>
     <span class='ocr_line' id='line_1_23' title="bbox 86 2193 1318 2267; baseline 0 -18"><span class='ocrx_word' id='word_1_206' title='bbox 86 2197 199 2251; x_wconf 79' lang='lat' dir='ltr'><strong>ratione</strong></span> <span class='ocrx_word' id='word_1_207' title='bbox 213 2194 350 2267; x_wconf 79' lang='lat' dir='ltr'><strong>praedicta</strong></span> <span class='ocrx_word' id='word_1_208' title='bbox 360 2199 479 2252; x_wconf 88' lang='lat' dir='ltr'><strong>vocatur</strong></span> <span class='ocrx_word' id='word_1_209' title='bbox 489 2195 671 2253; x_wconf 78' lang='lat' dir='ltr'><strong>fermentum.</strong></span> <span class='ocrx_word' id='word_1_210' title='bbox 730 2202 809 2255; x_wconf 91' lang='lat' dir='ltr'><strong>tuam</strong></span> <span class='ocrx_word' id='word_1_211' title='bbox 849 2196 924 2255; x_wconf 90' lang='lat' dir='ltr'><strong>otius</strong></span> <span class='ocrx_word' id='word_1_212' title='bbox 938 2210 1150 2267; x_wconf 69' lang='lat' dir='ltr'><strong>mammonam</strong></span> <span class='ocrx_word' id='word_1_213' title='bbox 1167 2193 1318 2263; x_wconf 89' lang='lat' dir='ltr'><strong>virtutem,</strong></span> 
     </span>
    </p>

    <p class='ocr_par' dir='ltr' id='par_1_3' title="bbox 85 2213 1319 2556">
     <span class='ocr_line' id='line_1_24' title="bbox 122 2213 1319 2342; baseline -0.001 -21"><span class='ocrx_word' id='word_1_214' title='bbox 122 2270 137 2321; x_wconf 85' lang='lat'><strong>5</strong></span> <span class='ocrx_word' id='word_1_215' title='bbox 159 2267 335 2324; x_wconf 75' lang='lat' dir='ltr'><strong>lnnuumnmo</strong></span> <span class='ocrx_word' id='word_1_216' title='bbox 354 2284 417 2323; x_wconf 74' lang='lat' dir='ltr'><strong>caci</strong></span> <span class='ocrx_word' id='word_1_217' title='bbox 436 2269 596 2324; x_wconf 69' lang='lat' dir='ltr'><strong>Barsalium</strong></span> <span class='ocrx_word' id='word_1_218' title='bbox 615 2285 673 2324; x_wconf 84' lang='lat' dir='ltr'><strong>vm·</strong></span> <span class='ocrx_word' id='word_1_219' title='bbox 730 2213 1198 2342; x_wconf 59' lang='lat' dir='ltr'><strong>exempfobpostolidicentistoui</strong></span> <span class='ocrx_word' id='word_1_220' title='bbox 1205 2268 1252 2335; x_wconf 74' lang='lat' dir='ltr'><strong>(cri</strong></span> <span class='ocrx_word' id='word_1_221' title='bbox 1262 2264 1319 2321; x_wconf 86' lang='lat' dir='ltr'><strong>bla-</strong></span> 
     </span>
     <span class='ocr_line' id='line_1_25' title="bbox 87 2338 1318 2413; baseline 0 -20"><span class='ocrx_word' id='word_1_222' title='bbox 87 2354 143 2394; x_wconf 81' lang='lat' dir='ltr'><strong>unu</strong></span> <span class='ocrx_word' id='word_1_223' title='bbox 152 2355 315 2395; x_wconf 80' lang='lat' dir='ltr'><strong>runnnracrn</strong></span> <span class='ocrx_word' id='word_1_224' title='bbox 324 2356 458 2396; x_wconf 79' lang='lat' dir='ltr'><strong>manuus.</strong></span> <span class='ocrx_word' id='word_1_225' title='bbox 470 2370 506 2382; x_wconf 89' lang='lat'><strong>·-</strong></span> <span class='ocrx_word' id='word_1_226' title='bbox 514 2343 551 2396; x_wconf 80' lang='lat' dir='ltr'><strong>lit</strong></span> <span class='ocrx_word' id='word_1_227' title='bbox 560 2341 674 2395; x_wconf 83' lang='lat' dir='ltr'><strong>veniunt</strong></span> <span class='ocrx_word' id='word_1_228' title='bbox 729 2343 868 2412; x_wconf 75' lang='lat' dir='ltr'><strong>aplanus,</strong></span> <span class='ocrx_word' id='word_1_229' title='bbox 879 2346 905 2396; x_wconf 88' lang='lat' dir='ltr'><strong>et</strong></span> <span class='ocrx_word' id='word_1_230' title='bbox 922 2344 1081 2413; x_wconf 82' lang='lat' dir='ltr'><strong>persecutus</strong></span> <span class='ocrx_word' id='word_1_231' title='bbox 1095 2355 1156 2395; x_wconf 88' lang='lat' dir='ltr'><strong>sum</strong></span> <span class='ocrx_word' id='word_1_232' title='bbox 1167 2338 1318 2395; x_wconf 81' lang='lat' dir='ltr'><strong>Ecclesiam</strong></span> 
     </span>
     <span class='ocr_line' id='line_1_26' title="bbox 85 2408 1318 2482; baseline -0.001 -17"><span class='ocrx_word' id='word_1_233' title='bbox 85 2411 273 2481; x_wconf 76' lang='lat' dir='ltr'><strong>Bethsaidam,</strong></span> <span class='ocrx_word' id='word_1_234' title='bbox 295 2415 321 2467; x_wconf 88' lang='lat' dir='ltr'><strong>et</strong></span> <span class='ocrx_word' id='word_1_235' title='bbox 339 2411 482 2467; x_wconf 82' lang='lat' dir='ltr'><strong>adducunt</strong></span> <span class='ocrx_word' id='word_1_236' title='bbox 510 2413 536 2467; x_wconf 88' lang='lat' dir='ltr'><strong>ei</strong></span> <span class='ocrx_word' id='word_1_237' title='bbox 563 2427 672 2479; x_wconf 78' lang='lat' dir='ltr'><strong>cacum,</strong></span> <span class='ocrx_word' id='word_1_238' title='bbox 729 2415 788 2470; x_wconf 81' lang='lat' dir='ltr'><strong>liei.</strong></span> <span class='ocrx_word' id='word_1_239' title='bbox 805 2411 884 2469; x_wconf 88' lang='lat' dir='ltr'><strong>Unda</strong></span> <span class='ocrx_word' id='word_1_240' title='bbox 899 2412 1093 2482; x_wconf 79' lang='lat' dir='ltr'><strong>Augustinus:</strong></span> <span class='ocrx_word' id='word_1_241' title='bbox 1108 2430 1123 2464; x_wconf 77' lang='lat' dir='ltr'><strong>c</strong></span> <span class='ocrx_word' id='word_1_242' title='bbox 1136 2409 1185 2467; x_wconf 87' lang='lat' dir='ltr'><strong>Vis</strong></span> <span class='ocrx_word' id='word_1_243' title='bbox 1198 2408 1318 2465; x_wconf 88' lang='lat' dir='ltr'><strong>virtutes</strong></span> 
     </span>
     <span class='ocr_line' id='line_1_27' title="bbox 85 2479 1317 2556; baseline 0 -20"><span class='ocrx_word' id='word_1_244' title='bbox 85 2487 111 2537; x_wconf 90' lang='lat' dir='ltr'><strong>et</strong></span> <span class='ocrx_word' id='word_1_245' title='bbox 122 2483 259 2551; x_wconf 78' lang='lat' dir='ltr'><strong>rogabant</strong></span> <span class='ocrx_word' id='word_1_246' title='bbox 268 2487 299 2539; x_wconf 93' lang='lat' dir='ltr'><strong>ut</strong></span> <span class='ocrx_word' id='word_1_247' title='bbox 310 2483 391 2538; x_wconf 88' lang='lat' dir='ltr'><strong>illum</strong></span> <span class='ocrx_word' id='word_1_248' title='bbox 406 2487 539 2552; x_wconf 82' lang='lat' dir='ltr'><strong>tauperet,</strong></span> <span class='ocrx_word' id='word_1_249' title='bbox 551 2481 674 2540; x_wconf 88' lang='lat' dir='ltr'><strong>llrmiter</strong></span> <span class='ocrx_word' id='word_1_250' title='bbox 729 2489 793 2542; x_wconf 86' lang='lat' dir='ltr'><strong>tuas</strong></span> <span class='ocrx_word' id='word_1_251' title='bbox 807 2482 917 2555; x_wconf 89' lang='lat' dir='ltr'><strong>augeri,</strong></span> <span class='ocrx_word' id='word_1_252' title='bbox 933 2482 1055 2556; x_wconf 89' lang='lat' dir='ltr'><strong>prodere</strong></span> <span class='ocrx_word' id='word_1_253' title='bbox 1068 2480 1138 2551; x_wconf 89' lang='lat' dir='ltr'><strong>noli,</strong></span> <span class='ocrx_word' id='word_1_254' title='bbox 1149 2481 1215 2552; x_wconf 86' lang='lat' dir='ltr'><strong>iuge</strong></span> <span class='ocrx_word' id='word_1_255' title='bbox 1226 2479 1317 2537; x_wconf 83' lang='lat' dir='ltr'><strong>videri</strong></span> 
     </span>
    </p>
   </div>
   <div class='ocr_carea' id='block_1_3' title="bbox 84 2549 1416 2630">
    <p class='ocr_par' dir='ltr' id='par_1_4' title="bbox 84 2549 1416 2630">
     <span class='ocr_line' id='line_1_28' title="bbox 84 2549 1416 2630; baseline -0.002 -21"><span class='ocrx_word' id='word_1_256' title='bbox 84 2552 233 2611; x_wconf 89' lang='lat' dir='ltr'><strong>credentes</strong></span> <span class='ocrx_word' id='word_1_257' title='bbox 250 2553 374 2626; x_wconf 92' lang='lat' dir='ltr'><strong>quodad</strong></span> <span class='ocrx_word' id='word_1_258' title='bbox 388 2559 496 2611; x_wconf 85' lang='lat' dir='ltr'><strong>tactum</strong></span> <span class='ocrx_word' id='word_1_259' title='bbox 511 2555 571 2626; x_wconf 75' lang='lat' dir='ltr'><strong>eius</strong></span> <span class='ocrx_word' id='word_1_260' title='bbox 585 2570 672 2612; x_wconf 87' lang='lat' dir='ltr'><strong>sanus</strong></span> <span class='ocrx_word' id='word_1_261' title='bbox 728 2556 805 2630; x_wconf 82' lang='lat' dir='ltr'><strong>quod</strong></span> <span class='ocrx_word' id='word_1_262' title='bbox 831 2571 894 2613; x_wconf 87' lang='lat' dir='ltr'><strong>esse</strong></span> <span class='ocrx_word' id='word_1_263' title='bbox 921 2553 1060 2612; x_wconf 91' lang='lat' dir='ltr'><strong>meruisti.</strong></span> <span class='ocrx_word' id='word_1_264' title='bbox 1090 2551 1171 2622; x_wconf 87' lang='lat' dir='ltr'><strong>Quod</strong></span> <span class='ocrx_word' id='word_1_265' title='bbox 1196 2549 1316 2608; x_wconf 86' lang='lat' dir='ltr'><strong>manile·</strong></span> <span class='ocrx_word' id='word_1_266' title='bbox 1412 2560 1416 2567; x_wconf 89' lang='grc'><strong>“</strong></span> 
     </span>
    </p>
   </div>
   <div class='ocr_carea' id='block_1_4' title="bbox 82 2623 1357 3773">
    <p class='ocr_par' dir='ltr' id='par_1_5' title="bbox 86 2623 1318 2780">
     <span class='ocr_line' id='line_1_29' title="bbox 86 2623 1318 2699; baseline -0.002 -18"><span class='ocrx_word' id='word_1_267' title='bbox 86 2624 178 2682; x_wconf 85' lang='lat' dir='ltr'><strong>lieret.</strong></span> <span class='ocrx_word' id='word_1_268' title='bbox 206 2628 243 2683; x_wconf 83' lang='lat' dir='ltr'><strong>Et</strong></span> <span class='ocrx_word' id='word_1_269' title='bbox 267 2628 439 2698; x_wconf 70' lang='lat' dir='ltr'><strong>apprehensa</strong></span> <span class='ocrx_word' id='word_1_270' title='bbox 471 2641 555 2682; x_wconf 87' lang='lat' dir='ltr'><strong>manu</strong></span> <span class='ocrx_word' id='word_1_271' title='bbox 589 2629 670 2695; x_wconf 80' lang='lat' dir='ltr'><strong>ceci,</strong></span> <span class='ocrx_word' id='word_1_272' title='bbox 726 2627 829 2684; x_wconf 89' lang='lat' dir='ltr'><strong>stando</strong></span> <span class='ocrx_word' id='word_1_273' title='bbox 857 2631 939 2699; x_wconf 87' lang='lat' dir='ltr'><strong>potes</strong></span> <span class='ocrx_word' id='word_1_274' title='bbox 961 2625 1104 2695; x_wconf 89' lang='lat' dir='ltr'><strong>amittere,</strong></span> <span class='ocrx_word' id='word_1_275' title='bbox 1127 2623 1250 2681; x_wconf 89' lang='lat' dir='ltr'><strong>tacendo</strong></span> <span class='ocrx_word' id='word_1_276' title='bbox 1272 2638 1318 2679; x_wconf 90' lang='lat' dir='ltr'><strong>cu·</strong></span> 
     </span>
     <span class='ocr_line' id='line_1_30' title="bbox 89 2696 1130 2780; baseline -0.003 -27"><span class='ocrx_word' id='word_1_277' title='bbox 89 2697 189 2780; x_wconf 75' lang='lat' dir='ltr'><strong>eduxit</strong></span> <span class='ocrx_word' id='word_1_278' title='bbox 206 2714 266 2754; x_wconf 90' lang='lat' dir='ltr'><strong>eum</strong></span> <span class='ocrx_word' id='word_1_279' title='bbox 281 2703 362 2754; x_wconf 84' lang='lat' dir='ltr'><strong>caira</strong></span> <span class='ocrx_word' id='word_1_280' title='bbox 377 2701 478 2766; x_wconf 87' lang='lat' dir='ltr'><strong>uicum,</strong></span> <span class='ocrx_word' id='word_1_281' title='bbox 487 2696 516 2753; x_wconf 92' lang='lat' dir='ltr'><strong>id</strong></span> <span class='ocrx_word' id='word_1_282' title='bbox 536 2700 579 2753; x_wconf 89' lang='lat' dir='ltr'><strong>est</strong></span> <span class='ocrx_word' id='word_1_283' title='bbox 594 2703 674 2755; x_wconf 82' lang='lat' dir='ltr'><strong>extra</strong></span> <span class='ocrx_word' id='word_1_284' title='bbox 727 2697 801 2756; x_wconf 89' lang='lat' dir='ltr'><strong>stodi</strong></span> <span class='ocrx_word' id='word_1_285' title='bbox 817 2721 825 2757; x_wconf 81' lang='lat' dir='ltr'><strong>t</strong></span> <span class='ocrx_word' id='word_1_286' title='bbox 841 2698 903 2756; x_wconf 77' lang='lat' dir='ltr'><strong>bac</strong></span> <span class='ocrx_word' id='word_1_287' title='bbox 915 2698 1100 2768; x_wconf 74' lang='lat' dir='ltr'><strong>Augustinus.</strong></span> <span class='ocrx_word' id='word_1_288' title='bbox 1119 2717 1130 2749; x_wconf 81' lang='grc' dir='ltr'>ι</span> 
     </span>
    </p>

    <p class='ocr_par' dir='ltr' id='par_1_6' title="bbox 82 2768 1357 3773">
     <span class='ocr_line' id='line_1_31' title="bbox 82 2768 1317 2838; baseline 0 -14"><span class='ocrx_word' id='word_1_289' title='bbox 82 2770 261 2827; x_wconf 79' lang='lat' dir='ltr'><strong>vicinitatem</strong></span> <span class='ocrx_word' id='word_1_290' title='bbox 284 2775 314 2828; x_wconf 88' lang='lat' dir='ltr'><strong>et</strong></span> <span class='ocrx_word' id='word_1_291' title='bbox 332 2769 486 2827; x_wconf 88' lang='lat' dir='ltr'><strong>tumultum</strong></span> <span class='ocrx_word' id='word_1_292' title='bbox 512 2768 670 2838; x_wconf 68' lang='lat' dir='ltr'><strong>malorum</strong></span> <span class='ocrx_word' id='word_1_293' title='bbox 763 2772 1317 2828; x_wconf 76' lang='lat' dir='ltr'><strong>6ltlrsrrcanmusuvmcnnvsrrucavvo.</strong></span> 
     </span>
     <span class='ocr_line' id='line_1_32' title="bbox 84 2838 1317 2914; baseline -0.002 -18"><span class='ocrx_word' id='word_1_294' title='bbox 84 2845 110 2896; x_wconf 87' lang='lat' dir='ltr'><strong>ct</strong></span> <span class='ocrx_word' id='word_1_295' title='bbox 134 2857 269 2914; x_wconf 83' lang='lat' dir='ltr'><strong>caspuem</strong></span> <span class='ocrx_word' id='word_1_296' title='bbox 287 2845 318 2898; x_wconf 87' lang='lat' dir='ltr'><strong>ia</strong></span> <span class='ocrx_word' id='word_1_297' title='bbox 335 2843 427 2898; x_wconf 86' lang='lat' dir='ltr'><strong>oculos</strong></span> <span class='ocrx_word' id='word_1_298' title='bbox 445 2841 517 2912; x_wconf 73' lang='lat' dir='ltr'><strong>eius,</strong></span> <span class='ocrx_word' id='word_1_299' title='bbox 532 2843 672 2913; x_wconf 76' lang='lat' dir='ltr'><strong>impositis</strong></span> <span class='ocrx_word' id='word_1_300' title='bbox 730 2841 850 2900; x_wconf 86' lang='lat' dir='ltr'><strong>-Circa</strong></span> <span class='ocrx_word' id='word_1_301' title='bbox 858 2848 954 2901; x_wconf 88' lang='lat' dir='ltr'><strong>autem</strong></span> <span class='ocrx_word' id='word_1_302' title='bbox 966 2843 1041 2900; x_wconf 88' lang='lat' dir='ltr'><strong>banc</strong></span> <span class='ocrx_word' id='word_1_303' title='bbox 1055 2839 1122 2898; x_wconf 86' lang='lat' dir='ltr'><strong>caeci</strong></span> <span class='ocrx_word' id='word_1_304' title='bbox 1137 2838 1317 2896; x_wconf 89' lang='lat' dir='ltr'><strong>sanationem</strong></span> 
     </span>
     <span class='ocr_line' id='line_1_33' title="bbox 84 2909 1319 2986; baseline 0.001 -19"><span class='ocrx_word' id='word_1_305' title='bbox 84 2914 213 2969; x_wconf 83' lang='lat' dir='ltr'><strong>manibus</strong></span> <span class='ocrx_word' id='word_1_306' title='bbox 224 2915 283 2970; x_wconf 82' lang='lat' dir='ltr'><strong>auia</strong></span> <span class='ocrx_word' id='word_1_307' title='bbox 298 2928 384 2986; x_wconf 89' lang='lat' dir='ltr'><strong>super</strong></span> <span class='ocrx_word' id='word_1_308' title='bbox 398 2913 506 2983; x_wconf 86' lang='lat' dir='ltr'><strong>oculos,</strong></span> <span class='ocrx_word' id='word_1_309' title='bbox 518 2915 674 2983; x_wconf 81' lang='lat' dir='ltr'><strong>interroga·</strong></span> <span class='ocrx_word' id='word_1_310' title='bbox 727 2913 769 2971; x_wconf 90' lang='lat' dir='ltr'><strong>ait</strong></span> <span class='ocrx_word' id='word_1_311' title='bbox 783 2915 878 2972; x_wconf 80' lang='lat' dir='ltr'><strong>Beda:</strong></span> <span class='ocrx_word' id='word_1_312' title='bbox 891 2936 902 2966; x_wconf 82' lang='grc' dir='ltr'>ι</span> <span class='ocrx_word' id='word_1_313' title='bbox 922 2912 1020 2972; x_wconf 78' lang='lat' dir='ltr'><strong>Cuncti</strong></span> <span class='ocrx_word' id='word_1_314' title='bbox 1034 2912 1083 2986; x_wconf 88' lang='lat' dir='ltr'><strong>qui</strong></span> <span class='ocrx_word' id='word_1_315' title='bbox 1096 2928 1114 2970; x_wconf 93' lang='lat' dir='ltr'><strong>a</strong></span> <span class='ocrx_word' id='word_1_316' title='bbox 1129 2909 1251 2969; x_wconf 87' lang='lat' dir='ltr'><strong>Domino</strong></span> <span class='ocrx_word' id='word_1_317' title='bbox 1267 2926 1319 2968; x_wconf 93' lang='lat' dir='ltr'><strong>cu·</strong></span> 
     </span>
     <span class='ocr_line' id='line_1_34' title="bbox 86 2982 1322 3068; baseline 0 -30"><span class='ocrx_word' id='word_1_318' title='bbox 86 2987 126 3067; x_wconf 67' lang='lat' dir='ltr'><strong>rit</strong></span> <span class='ocrx_word' id='word_1_319' title='bbox 143 2988 249 3068; x_wconf 63' lang='lat' dir='ltr'><strong>cumei</strong></span> <span class='ocrx_word' id='word_1_320' title='bbox 263 2987 332 3056; x_wconf 77' lang='lat' dir='ltr'><strong>auid</strong></span> <span class='ocrx_word' id='word_1_321' title='bbox 345 2986 509 3042; x_wconf 76' lang='lat' dir='ltr'><strong>uideretlit</strong></span> <span class='ocrx_word' id='word_1_322' title='bbox 523 2986 672 3058; x_wconf 80' lang='lat' dir='ltr'><strong>aspicieus,</strong></span> <span class='ocrx_word' id='word_1_323' title='bbox 728 2990 830 3044; x_wconf 90' lang='lat' dir='ltr'><strong>rantur</strong></span> <span class='ocrx_word' id='word_1_324' title='bbox 853 2986 1017 3058; x_wconf 77' lang='lat' dir='ltr'><strong>languores,</strong></span> <span class='ocrx_word' id='word_1_325' title='bbox 1038 2982 1231 3058; x_wconf 84' lang='lat' dir='ltr'><strong>spiritualium</strong></span> <span class='ocrx_word' id='word_1_326' title='bbox 1255 2985 1322 3039; x_wconf 88' lang='lat' dir='ltr'><strong>sunt</strong></span> 
     </span>
     <span class='ocr_line' id='line_1_35' title="bbox 87 3055 1322 3129; baseline -0.003 -17"><span class='ocrx_word' id='word_1_327' title='bbox 87 3056 614 3129; x_wconf 83' lang='lat' dir='ltr'><strong>vdestasprcereincipiens,aitcaecus:</strong></span> <span class='ocrx_word' id='word_1_328' title='bbox 627 3059 675 3115; x_wconf 84' lang='lat' dir='ltr'><strong>Vi-</strong></span> <span class='ocrx_word' id='word_1_329' title='bbox 729 3057 812 3129; x_wconf 92' lang='lat' dir='ltr'><strong>signa</strong></span> <span class='ocrx_word' id='word_1_330' title='bbox 834 3058 1017 3129; x_wconf 77' lang='lat' dir='ltr'><strong>languorum,</strong></span> <span class='ocrx_word' id='word_1_331' title='bbox 1033 3055 1137 3128; x_wconf 88' lang='lat' dir='ltr'><strong>quibus</strong></span> <span class='ocrx_word' id='word_1_332' title='bbox 1151 3056 1249 3112; x_wconf 91' lang='lat' dir='ltr'><strong>anima</strong></span> <span class='ocrx_word' id='word_1_333' title='bbox 1269 3067 1322 3126; x_wconf 88' lang='lat' dir='ltr'><strong>per</strong></span> 
     </span>
     <span class='ocr_line' id='line_1_36' title="bbox 86 3123 1319 3197; baseline -0.004 -13"><span class='ocrx_word' id='word_1_334' title='bbox 86 3127 351 3187; x_wconf 85' lang='lat' dir='ltr'><strong>dcobomiacsuelut</strong></span> <span class='ocrx_word' id='word_1_335' title='bbox 363 3130 474 3186; x_wconf 82' lang='lat' dir='ltr'><strong>arbores</strong></span> <span class='ocrx_word' id='word_1_336' title='bbox 489 3129 673 3183; x_wconf 82' lang='lat' dir='ltr'><strong>ambulantes.</strong></span> <span class='ocrx_word' id='word_1_337' title='bbox 749 3132 877 3185; x_wconf 88' lang='lat' dir='ltr'><strong>eccatum</strong></span> <span class='ocrx_word' id='word_1_338' title='bbox 891 3132 1007 3184; x_wconf 73' lang='lat' dir='ltr'><strong>aeternae</strong></span> <span class='ocrx_word' id='word_1_339' title='bbox 1026 3125 1111 3182; x_wconf 90' lang='lat' dir='ltr'><strong>morti</strong></span> <span class='ocrx_word' id='word_1_340' title='bbox 1134 3123 1319 3197; x_wconf 88' lang='lat' dir='ltr'><strong>propinquat.</strong></span> 
     </span>
     <span class='ocr_line' id='line_1_37' title="bbox 86 3145 1320 3280; baseline -0.004 -24"><span class='ocrx_word' id='word_1_341' title='bbox 86 3201 148 3256; x_wconf 88' lang='lat' dir='ltr'><strong>Non</strong></span> <span class='ocrx_word' id='word_1_342' title='bbox 167 3201 244 3256; x_wconf 88' lang='lat' dir='ltr'><strong>enim</strong></span> <span class='ocrx_word' id='word_1_343' title='bbox 259 3200 435 3272; x_wconf 88' lang='lat' dir='ltr'><strong>distinguere</strong></span> <span class='ocrx_word' id='word_1_344' title='bbox 449 3203 562 3272; x_wconf 89' lang='lat' dir='ltr'><strong>poterat</strong></span> <span class='ocrx_word' id='word_1_345' title='bbox 584 3197 674 3280; x_wconf 80' lang='lat' dir='ltr'><strong>linea·</strong></span> <span class='ocrx_word' id='word_1_346' title='bbox 728 3145 809 3256; x_wconf 57' lang='lat' dir='ltr'><strong>gleni</strong></span> <span class='ocrx_word' id='word_1_347' title='bbox 826 3197 902 3255; x_wconf 89' lang='lat' dir='ltr'><strong>enim</strong></span> <span class='ocrx_word' id='word_1_348' title='bbox 924 3197 954 3254; x_wconf 92' lang='lat' dir='ltr'><strong>in</strong></span> <span class='ocrx_word' id='word_1_349' title='bbox 978 3196 1067 3279; x_wconf 79' lang='lat' dir='ltr'><strong>surdo</strong></span> <span class='ocrx_word' id='word_1_350' title='bbox 1087 3199 1116 3252; x_wconf 91' lang='lat' dir='ltr'><strong>et</strong></span> <span class='ocrx_word' id='word_1_351' title='bbox 1139 3201 1218 3277; x_wconf 76' lang='lat' dir='ltr'><strong>muto</strong></span> <span class='ocrx_word' id='word_1_352' title='bbox 1232 3196 1320 3277; x_wconf 72' lang='lat' dir='ltr'><strong>alip-</strong></span> 
     </span>
     <span class='ocr_line' id='line_1_38' title="bbox 87 3268 1319 3343; baseline -0.004 -16"><span class='ocrx_word' id='word_1_353' title='bbox 87 3277 186 3329; x_wconf 87' lang='lat' dir='ltr'><strong>menta</strong></span> <span class='ocrx_word' id='word_1_354' title='bbox 201 3272 390 3330; x_wconf 89' lang='lat' dir='ltr'><strong>humanorum</strong></span> <span class='ocrx_word' id='word_1_355' title='bbox 409 3285 574 3343; x_wconf 88' lang='lat' dir='ltr'><strong>corporum,</strong></span> <span class='ocrx_word' id='word_1_356' title='bbox 593 3268 674 3325; x_wconf 82' lang='lat' dir='ltr'><strong>vide·</strong></span> <span class='ocrx_word' id='word_1_357' title='bbox 730 3272 807 3326; x_wconf 91' lang='lat' dir='ltr'><strong>mino</strong></span> <span class='ocrx_word' id='word_1_358' title='bbox 841 3273 953 3336; x_wconf 84' lang='lat' dir='ltr'><strong>sanato,</strong></span> <span class='ocrx_word' id='word_1_359' title='bbox 976 3272 1087 3325; x_wconf 80' lang='lat' dir='ltr'><strong>sanatio</strong></span> <span class='ocrx_word' id='word_1_360' title='bbox 1114 3270 1219 3322; x_wconf 82' lang='lat' dir='ltr'><strong>mentis</strong></span> <span class='ocrx_word' id='word_1_361' title='bbox 1248 3281 1319 3322; x_wconf 82' lang='lat' dir='ltr'><strong>mu·</strong></span> 
     </span>
     <span class='ocr_line' id='line_1_39' title="bbox 87 3335 1318 3415; baseline -0.005 -16"><span class='ocrx_word' id='word_1_362' title='bbox 87 3343 137 3400; x_wconf 88' lang='lat' dir='ltr'><strong>bat</strong></span> <span class='ocrx_word' id='word_1_363' title='bbox 147 3343 267 3400; x_wconf 89' lang='lat' dir='ltr'><strong>obscure</strong></span> <span class='ocrx_word' id='word_1_364' title='bbox 276 3358 398 3415; x_wconf 90' lang='lat' dir='ltr'><strong>corpora</strong></span> <span class='ocrx_word' id='word_1_365' title='bbox 407 3357 506 3399; x_wconf 87' lang='lat' dir='ltr'><strong>corum</strong></span> <span class='ocrx_word' id='word_1_366' title='bbox 522 3338 629 3398; x_wconf 89' lang='lat' dir='ltr'><strong>moveri</strong></span> <span class='ocrx_word' id='word_1_367' title='bbox 640 3339 675 3396; x_wconf 87' lang='lat' dir='ltr'><strong>da</strong></span> <span class='ocrx_word' id='word_1_368' title='bbox 731 3345 835 3397; x_wconf 90' lang='lat' dir='ltr'><strong>nuatnr</strong></span> <span class='ocrx_word' id='word_1_369' title='bbox 847 3355 958 3408; x_wconf 89' lang='lat' dir='ltr'><strong>eornm,</strong></span> <span class='ocrx_word' id='word_1_370' title='bbox 973 3337 1022 3411; x_wconf 77' lang='lat' dir='ltr'><strong>nui</strong></span> <span class='ocrx_word' id='word_1_371' title='bbox 1036 3352 1129 3409; x_wconf 84' lang='lat' dir='ltr'><strong>neque</strong></span> <span class='ocrx_word' id='word_1_372' title='bbox 1142 3335 1242 3394; x_wconf 89' lang='lat' dir='ltr'><strong>audire</strong></span> <span class='ocrx_word' id='word_1_373' title='bbox 1254 3352 1318 3394; x_wconf 89' lang='lat' dir='ltr'><strong>ver·</strong></span> 
     </span>
     <span class='ocr_line' id='line_1_40' title="bbox 88 3408 1357 3485; baseline -0.005 -15"><span class='ocrx_word' id='word_1_374' title='bbox 88 3413 150 3472; x_wconf 91' lang='lat' dir='ltr'><strong>loco</strong></span> <span class='ocrx_word' id='word_1_375' title='bbox 163 3415 199 3471; x_wconf 91' lang='lat' dir='ltr'><strong>ad</strong></span> <span class='ocrx_word' id='word_1_376' title='bbox 210 3415 360 3472; x_wconf 79' lang='lat' dir='ltr'><strong>locumzet</strong></span> <span class='ocrx_word' id='word_1_377' title='bbox 373 3417 470 3485; x_wconf 88' lang='lat' dir='ltr'><strong>postea</strong></span> <span class='ocrx_word' id='word_1_378' title='bbox 480 3412 605 3485; x_wconf 79' lang='lat' dir='ltr'><strong>perfecte</strong></span> <span class='ocrx_word' id='word_1_379' title='bbox 614 3409 675 3468; x_wconf 91' lang='lat' dir='ltr'><strong>illu·</strong></span> <span class='ocrx_word' id='word_1_380' title='bbox 730 3413 797 3470; x_wconf 87' lang='lat' dir='ltr'><strong>bum</strong></span> <span class='ocrx_word' id='word_1_381' title='bbox 820 3410 881 3481; x_wconf 86' lang='lat' dir='ltr'><strong>Dei,</strong></span> <span class='ocrx_word' id='word_1_382' title='bbox 907 3425 1001 3481; x_wconf 78' lang='lat' dir='ltr'><strong>neque</strong></span> <span class='ocrx_word' id='word_1_383' title='bbox 1023 3408 1100 3481; x_wconf 87' lang='lat' dir='ltr'><strong>loqui</strong></span> <span class='ocrx_word' id='word_1_384' title='bbox 1124 3412 1274 3476; x_wconf 84' lang='lat' dir='ltr'><strong>noverant,</strong></span> <span class='ocrx_word' id='word_1_385' title='bbox 1290 3412 1320 3465; x_wconf 91' lang='lat' dir='ltr'><strong>et</strong></span> <span class='ocrx_word' id='word_1_386' title='bbox 1345 3428 1357 3452; x_wconf 88' lang='lat'><strong>·</strong></span> 
     </span>
     <span class='ocr_line' id='line_1_41' title="bbox 89 3477 1317 3548; baseline -0.006 -7"><span class='ocrx_word' id='word_1_387' title='bbox 89 3486 209 3543; x_wconf 90' lang='lat' dir='ltr'><strong>minavit</strong></span> <span class='ocrx_word' id='word_1_388' title='bbox 225 3501 301 3543; x_wconf 87' lang='lat' dir='ltr'><strong>eum.</strong></span> <span class='ocrx_word' id='word_1_389' title='bbox 312 3487 383 3543; x_wconf 85' lang='lat' dir='ltr'><strong>Nam</strong></span> <span class='ocrx_word' id='word_1_390' title='bbox 395 3485 495 3540; x_wconf 84' lang='lat' dir='ltr'><strong>deinde</strong></span> <span class='ocrx_word' id='word_1_391' title='bbox 513 3486 614 3540; x_wconf 87' lang='lat' dir='ltr'><strong>iterum</strong></span> <span class='ocrx_word' id='word_1_392' title='bbox 625 3486 675 3539; x_wconf 91' lang='lat' dir='ltr'><strong>im·</strong></span> <span class='ocrx_word' id='word_1_393' title='bbox 731 3499 796 3540; x_wconf 90' lang='lat' dir='ltr'><strong>mox</strong></span> <span class='ocrx_word' id='word_1_394' title='bbox 815 3482 845 3538; x_wconf 91' lang='lat' dir='ltr'><strong>in</strong></span> <span class='ocrx_word' id='word_1_395' title='bbox 869 3480 1023 3539; x_wconf 86' lang='lat' dir='ltr'><strong>resectione</strong></span> <span class='ocrx_word' id='word_1_396' title='bbox 1043 3480 1134 3539; x_wconf 84' lang='lat' dir='ltr'><strong>turbae</strong></span> <span class='ocrx_word' id='word_1_397' title='bbox 1153 3477 1317 3548; x_wconf 87' lang='lat' dir='ltr'><strong>esurientis,</strong></span> 
     </span>
     <span class='ocr_line' id='line_1_42' title="bbox 85 3549 1318 3630; baseline -0.005 -16"><span class='ocrx_word' id='word_1_398' title='bbox 85 3561 181 3630; x_wconf 80' lang='lat' dir='ltr'><strong>posuit</strong></span> <span class='ocrx_word' id='word_1_399' title='bbox 195 3573 296 3615; x_wconf 86' lang='lat' dir='ltr'><strong>manus</strong></span> <span class='ocrx_word' id='word_1_400' title='bbox 310 3572 394 3629; x_wconf 82' lang='lat' dir='ltr'><strong>super</strong></span> <span class='ocrx_word' id='word_1_401' title='bbox 404 3557 495 3613; x_wconf 86' lang='lat' dir='ltr'><strong>oculos</strong></span> <span class='ocrx_word' id='word_1_402' title='bbox 511 3560 537 3612; x_wconf 87' lang='lat' dir='ltr'><strong>et</strong></span> <span class='ocrx_word' id='word_1_403' title='bbox 544 3558 625 3627; x_wconf 81' lang='lat' dir='ltr'><strong>cupit</strong></span> <span class='ocrx_word' id='word_1_404' title='bbox 636 3556 676 3609; x_wconf 90' lang='lat' dir='ltr'><strong>oi·</strong></span> <span class='ocrx_word' id='word_1_405' title='bbox 752 3570 796 3611; x_wconf 82' lang='lat' dir='ltr'><strong>uae</strong></span> <span class='ocrx_word' id='word_1_406' title='bbox 810 3553 961 3611; x_wconf 87' lang='lat' dir='ltr'><strong>Dominum</strong></span> <span class='ocrx_word' id='word_1_407' title='bbox 974 3557 1072 3610; x_wconf 86' lang='lat' dir='ltr'><strong>secuta</strong></span> <span class='ocrx_word' id='word_1_408' title='bbox 1084 3551 1177 3608; x_wconf 83' lang='lat' dir='ltr'><strong>iuerat</strong></span> <span class='ocrx_word' id='word_1_409' title='bbox 1192 3549 1318 3608; x_wconf 86' lang='lat' dir='ltr'><strong>suavitas</strong></span> 
     </span>
     <span class='ocr_line' id='line_1_43' title="bbox 87 3570 1319 3752; baseline -0.006 -66"><span class='ocrx_word' id='word_1_410' title='bbox 87 3630 442 3698; x_wconf 78' lang='lat' dir='ltr'><strong>derectreetitutusest,ita</strong></span> <span class='ocrx_word' id='word_1_411' title='bbox 450 3631 482 3683; x_wconf 92' lang='lat' dir='ltr'><strong>ut</strong></span> <span class='ocrx_word' id='word_1_412' title='bbox 491 3627 677 3710; x_wconf 75' lang='lat' dir='ltr'><strong>clareoideret</strong></span> <span class='ocrx_word' id='word_1_413' title='bbox 731 3570 871 3708; x_wconf 52' lang='lat' dir='ltr'><strong>figuratur</strong></span> <span class='ocrx_word' id='word_1_414' title='bbox 894 3624 943 3683; x_wconf 88' lang='lat' dir='ltr'><strong>illa</strong></span> <span class='ocrx_word' id='word_1_415' title='bbox 963 3640 1021 3752; x_wconf 47' lang='lat' dir='ltr'><strong>pua</strong></span> <span class='ocrx_word' id='word_1_416' title='bbox 1040 3621 1089 3680; x_wconf 90' lang='lat' dir='ltr'><strong>dili</strong></span> <span class='ocrx_word' id='word_1_417' title='bbox 1110 3620 1218 3705; x_wconf 80' lang='lat' dir='ltr'><strong>entium</strong></span> <span class='ocrx_word' id='word_1_418' title='bbox 1237 3625 1319 3706; x_wconf 68' lang='lat' dir='ltr'><strong>sect</strong></span> 
     </span>
     <span class='ocr_line' id='line_1_44' title="bbox 87 3697 1319 3773; baseline -0.006 -16"><span class='ocrx_word' id='word_1_419' title='bbox 87 3704 190 3757; x_wconf 83' lang='lat' dir='ltr'><strong>omnia.</strong></span> <span class='ocrx_word' id='word_1_420' title='bbox 214 3703 268 3757; x_wconf 85' lang='lat' dir='ltr'><strong>Por</strong></span> <span class='ocrx_word' id='word_1_421' title='bbox 289 3702 342 3758; x_wconf 92' lang='lat' dir='ltr'><strong>boc</strong></span> <span class='ocrx_word' id='word_1_422' title='bbox 360 3699 491 3773; x_wconf 88' lang='lat' dir='ltr'><strong>arguitur</strong></span> <span class='ocrx_word' id='word_1_423' title='bbox 512 3704 677 3770; x_wconf 79' lang='lat' dir='ltr'><strong>ignorantia</strong></span> <span class='ocrx_word' id='word_1_424' title='bbox 732 3702 920 3770; x_wconf 77' lang='lat' dir='ltr'><strong>quarentium</strong></span> <span class='ocrx_word' id='word_1_425' title='bbox 942 3712 973 3754; x_wconf 89' lang='lat' dir='ltr'><strong>so</strong></span> <span class='ocrx_word' id='word_1_426' title='bbox 986 3700 1015 3753; x_wconf 91' lang='lat' dir='ltr'><strong>ct</strong></span> <span class='ocrx_word' id='word_1_427' title='bbox 1033 3711 1066 3752; x_wconf 91' lang='lat' dir='ltr'><strong>co</strong></span> <span class='ocrx_word' id='word_1_428' title='bbox 1103 3710 1121 3751; x_wconf 93' lang='lat' dir='ltr'><strong>a</strong></span> <span class='ocrx_word' id='word_1_429' title='bbox 1139 3697 1319 3763; x_wconf 81' lang='lat' dir='ltr'><strong>nutrire31ta</strong></span> 
     </span>
    </p>
   </div>
   <div class='ocr_carea' id='block_1_5' title="bbox 87 3766 1319 3901">
    <p class='ocr_par' dir='ltr' id='par_1_7' title="bbox 87 3766 1319 3901">
     <span class='ocr_line' id='line_1_45' title="bbox 87 3766 1319 3901; baseline -0.006 -72"><span class='ocrx_word' id='word_1_430' title='bbox 87 3771 291 3901; x_wconf 49' lang='lat' dir='ltr'><strong>discipulorum</strong></span> <span class='ocrx_word' id='word_1_431' title='bbox 311 3773 396 3839; x_wconf 87' lang='lat' dir='ltr'><strong>lacto,</strong></span> <span class='ocrx_word' id='word_1_432' title='bbox 415 3769 490 3844; x_wconf 88' lang='lat' dir='ltr'><strong>quod</strong></span> <span class='ocrx_word' id='word_1_433' title='bbox 510 3769 578 3844; x_wconf 89' lang='lat' dir='ltr'><strong>ipsis</strong></span> <span class='ocrx_word' id='word_1_434' title='bbox 596 3785 677 3842; x_wconf 82' lang='lat' dir='ltr'><strong>prae-</strong></span> <span class='ocrx_word' id='word_1_435' title='bbox 731 3769 761 3826; x_wconf 92' lang='lat' dir='ltr'><strong>in</strong></span> <span class='ocrx_word' id='word_1_436' title='bbox 781 3769 836 3825; x_wconf 89' lang='lat' dir='ltr'><strong>hoc</strong></span> <span class='ocrx_word' id='word_1_437' title='bbox 861 3783 937 3825; x_wconf 82' lang='lat' dir='ltr'><strong>caeco</strong></span> <span class='ocrx_word' id='word_1_438' title='bbox 960 3766 1097 3841; x_wconf 87' lang='lat' dir='ltr'><strong>paulatim</strong></span> <span class='ocrx_word' id='word_1_439' title='bbox 1117 3773 1216 3823; x_wconf 89' lang='lat' dir='ltr'><strong>curato</strong></span> <span class='ocrx_word' id='word_1_440' title='bbox 1230 3781 1248 3823; x_wconf 92' lang='lat' dir='ltr'><strong>a</strong></span> <span class='ocrx_word' id='word_1_441' title='bbox 1261 3766 1319 3823; x_wconf 89' lang='lat' dir='ltr'><strong>Do·</strong></span> 
     </span>
    </p>
   </div>
   <div class='ocr_carea' id='block_1_6' title="bbox 86 3835 1322 4493">
    <p class='ocr_par' dir='ltr' id='par_1_8' title="bbox 86 3835 1322 4493">
     <span class='ocr_line' id='line_1_46' title="bbox 87 3835 1320 3913; baseline -0.007 -12"><span class='ocrx_word' id='word_1_442' title='bbox 87 3844 159 3901; x_wconf 87' lang='lat' dir='ltr'><strong>senti</strong></span> <span class='ocrx_word' id='word_1_443' title='bbox 184 3860 216 3902; x_wconf 90' lang='lat' dir='ltr'><strong>us</strong></span> <span class='ocrx_word' id='word_1_444' title='bbox 243 3842 416 3903; x_wconf 86' lang='lat' dir='ltr'><strong>illuminavit</strong></span> <span class='ocrx_word' id='word_1_445' title='bbox 440 3858 558 3911; x_wconf 79' lang='lat' dir='ltr'><strong>caecum,</strong></span> <span class='ocrx_word' id='word_1_446' title='bbox 583 3840 677 3913; x_wconf 90' lang='lat' dir='ltr'><strong>primo</strong></span> <span class='ocrx_word' id='word_1_447' title='bbox 732 3837 998 3910; x_wconf 90' lang='lat' dir='ltr'><strong>mino,illuminatio</strong></span> <span class='ocrx_word' id='word_1_448' title='bbox 1011 3837 1178 3911; x_wconf 88' lang='lat' dir='ltr'><strong>designatur</strong></span> <span class='ocrx_word' id='word_1_449' title='bbox 1189 3835 1320 3893; x_wconf 90' lang='lat' dir='ltr'><strong>cordium</strong></span> 
     </span>
     <span class='ocr_line' id='line_1_47' title="bbox 86 3906 1321 3989; baseline -0.007 -18"><span class='ocrx_word' id='word_1_450' title='bbox 86 3915 302 3989; x_wconf 64' lang='lat' dir='ltr'><strong>imperfectum</strong></span> <span class='ocrx_word' id='word_1_451' title='bbox 329 3913 677 3987; x_wconf 86' lang='lat' dir='ltr'><strong>osteaperlectn.Certum</strong></span> <span class='ocrx_word' id='word_1_452' title='bbox 733 3912 897 3980; x_wconf 87' lang='lat' dir='ltr'><strong>stultorum,</strong></span> <span class='ocrx_word' id='word_1_453' title='bbox 915 3928 948 3970; x_wconf 89' lang='lat' dir='ltr'><strong>ac</strong></span> <span class='ocrx_word' id='word_1_454' title='bbox 971 3911 1054 3982; x_wconf 88' lang='lat' dir='ltr'><strong>longe</strong></span> <span class='ocrx_word' id='word_1_455' title='bbox 1077 3925 1095 3966; x_wconf 93' lang='lat' dir='ltr'><strong>a</strong></span> <span class='ocrx_word' id='word_1_456' title='bbox 1120 3907 1168 3965; x_wconf 91' lang='lat' dir='ltr'><strong>via</strong></span> <span class='ocrx_word' id='word_1_457' title='bbox 1192 3906 1321 3965; x_wconf 85' lang='lat' dir='ltr'><strong>veritatis</strong></span> 
     </span>
     <span class='ocr_line' id='line_1_48' title="bbox 87 3982 1321 4059; baseline -0.008 -15"><span class='ocrx_word' id='word_1_458' title='bbox 87 3993 130 4045; x_wconf 91' lang='lat' dir='ltr'><strong>est</strong></span> <span class='ocrx_word' id='word_1_459' title='bbox 144 3989 220 4044; x_wconf 89' lang='lat' dir='ltr'><strong>enim</strong></span> <span class='ocrx_word' id='word_1_460' title='bbox 241 4003 297 4059; x_wconf 86' lang='lat' dir='ltr'><strong>quo</strong></span> <span class='ocrx_word' id='word_1_461' title='bbox 340 3986 469 4045; x_wconf 81' lang='lat' dir='ltr'><strong>cbristus</strong></span> <span class='ocrx_word' id='word_1_462' title='bbox 483 3988 596 4058; x_wconf 89' lang='lat' dir='ltr'><strong>poterat</strong></span> <span class='ocrx_word' id='word_1_463' title='bbox 612 3998 677 4039; x_wconf 91' lang='lat' dir='ltr'><strong>eum</strong></span> <span class='ocrx_word' id='word_1_464' title='bbox 732 3982 938 4041; x_wconf 87' lang='lat' dir='ltr'><strong>aberrantium.</strong></span> <span class='ocrx_word' id='word_1_465' title='bbox 964 3982 1114 4055; x_wconf 77' lang='lat' dir='ltr'><strong>lingebant</strong></span> <span class='ocrx_word' id='word_1_466' title='bbox 1136 3984 1231 4036; x_wconf 89' lang='lat' dir='ltr'><strong>autem</strong></span> <span class='ocrx_word' id='word_1_467' title='bbox 1256 3992 1321 4035; x_wconf 89' lang='lat' dir='ltr'><strong>eum</strong></span> 
     </span>
     <span class='ocr_line' id='line_1_49' title="bbox 88 4049 1321 4132; baseline -0.007 -18"><span class='ocrx_word' id='word_1_468' title='bbox 88 4058 184 4116; x_wconf 87' lang='lat' dir='ltr'><strong>statim</strong></span> <span class='ocrx_word' id='word_1_469' title='bbox 206 4060 332 4132; x_wconf 85' lang='lat' dir='ltr'><strong>perlecta</strong></span> <span class='ocrx_word' id='word_1_470' title='bbox 355 4057 533 4128; x_wconf 87' lang='lat' dir='ltr'><strong>illuminarc;</strong></span> <span class='ocrx_word' id='word_1_471' title='bbox 561 4055 612 4112; x_wconf 89' lang='lat' dir='ltr'><strong>sed</strong></span> <span class='ocrx_word' id='word_1_472' title='bbox 626 4070 679 4127; x_wconf 88' lang='lat' dir='ltr'><strong>per</strong></span> <span class='ocrx_word' id='word_1_473' title='bbox 734 4059 767 4112; x_wconf 90' lang='lat' dir='ltr'><strong>ut</strong></span> <span class='ocrx_word' id='word_1_474' title='bbox 790 4054 870 4112; x_wconf 91' lang='lat' dir='ltr'><strong>illum</strong></span> <span class='ocrx_word' id='word_1_475' title='bbox 889 4056 1168 4127; x_wconf 84' lang='lat' dir='ltr'><strong>tangeret,scientes</strong></span> <span class='ocrx_word' id='word_1_476' title='bbox 1186 4049 1255 4122; x_wconf 81' lang='lat' dir='ltr'><strong>quia</strong></span> <span class='ocrx_word' id='word_1_477' title='bbox 1279 4055 1321 4106; x_wconf 88' lang='lat' dir='ltr'><strong>ta-</strong></span> 
     </span>
     <span class='ocr_line' id='line_1_50' title="bbox 89 4123 1322 4197; baseline -0.009 -9"><span class='ocrx_word' id='word_1_478' title='bbox 89 4130 176 4188; x_wconf 89' lang='lat' dir='ltr'><strong>talem</strong></span> <span class='ocrx_word' id='word_1_479' title='bbox 192 4129 309 4187; x_wconf 89' lang='lat' dir='ltr'><strong>modum</strong></span> <span class='ocrx_word' id='word_1_480' title='bbox 323 4129 414 4186; x_wconf 91' lang='lat' dir='ltr'><strong>voluit</strong></span> <span class='ocrx_word' id='word_1_481' title='bbox 427 4130 532 4197; x_wconf 86' lang='lat' dir='ltr'><strong>iacere,</strong></span> <span class='ocrx_word' id='word_1_482' title='bbox 551 4132 583 4184; x_wconf 93' lang='lat' dir='ltr'><strong>ut</strong></span> <span class='ocrx_word' id='word_1_483' title='bbox 602 4123 678 4184; x_wconf 88' lang='lat' dir='ltr'><strong>desi·</strong></span> <span class='ocrx_word' id='word_1_484' title='bbox 733 4132 796 4184; x_wconf 91' lang='lat' dir='ltr'><strong>ctus</strong></span> <span class='ocrx_word' id='word_1_485' title='bbox 824 4125 948 4194; x_wconf 85' lang='lat' dir='ltr'><strong>Domini,</strong></span> <span class='ocrx_word' id='word_1_486' title='bbox 971 4125 1044 4182; x_wconf 86' lang='lat' dir='ltr'><strong>sicut</strong></span> <span class='ocrx_word' id='word_1_487' title='bbox 1072 4123 1216 4195; x_wconf 87' lang='lat' dir='ltr'><strong>leprosum</strong></span> <span class='ocrx_word' id='word_1_488' title='bbox 1241 4136 1322 4179; x_wconf 92' lang='lat' dir='ltr'><strong>mun·</strong></span> 
     </span>
     <span class='ocr_line' id='line_1_51' title="bbox 90 4191 1321 4328; baseline -0.006 -72"><span class='ocrx_word' id='word_1_489' title='bbox 90 4207 194 4273; x_wconf 89' lang='lat' dir='ltr'><strong>gnaret</strong></span> <span class='ocrx_word' id='word_1_490' title='bbox 208 4200 363 4328; x_wconf 59' lang='lat' dir='ltr'><strong>discipulos</strong></span> <span class='ocrx_word' id='word_1_491' title='bbox 378 4202 470 4258; x_wconf 77' lang='lat' dir='ltr'><strong>artbuc</strong></span> <span class='ocrx_word' id='word_1_492' title='bbox 484 4200 513 4257; x_wconf 95' lang='lat' dir='ltr'><strong>in</strong></span> <span class='ocrx_word' id='word_1_493' title='bbox 528 4202 608 4272; x_wconf 86' lang='lat' dir='ltr'><strong>parte</strong></span> <span class='ocrx_word' id='word_1_494' title='bbox 621 4197 679 4254; x_wconf 89' lang='lat' dir='ltr'><strong>ob·</strong></span> <span class='ocrx_word' id='word_1_495' title='bbox 733 4198 814 4266; x_wconf 87' lang='lat' dir='ltr'><strong>dare,</strong></span> <span class='ocrx_word' id='word_1_496' title='bbox 830 4197 870 4255; x_wconf 91' lang='lat' dir='ltr'><strong>ita</strong></span> <span class='ocrx_word' id='word_1_497' title='bbox 883 4199 970 4254; x_wconf 83' lang='lat' dir='ltr'><strong>etiam</strong></span> <span class='ocrx_word' id='word_1_498' title='bbox 985 4203 1014 4252; x_wconf 89' lang='lat' dir='ltr'><strong>et</strong></span> <span class='ocrx_word' id='word_1_499' title='bbox 1027 4210 1134 4253; x_wconf 78' lang='lat' dir='ltr'><strong>caecum</strong></span> <span class='ocrx_word' id='word_1_500' title='bbox 1158 4191 1321 4276; x_wconf 78' lang='lat' dir='ltr'><strong>illuminare</strong></span> 
     </span>
     <span class='ocr_line' id='line_1_52' title="bbox 92 4266 1320 4344; baseline -0.007 -15"><span class='ocrx_word' id='word_1_501' title='bbox 92 4279 221 4330; x_wconf 84' lang='lat' dir='ltr'><strong>scuretos</strong></span> <span class='ocrx_word' id='word_1_502' title='bbox 244 4271 366 4344; x_wconf 86' lang='lat' dir='ltr'><strong>calgine</strong></span> <span class='ocrx_word' id='word_1_503' title='bbox 382 4270 563 4344; x_wconf 75' lang='lat' dir='ltr'><strong>ignorantiae,</strong></span> <span class='ocrx_word' id='word_1_504' title='bbox 587 4274 615 4327; x_wconf 89' lang='lat' dir='ltr'><strong>et</strong></span> <span class='ocrx_word' id='word_1_505' title='bbox 642 4268 680 4326; x_wconf 90' lang='lat' dir='ltr'><strong>ad</strong></span> <span class='ocrx_word' id='word_1_506' title='bbox 734 4269 852 4326; x_wconf 85' lang='lat' dir='ltr'><strong>valeret.</strong></span> <span class='ocrx_word' id='word_1_507' title='bbox 872 4270 1026 4342; x_wconf 86' lang='lat' dir='ltr'><strong>Tangimus</strong></span> <span class='ocrx_word' id='word_1_508' title='bbox 1049 4272 1145 4326; x_wconf 88' lang='lat' dir='ltr'><strong>autem</strong></span> <span class='ocrx_word' id='word_1_509' title='bbox 1168 4266 1320 4323; x_wconf 77' lang='lat' dir='ltr'><strong>Dominum</strong></span> 
     </span>
     <span class='ocr_line' id='line_1_53' title="bbox 92 4335 1321 4417; baseline -0.007 -16"><span class='ocrx_word' id='word_1_510' title='bbox 92 4346 169 4402; x_wconf 86' lang='lat' dir='ltr'><strong>ctare</strong></span> <span class='ocrx_word' id='word_1_511' title='bbox 193 4343 409 4417; x_wconf 87' lang='lat' dir='ltr'><strong>intelligendum</strong></span> <span class='ocrx_word' id='word_1_512' title='bbox 423 4342 553 4416; x_wconf 86' lang='lat' dir='ltr'><strong>indigere</strong></span> <span class='ocrx_word' id='word_1_513' title='bbox 576 4339 679 4413; x_wconf 76' lang='lat' dir='ltr'><strong>maiori</strong></span> <span class='ocrx_word' id='word_1_514' title='bbox 735 4357 800 4409; x_wconf 89' lang='lat' dir='ltr'><strong>nos,</strong></span> <span class='ocrx_word' id='word_1_515' title='bbox 816 4356 881 4398; x_wconf 87' lang='lat' dir='ltr'><strong>cum</strong></span> <span class='ocrx_word' id='word_1_516' title='bbox 899 4339 926 4399; x_wconf 89' lang='lat' dir='ltr'><strong>ei</strong></span> <span class='ocrx_word' id='word_1_517' title='bbox 945 4339 1003 4398; x_wconf 84' lang='lat' dir='ltr'><strong>ilde</strong></span> <span class='ocrx_word' id='word_1_518' title='bbox 1028 4337 1139 4411; x_wconf 89' lang='lat' dir='ltr'><strong>integra</strong></span> <span class='ocrx_word' id='word_1_519' title='bbox 1160 4341 1188 4394; x_wconf 90' lang='lat' dir='ltr'><strong>et</strong></span> <span class='ocrx_word' id='word_1_520' title='bbox 1209 4335 1321 4393; x_wconf 88' lang='lat' dir='ltr'><strong>sincera</strong></span> 
     </span>
     <span class='ocr_line' id='line_1_54' title="bbox 90 4410 1319 4493; baseline -0.008 -20"><span class='ocrx_word' id='word_1_521' title='bbox 90 4414 315 4475; x_wconf 88' lang='lat' dir='ltr'><strong>illuminatione.</strong></span> <span class='ocrx_word' id='word_1_522' title='bbox 336 4414 428 4484; x_wconf 85' lang='lat' dir='ltr'><strong>Unde,</strong></span> <span class='ocrx_word' id='word_1_523' title='bbox 442 4419 472 4472; x_wconf 85' lang='lat' dir='ltr'><strong>et</strong></span> <span class='ocrx_word' id='word_1_524' title='bbox 495 4418 560 4493; x_wconf 89' lang='lat' dir='ltr'><strong>post</strong></span> <span class='ocrx_word' id='word_1_525' title='bbox 582 4427 679 4471; x_wconf 81' lang='lat' dir='ltr'><strong>maur·</strong></span> <span class='ocrx_word' id='word_1_526' title='bbox 735 4411 929 4481; x_wconf 67' lang='lat' dir='ltr'><strong>adhaeremum</strong></span> <span class='ocrx_word' id='word_1_527' title='bbox 942 4410 1319 4485; x_wconf 82' lang='lat' dir='ltr'><strong>tangitnos,cummentcm</strong></span> 
     </span>
    </p>
   </div>
   <div class='ocr_carea' id='block_1_7' title="bbox 0 0 1449 4942">
    <p class='ocr_par' dir='ltr' id='par_1_9' title="bbox 0 0 1449 4942">
     <span class='ocr_line' id='line_1_55' title="bbox 0 0 1449 4942; baseline 0 0"><span class='ocrx_word' id='word_1_528' title='bbox 0 0 1449 4942; x_wconf 95' lang='lat' dir='ltr'><strong> </strong></span> 
     </span>
    </p>
   </div>
  </div>
 </body>
</html>
