2880 4942
484 369 525 422 llll
553 367 703 422 ttollnltu
732 369 960 425 stillulltltt.
1298 379 1343 434 129

107 474 227 545 vestitas,
243 478 271 531 et
282 477 401 531 matura
417 475 456 530 acl
467 489 580 530 messem
595 478 624 530 et
639 491 699 531 me·
746 475 840 546 plures
855 490 941 547 quam
958 475 988 531 in
1002 475 1142 551 principio
1157 482 1342 549 crediderant,

107 549 232 606 tendum.
251 548 307 603 lloc
317 545 431 604 dicebat
444 552 561 618 propter
575 546 700 603 Samari·
747 549 776 601 in
791 563 851 602 cam
864 553 978 618 propter
1000 564 1148 607 senionem
1173 554 1244 624 ejas,
1260 570 1344 626 quem

107 626 189 677 tanos
213 617 250 675 ad
271 617 364 690 ipsum
377 616 537 687 venientes,
563 633 635 689 quos
649 634 700 674 ro·
746 617 820 674 sicut
837 619 926 675 rerba
942 618 1006 676 vita
1034 623 1226 692 praeferebant
1250 625 1345 684 verbis

107 690 180 749 cavit
207 695 317 762 segetes
349 691 430 747 albas
459 693 488 746 et
515 695 631 762 paratas
662 690 700 746 ad
746 689 1345 763 mulieris,quianumqaamsiclocutnscet

109 778 239 831 messem,
255 761 340 818 idest
364 764 481 835 paratos
497 766 526 819 et
546 760 699 834 dispositos
746 764 823 818 bomo
826 802 881 819 .....
897 765 934 818 Et
955 765 1069 820 mulieri
1090 765 1244 823 dicebant:
1267 769 1342 835 onia

107 835 142 893 ad
158 834 342 891 credendum.
742 833 804 904 jam
819 835 970 906 propterte
991 836 1081 892 natam
1096 841 1172 893 tuam
1182 854 1237 894 aon
1251 839 1341 895 credi·

119 976 121 979 ,
144 928 174 963 ιο
188 907 419 963 Siuimranoiuii
433 921 593 962 courmsio.
606 932 641 946 -
654 907 699 961 Ea
746 921 818 974 mas,
844 851 989 977 quantuli
1011 911 1055 964 est
1079 907 1108 964 in
1126 909 1342 989 comparatione

105 981 217 1034 civitate
246 984 339 1033 antem
369 978 433 1044 itta,
464 992 527 1048 quae
553 975 701 1033 dicebatur
747 977 810 1048 ejus
825 977 903 1059 quod
928 976 1069 1036 ridemus.
1102 981 1178 1036 Licet
1205 980 1341 1039 animer

104 1049 230 1116 Sichem,
249 1051 332 1103 malti
354 1049 593 1106 Samaritanorum
611 1049 701 1103 eredi-
748 1048 877 1105 doctriua
902 1047 1022 1176 alicugus
1047 1048 1200 1108 induratur
1219 1051 1282 1122 quis
1303 1053 1342 1110 ad

106 1123 207 1177 rimant
222 1123 252 1173 in
270 1136 341 1187 enm,
365 1123 480 1191 propter
509 1119 621 1175 nobum
638 1136 700 1174 mic-
749 1120 970 1188 credendumu
991 1136 1022 1178 es
1035 1124 1299 1180 tamensecundum
1312 1139 1344 1181 se

107 1194 185 1247 lieris
211 1193 398 1246 testimonium
423 1191 595 1263 perbibentis
609 1208 616 1246 ι
631 1191 703 1258 Onia
750 1190 883 1248 innititur
902 1190 1006 1248 ditiuae
1020 1192 1145 1262 veritati,
1163 1210 1215 1250 seu
1234 1193 1344 1264 uirtuti,

106 1264 184 1318 dicit
210 1264 282 1317 miii
308 1265 401 1318 cronia
430 1277 608 1333 amantque
635 1265 700 1331 (cci,
749 1261 835 1318 adid
862 1261 938 1333 quod
966 1262 1056 1320 credit
1083 1264 1257 1322 tlrmandum
1284 1269 1345 1339 lpas·

104 1350 169 1405 quae
192 1333 279 1389 ctiam
299 1333 408 1390 occulta
423 1339 515 1390 eraut.
543 1335 609 1391 Gaia
638 1350 701 1402 erpo
748 1337 821 1388 enim
840 1333 963 1392 exterius
987 1340 1016 1392 et
1042 1334 1162 1392 interius
1186 1338 1346 1394 audicimus

101 1407 287 1472 Samaritani,
313 1404 411 1461 audita
435 1405 511 1461 lama
528 1404 642 1476 Christi,
663 1406 702 1461 od
748 1405 896 1476 sapientiai
911 1407 998 1463 verba
1010 1407 1047 1463 ab
1063 1406 1126 1478 ipso
1140 1405 1188 1479 qui
1204 1414 1247 1464 est
1267 1409 1343 1465 Deus

102 1478 183 1532 illum
209 1481 356 1540 venissent,
383 1482 550 1545 rooaocront
575 1492 645 1540 cum,
669 1483 700 1534 nt
747 1486 775 1532 et
785 1478 1046 1546 pommeraniae,
1057 1477 1341 1549 firmitercredendo,

101 1548 142 1603 c'bi'
155 1553 290 1616 manerem
307 1554 334 1603 et
348 1547 388 1604 sic
401 1548 436 1604 ab
445 1564 478 1604 eo
489 1548 700 1605 instruerentur
746 1548 815 1620 quia
827 1548 857 1604 iu
871 1549 928 1604 side
942 1555 984 1606 est
992 1549 1084 1621 major
1093 1551 1232 1607 certitudo
1246 1551 1342 1609 adbae·

101 1617 213 1687 melius,
230 1624 258 1675 et
282 1617 357 1674 tirmi
373 1618 402 1676 iu
420 1619 477 1676 fide
498 1620 609 1676 tierent.
627 1622 699 1676 Ecce
746 1619 847 1677 rentiae
861 1635 948 1692 quam
963 1619 993 1677 iu
1011 1621 1142 1692 scientia,
1153 1627 1182 1678 et
1199 1621 1265 1694 qui-i
1279 1638 1339 1679 nou

101 1691 214 1747 devotio
229 1691 413 1748 auditorum:
440 1691 517 1763 quia,
533 1696 649 1763 accepta
663 1692 699 1748 si·
746 1691 851 1748 suflicit
880 1692 965 1749 corde
993 1694 1120 1764 credere,
1150 1694 1201 1749 sed
1227 1698 1341 1765 oportet

100 1763 147 1831 de,
163 1762 362 1819 desiderabant
376 1779 429 1846 per
451 1764 512 1835 ejus
536 1763 698 1820 doctrinam
745 1764 832 1819 fidem
845 1763 974 1820 confiteri
991 1780 1041 1821 ore
1055 1782 1063 1833 ;
1079 1765 1144 1822 ideo
1158 1765 1245 1821 fidem
1259 1780 1340 1822 suain

99 1833 222 1906 amplius
236 1834 384 1890 informari
397 1835 433 1891 ad
447 1851 528 1892 suam
542 1836 698 1892 coufirma-
745 1836 928 1904 confitentur,
957 1835 1095 1892 diceudo:
1122 1839 1190 1906 qnia
1213 1839 1268 1904 bie,
1289 1852 1342 1908 per

101 1904 218 1962 tionem.
243 1908 273 1961 lu
299 1907 403 1977 quibus
429 1906 570 1975 omnibus,
591 1923 607 1961 e
626 1923 697 1963 cou-
745 1906 930 1962 eminentiam
949 1906 1134 1989 singularem,
1154 1913 1194 1961 est
1208 1909 1342 1963 acreSal

99 1976 200 2046 triario,
223 1977 354 2047 arguitur
384 1977 490 2034 duritia
520 1978 697 2046 ludaeorum,
744 1977 1341 2047 votor,perefficaciamsalutarempriandi,

101 2047 151 2176 gui
165 2047 194 2103 in
214 2049 349 2105 omuibus
368 2048 495 2107 feceruut
510 2048 695 2105 contrarium.
744 2064 796 2120 por
813 2047 994 2104 intlu'eutiaiu
1009 2050 1184 2119 generalem.

129 2119 185 2176 ude
209 2121 439 2189 Clnpsostomas:
457 2144 471 2173 a
487 2119 532 2177 Sin
552 2136 621 2192 ergo
636 2120 697 2177 solo
784 2141 810 2175 ιι
835 2122 883 2176 Pii
898 2137 979 2176 nnius
992 2137 1122 2176 uisronim
1136 2137 1290 2177 usuirnrio.
1304 2151 1340 2162 -

102 2190 230 2248 mulieris
245 2192 407 2248 testimonio
420 2192 579 2261 credentes,
592 2196 620 2248 et
635 2193 698 2248 uul-
745 2190 882 2262 Conspire
894 2207 968 2247 nuuc
981 2190 1134 2248 Dominum
1147 2194 1255 2259 iesum,
1270 2191 1339 2263 quia

102 2263 162 2319 lum
187 2263 298 2333 siguum
318 2263 455 2333 ridentes,
476 2263 615 2333 exierunt,
644 2264 697 2320 de·
743 2261 903 2320 itiucraudo
920 2280 976 2320 non
993 2265 1128 2321 utebatur
1139 2264 1338 2336 subjugalibus

102 2341 250 2408 precantes
266 2334 419 2404 dliristum,
436 2341 467 2392 ut
480 2335 555 2407 apud
570 2351 619 2391 eos
634 2352 694 2393 ma·
741 2342 789 2391 aut
814 2334 945 2403 vecturis,
961 2336 1011 2392 sed
1026 2334 1145 2418 pedibus
1173 2337 1336 2407 incedebat,

102 2411 184 2463 neret
196 2424 203 2475 ;
217 2406 308 2463 ludaei
319 2424 397 2476 rero,
410 2407 693 2476 miracularideutes,
741 2423 778 2462 ne
796 2407 891 2478 gravis
913 2412 988 2464 esset
1006 2408 1051 2464 bis
1064 2408 1101 2463 ad
1122 2424 1193 2479 quos
1210 2407 1337 2464 declina·

101 2477 199 2535 omnia
214 2484 344 2560 egerunt,
360 2486 390 2536 ut
417 2478 569 2550 aregione
596 2494 694 2535 eorum
742 2480 806 2545 liat3
826 2485 855 2534 et
882 2479 1024 2549 quomodo
1045 2478 1179 2549 fatigatus
1207 2478 1291 2549 plaue
1310 2483 1340 2535 et

101 2563 170 2607 euni
190 2551 358 2621 abjicerent.
389 2552 423 2606 Et
450 2551 540 2607 Judei
567 2548 693 2631 quidem,
741 2565 853 2605 morose
875 2548 991 2617 incedit,
1011 2565 1045 2605 ac
1070 2550 1186 2604 tandem
1205 2549 1242 2603 ad
1258 2547 1337 2619 quie·

100 2619 189 2678 etiam
216 2622 283 2677 risis
310 2620 409 2693 signis,
435 2619 586 2678 incorrecti
612 2636 694 2677 man·
742 2620 878 2675 scendum
898 2635 983 2692 snper
1007 2624 1125 2690 puteum
1140 2635 1170 2676 se
1199 2618 1288 2689 pouit.
1305 2620 1338 2675 lu

100 2698 219 2761 serunt3
238 2693 266 2749 lii
282 2699 379 2749 autem
394 2699 424 2749 et
443 2692 505 2750 siue
518 2690 606 2764 siguis
620 2692 696 2749 mul·
743 2692 796 2747 hoc
811 2707 879 2762 ergo
890 2689 1109 2818 quodlatiqatus
1119 2696 1162 2747 est
1172 2706 1206 2746 eii
1220 2689 1335 2758 itinere,

98 2771 161 2822 tam
178 2765 253 2822 circa
280 2781 345 2821 euni
374 2765 461 2821 lldem
485 2764 696 2821 demonstrare·
742 2763 827 2818 datur
841 2763 1033 2835 nobisexemp
1045 2778 1093 2819 um
1105 2779 1162 2820 nou
1174 2760 1336 2833 refugiendi

101 2840 179 2894 runt.
199 2858 214 2887 o
234 2840 271 2893 Et
290 2836 474 2908 acquiescens
492 2835 629 2893 Dominus
643 2853 695 2965 Xe·
742 2836 868 2891 taboram
886 2850 937 2907 pro
962 2833 1085 2892 aliorum
1102 2835 1209 2902 salutc;
1236 2832 1334 2891 simul·

101 2907 174 2965 tioni
190 2923 374 2978 eorumquae
391 2914 451 2965 erat
463 2909 583 2966 honesta
602 2913 629 2964 et
664 2925 692 2965 c·
741 2923 796 2978 que
815 2908 899 2963 datur
915 2911 944 2963 et
958 2907 1133 2979 paupertatis
1148 2907 1309 2978 exemplum
1327 2923 1335 2961 ι

101 2984 179 3049 vota,
194 2984 296 3034 mansit
313 2981 363 3048 tot,
374 2980 450 3052 apud
465 2996 525 3048 eos,
541 2980 609 3063 quia
619 2997 694 3038 sem·
742 2984 809 3050 quia
823 2977 997 3051 praedicabat
1009 2984 1038 3037 et
1050 2979 1168 3037 sedebat
1183 2978 1234 3048 sic,
1250 2983 1336 3050 prout

101 3066 154 3124 per
167 3050 303 3107 satisfacit
318 3051 427 3109 devotis
443 3052 472 3109 iu
486 3057 615 3109 oratioue
631 3069 693 3119 sua,
741 3051 869 3123 contigit,
882 3051 963 3123 juxta
971 3057 1108 3179 (puteum,
1124 3068 1212 3122 super
1226 3049 1335 3106 nudum

101 3138 154 3195 per
170 3124 239 3178 dicos
258 3125 327 3191 dics,
344 3131 459 3196 propter
477 3123 535 3181 duo
552 3131 691 3196 praecepte
741 3123 850 3191 lorum;
869 3122 950 3194 quasi
991 3123 1056 3190 icat,
1073 3123 1232 3180 secundum
1247 3123 1337 3201 Oban-

102 3194 240 3263 caritatis,
266 3194 370 3266 quibus
394 3195 510 3252 instruit
533 3197 692 3252 credentes.
740 3203 896 3259 sostoiiinm,
913 3210 972 3250 uon
988 3196 1017 3249 iu
1035 3196 1150 3262 throno,
1171 3198 1220 3248 aut
1243 3191 1334 3260 pulvi·

100 3264 213 3324 Tertius
232 3273 327 3323 autem
352 3266 413 3324 dies
433 3273 478 3324 est
497 3266 558 3323 dies
584 3267 694 3339 gloriae,
742 3265 816 3332 uari,
834 3265 883 3320 scd
898 3262 1154 3335 simpliciterjuita
1168 3265 1336 3334 puteum,et

100 3340 135 3394 et·
145 3337 176 3394 in
194 3339 249 3394 hoe
276 3354 334 3395 nou
361 3339 467 3396 mansit
492 3337 609 3407 ibidem,
628 3338 697 3409 quia
743 3344 773 3391 ut
793 3335 986 3406 contingebat,
1007 3339 1229 3416 superterram.
1254 3334 1336 3402 Saepe

101 3409 274 3467 Samaritani
310 3412 438 3467 noudum
472 3413 553 3466 erant
579 3425 697 3480 rapaces
744 3406 878 3476 litigatur
893 3411 937 3462 est
961 3408 1098 3462 Dominus
1111 3408 1208 3472 lesus,
1229 3409 1259 3458 et
1276 3405 1338 3482 tota

100 3480 210 3563 gloriae.
229 3483 274 3539 Sic
289 3487 318 3537 et
334 3482 419 3538 hodio
439 3479 566 3554 quotidie
585 3479 697 3550 mulier,
744 3479 803 3534 rita
817 3492 869 3533 sua
884 3476 913 3533 in
926 3481 1093 3558 paupertate
1112 3481 1141 3532 et
1156 3475 1254 3555 labore
1269 3471 1335 3554 luit.

99 3551 190 3610 idest
212 3553 348 3622 Ecclesia,
381 3553 427 3610 his
453 3551 504 3625 qui
533 3551 603 3608 loris
633 3556 699 3608 sunt
745 3550 824 3606 Unde
843 3547 994 3606 Psaluiista
1016 3563 1048 3604 in
1074 3562 1199 3620 persona
1222 3559 1337 3628 ipsius:

99 3624 244 3682 Christum
256 3624 428 3695 aununtiat;
447 3622 612 3681 veniuntad
621 3623 700 3681 Chri·
744 3626 854 3693 Pauper
866 3637 927 3677 snm
941 3635 999 3690 epo,
1017 3625 1043 3676 et
1057 3622 1087 3676 in
1102 3619 1243 3676 laboribus
1260 3632 1337 3688 apu-

100 3699 176 3753 stum
191 3712 242 3779 per
257 3697 374 3767 lamam,
388 3703 417 3754 ot
432 3696 551 3754 credunt
562 3694 593 3753 in
610 3711 697 3764 eum3
745 3699 855 3750 ocntnte
870 3708 939 3749 mea.
957 3691 1037 3750 Uude
1051 3698 1080 3749 et
1092 3691 1169 3749 idem
1183 3692 1339 3772 Corpsooto

99 3769 266 3826 etCliustns
279 3776 436 3842 manetper
450 3768 598 3826 caritatem
613 3767 699 3824 biduo
745 3783 805 3823 min
823 3784 829 3822 :
848 3787 862 3818 ι(
881 3762 1009 3823 Christus
1025 3763 1112 3836 igitur
1131 3763 1159 3820 iu
1179 3765 1339 3844 Samariam

102 3840 182 3912 apud
195 3839 271 3910 illos,
298 3842 352 3899 boc
368 3846 411 3898 cst
426 3841 476 3898 dat
492 3839 535 3897 eis
554 3840 612 3897 duo
629 3855 701 3912 pra·
746 3839 894 3909 accedeus,
905 3835 1017 3894 lacilem
1032 3841 1061 3893 et
1073 3836 1240 3894 deliciosam
1251 3837 1341 3915 ritain

100 3916 185 3985 cepta
198 3913 336 3983 caritatis,
350 3912 459 3970 scilicet
474 3910 635 3970 dilectionis
649 3910 700 3968 Dei
746 3910 894 3983 abjiciens,
910 3907 1082 3967 laboriosam
1090 3925 1157 3964 vcro
1171 3912 1199 3963 et
1208 3908 1342 3987 ,strictam

101 3986 132 4039 et
148 3983 280 4057 proiiini,
295 3984 325 4040 in
340 3983 581 4058 quibus-pendent
599 3984 655 4040 Lex
672 3988 701 4039 et
747 3998 881 4054 sequeus,
892 3997 950 4038 nou
965 3979 1159 4107 lubl'ssfafilus
1174 3982 1275 4057 utitur,
1290 3971 1342 4028 sed

103 4054 266 4128 Prophetae.
276 4059 420 4127 Rogemus
440 4072 505 4114 eum
530 4062 560 4113 et
583 4070 647 4124 uos,
669 4060 702 4111 ut
748 4054 787 4110 iia
801 4053 894 4110 valide
909 4058 937 4110 et
951 4051 1049 4108 dillicu
1063 4056 1106 4107 ter
1119 4047 1237 4129 incedit,
1258 4048 1290 4100 ut
1309 4057 1344 4123 ex

101 4129 132 4183 et
148 4126 297 4184 uobiscum
321 4127 393 4185 duos
415 4127 477 4186 dies
490 4130 615 4196 maneat,
631 4141 701 4198 qua·
748 4129 849 4181 itinere
864 4122 1009 4197 fatigetur.
1022 4124 1061 4178 Ei
1071 4123 1126 4177 hoc
1139 4126 1238 4188 utique
1248 4111 1344 4171 erudit

101 4202 186 4256 tenus
211 4199 267 4255 duo
292 4204 435 4272 praerepta
457 4198 595 4268 caritatis,
617 4197 702 4255 item·
749 4212 780 4253 se
795 4200 975 4268 operatorem
990 4208 1063 4262 esse,
1082 4196 1110 4273 et
1125 4185 1344 4271 uonnsuperllua

100 4284 159 4341 qne
169 4269 291 4327 duorum
302 4273 548 4328 testamentorum
559 4270 703 4338 iidem,et
749 4275 857 4340 petere,
875 4271 905 4323 et
932 4281 989 4323 uon
1017 4263 1114 4343 multis
1139 4260 1278 4342 indigere.
1302 4256 1345 4313 lta

100 4355 202 4401 amare
217 4345 246 4398 et
260 4347 358 4400 tenere
372 4357 426 4399 iios
438 4342 550 4402 doceat.
566 4344 603 4400 nt
615 4343 702 4399 matta
749 4340 826 4396 enim
850 4338 949 4396 vulta
974 4335 1127 4407 superfluis
1154 4331 1264 4390 alienos
1291 4343 1344 4386 nos

166 4439 240 4492 Viri
255 4438 273 4491 J
275 4453 324 4493 riso
336 4437 457 4502 Cnnrsrr,
474 4452 562 4492 roilus
574 4437 610 4489 ll.
1264 4427 1280 4481 9
