2880 4942
388 399 431 453 DE
459 395 704 452 suscitandis
730 393 814 451 illu
842 394 954 449 hona
981 395 1096 488 llio..
1333 398 1349 450 5

134 510 229 577 agant,
248 504 416 574 accelerent,
442 504 502 575 iam
515 508 676 571 resurgant.
694 520 709 554 a

131 577 212 633 *Unde
239 583 268 633 et
294 579 529 648 t'brpsostomus:
558 592 573 628 o
591 575 630 629 Ne
657 589 710 630 au·

132 647 240 705 diamus
271 649 320 730 qui
348 656 466 715 stamus,
500 646 549 702 sed
584 646 712 702 dicamus

128 720 208 776 nobis
234 720 299 791 ipso
317 738 325 778 :
344 722 400 788 Qui
416 721 559 776 acistimct
573 733 602 773 sc
624 723 710 781 sture,

126 789 219 847 uideat
239 809 273 847 nc
294 792 449 857 cadolane
473 790 664 861 desperemus,
686 789 711 844 ai

120 861 286 934 cecidimus,
303 864 353 920 sed
366 864 494 920 dicamus
509 862 610 918 nobis:
626 863 712 919 Num·

120 932 201 1013 quid,
226 939 276 1005 qui
300 934 386 1000 cudit,
403 951 459 990 nou
476 933 626 1002 maur-peti
644 934 710 988 Ete-

121 1018 182 1059 nim
201 1007 286 1062 multi
314 1005 344 1062 in
371 1008 463 1078 ipsum
492 1004 555 1062 coeli
574 1005 709 1060 verticem

124 1078 313 1133 ascendentes
338 1083 368 1133 et
399 1092 513 1133 omnem
543 1074 710 1147 patientiam

122 1145 360 1228 demonstrantes,
381 1163 481 1218 parum
501 1147 572 1219 lapsi
584 1153 659 1216 aunt,
682 1155 711 1202 et

123 1216 162 1272 ad
190 1232 281 1288 ipsum
311 1226 451 1276 venerunt
477 1220 595 1275 malitiae
626 1220 709 1275 bara·

121 1287 233 1367 ,thrum
249 1292 304 1347 Alii
318 1299 413 1349 autem
434 1307 532 1347 rursus
554 1292 590 1347 ad
608 1291 710 1346 caelum

120 1359 188 1417 rode
203 1365 393 1419 ascenderunt
415 1369 443 1419 et
464 1379 481 1419 a
494 1378 579 1419 scona
593 1370 621 1418 et
634 1378 710 1418 scur-

121 1429 238 1513 rilitate,
261 1436 296 1490 ad
314 1435 478 1507 angelicam
496 1442 562 1492 sunt
577 1434 709 1491 translati

124 1501 325 1582 urbanitatem,
348 1510 377 1562 ct
394 1512 502 1562 tantam
522 1509 710 1563 ostenderunt

120 1578 266 1644 virtutem,
295 1584 325 1632 ut
343 1578 485 1634 daemones
506 1578 663 1650 abegerint,
680 1582 710 1633 et

121 1645 211 1701 multa
233 1648 314 1729 signa
339 1649 393 1705 alia
413 1651 522 1720 operati
542 1650 663 1716 luerint,
681 1653 711 1704 et

120 1714 344 1799 horumquulem
359 1721 449 1791 plenae
464 1727 531 1777 sont
543 1721 709 1793 Scriptorae,

120 1791 149 1840 et
167 1787 251 1858 plena
267 1799 324 1846 rita
343 1792 477 1862 exemplis
492 1793 584 1850 nobis.
604 1794 710 1858 Quem·

119 1856 273 1940 admodum
297 1864 373 1919 enim
402 1865 505 1919 medici
534 1864 711 1919 diliiciliorea

124 1933 306 2010 aegritudines
329 1934 409 1990 libris
424 1936 596 2004 inscribunt,
621 1941 651 1990 et
663 1934 714 1988 hu·

123 2015 171 2070 pus
194 2007 401 2061 emendationis
425 2007 603 2074 methodum,
621 2006 649 2060 id
671 2009 715 2059 est

127 2070 286 2154 doctrinam
309 2077 423 2145 docent,
451 2080 481 2130 ut
506 2075 537 2131 in
558 2076 714 2149 majoribus

126 2148 270 2222 exercitati
300 2147 384 2203 iacile
415 2147 527 2203 minora
552 2152 712 2220 superent3

123 2218 164 2269 sta
179 2217 276 2287 utique
293 2223 322 2273 et
337 2219 410 2276 Deos
428 2234 533 2291 magna
552 2228 668 2291 peccata
682 2221 713 2274 in

123 2285 250 2343 medium
277 2290 403 2362 adduxit,
430 2292 522 2361 utqui
537 2308 623 2363 parva
641 2292 711 2347 deli·

166 2368 317 2438 ernnt,per
327 2361 494 2417 illalacilem
503 2362 605 2420 horum
617 2379 712 2420 emen-

128 2498 133 2509 ·
164 2433 271 2486 tionem
303 2431 459 2490 inveniant.
492 2435 521 2489 Si
549 2450 626 2492 emm
650 2451 713 2491 ma-

123 2514 199 2581 Jora·
215 2502 376 2560 habuerunt
400 2505 593 2575 sanationem,
622 2507 712 2563 multo

125 2584 217 2651 magra
235 2590 355 2633 minora.
376 2576 466 2648 igitur
485 2592 629 2635 armemus
651 2593 715 2634 noa·

124 2649 259 2714 metipsos
282 2647 365 2703 honis
382 2648 606 2721 operationibus,
636 2655 665 2705 et
688 2649 714 2705 si

126 2713 276 2773 advenerit
300 2719 416 2788 aliquod
445 2720 590 2790 delictum,
618 2721 716 2777 ablua-

127 2794 254 2867 mur,'nt
266 2789 346 2861 digni
365 2790 523 2847 ciliciamur
544 2795 573 2848 in
592 2793 715 2865 gloriam

127 2856 318 2915 Derrrrentea
348 2865 608 2933 recentemritam,
620 2865 716 2920 lutura

126 2926 184 2984 troi
196 2931 256 2986 vita
272 2949 280 2989 ;
298 2951 313 2985 o
330 2880 393 2989 Kaec
407 2934 624 3004 chrysostomus.

164 3003 280 3071 7llons
310 3022 402 3062 amu
434 3022 491 3062 aaa
522 3024 638 3064 ollltlltb's
671 3023 718 3062 nn-

125 3084 241 3129 mrrm.
254 3102 290 3116 -
305 3078 462 3134 Considera
475 3079 521 3134 hic
546 3079 660 3135 viduam
679 3080 716 3134 dc

125 3149 220 3200 morte
233 3144 284 3227 tilii
297 3147 426 3219 dentem,
437 3155 465 3206 et
477 3151 518 3206 ita
530 3156 571 3219 tn,
584 3151 717 3206 omnibus

129 3218 302 3287 postpositas,
315 3220 351 3275 dc
365 3227 456 3276 morte
465 3220 570 3279 animae
583 3229 639 3279 tuae
651 3223 718 3294 luge

129 3290 159 3340 et
186 3287 355 3371 lacrymare,
384 3298 416 3347 ut
439 3298 576 3349 merearis
599 3296 634 3349 ab
658 3295 720 3365 ipsa

131 3361 224 3440 morte
235 3375 339 3419 mimae
356 3379 407 3434 per
422 3370 530 3420 tactum
545 3365 649 3420 dirinae
664 3364 718 3419 mi·

130 3436 281 3488 umbonis
305 3437 479 3493 resuscitari.
498 3436 645 3492 abstineo
662 3436 721 3492 risu

131 3503 163 3554 et
173 3501 321 3583 cachinno,
334 3509 466 3580 cogitans
477 3508 547 3578 quia
561 3507 597 3563 de
612 3510 722 3564 cunctis

127 3571 243 3652 mulsos
267 3579 323 3633 tuis
349 3580 514 3636 redditurus
530 3594 561 3635 es
579 3580 720 3637 rationem

130 3645 298 3774 rad-udicio.
319 3651 399 3706 Unde
420 3653 461 3706 ait
482 3652 720 3722 chrysostomus:

127 3732 148 3768 a
193 3717 243 3773 rhrl
261 3722 367 3792 quippe
386 3722 426 3778 ita
444 3724 624 3796 conglutinat
652 3727 722 3795 ileo,

130 3792 164 3842 ut
193 3787 328 3867 lacrymae
362 3793 431 3865 illae,
455 3809 526 3866 quas
552 3801 582 3851 et
613 3798 723 3868 peccati

130 3858 216 3915 dolor
230 3870 260 3917 et
278 3879 361 3920 amor
375 3870 488 3922 ιιιιιιιιε
510 3866 640 3938 cilundit,
662 3869 723 3923 sire

134 3930 252 4059 'laprio
278 3943 394 4018 peccata
427 3936 516 4019 quis,¹
547 3938 619 4021 sive·
636 3940 724 4021 etiam

194 4012 310 4084 entctor
335 4009 440 4065 aliena.
466 4009 552 4081 Cujus
574 4024 651 4066 enim
680 4026 725 4066 rer

133 4079 229 4145 sntm
245 4078 276 4134 in
296 4081 467 4138 cachinnum
483 4080 586 4138 laxaris
607 4097 640 4138 ac
670 4080 724 4138 dil·

134 4144 200 4203 dois
213 4147 264 4222 qui
279 4156 426 4211 tantorum
450 4164 551 4227 sponte
578 4153 669 4211 iactos
693 4169 725 4211 ca

766 516 849 557 causa
862 517 1027 570 rnoerorum,
1053 506 1118 556 ante
1139 499 1267 557 terribile
1282 499 1351 557 illud

766 572 872 628 Christi
897 579 1021 628 staturus
1039 572 1175 635 tribunal,
1193 577 1221 627 et
1241 586 1352 628 summa

767 659 831 700 eom
848 645 1054 700 examinatione
1068 645 1209 699 rationem
1221 660 1272 714 pro
1285 660 1352 700 cun-

765 715 817 772 ctis
832 718 942 772 actibus
956 715 1119 771 redditurus
1130 716 1172 770 tu
1192 717 1252 771 haec
1265 716 1352 788 Clup-

765 794 910 844 aoctomua.
933 787 1020 845 Valde
1043 794 1139 843 autem
1161 788 1351 858 periculosum

766 867 817 927 est,
833 861 910 931 qnod
929 868 1060 930 peccator
1079 860 1109 914 in
1130 860 1263 913 sordibus
1286 875 1351 929 pcc·

765 937 904 1000 catorum,
929 933 1007 986 etin
1030 937 1121 986 morte
1140 931 1243 986 enimae
1263 932 1350 1001 jacet,

764 1019 823 1059 non
838 1017 942 1060 curans
959 1019 990 1059 se
1008 1019 1059 1073 per
1073 1001 1269 1074 poenitentiam
1285 1016 1352 1073 pnr-

763 1091 833 1203 {m
857 1080 886 1130 ct
907 1090 1067 1147 resurgere.
1096 1073 1126 1131 Si
1147 1077 1223 1131 enim
1248 1072 1353 1144 linguis

785 1147 914 1203 ominum
938 1146 1097 1217 loquereris
1112 1152 1140 1201 et
1167 1148 1352 1216 Angelorum,

765 1226 794 1275 et
806 1217 829 1274 si
839 1225 891 1286 tot,
901 1234 951 1288 per
962 1226 1039 1273 tuam
1054 1217 1224 1282 doctrinam,
1238 1231 1354 1272 conver·

766 1296 842 1347 tcres
858 1291 986 1346 homines
1003 1294 1073 1360 quot
1094 1288 1207 1342 luerunt
1224 1289 1354 1343 homines

765 1363 801 1418 ab
816 1360 897 1418 initio
918 1362 1027 1429 mundi,
1041 1360 1085 1416 vol
1100 1366 1169 1432 quot
1183 1367 1249 1414 sunt
1263 1359 1354 1416 stellae

765 1435 845 1504 coeli;
875 1440 904 1490 ct
932 1436 1051 1504 teipsum
1078 1449 1128 1503 per
1158 1432 1354 1501 penitenciam

764 1522 821 1562 non
842 1504 1033 1574 mundaveris,
1060 1504 1151 1560 iactus
1172 1520 1213 1572 es,
1232 1503 1353 1559 docente

761 1577 907 1650 Apostolo,
918 1579 994 1633 velut
1006 1593 1044 1632 aes
1058 1591 1163 1631 sonans
1176 1583 1226 1629 aut
1242 1575 1355 1642 eginha-

765 1651 823 1705 lum
837 1649 978 1718 tinniens3
997 1664 1136 1719 campana
1155 1647 1230 1702 enim
1246 1648 1281 1702 a‘l
1298 1646 1353 1701 oti·

763 1723 873 1778 litatem
892 1723 1039 1778 hominum
1058 1721 1194 1781 serviens,
1216 1717 1353 1790 pulsando

764 1794 885 1863 seipsam
898 1793 1048 1849 consumit.
1062 1791 1105 1857 Et,
1114 1792 1137 1844 si
1151 1790 1286 1846 habueris
1296 1803 1355 1846 om·

765 1880 831 1920 nem
846 1864 1006 1930 scientiam,
1020 1870 1049 1917 et
1064 1862 1087 1915 si
1102 1878 1151 1931 per
1166 1869 1244 1916 tuam
1262 1862 1354 1916 scion-

766 1938 847 2004 tiam,
861 1943 889 1990 et
904 1938 960 1990 tuis
974 1933 1104 1988 discretis
1116 1933 1242 1986 consiliis
1257 1946 1356 1986 omncs

768 2022 850 2077 reges
865 2004 962 2060 mundi
978 2003 1021 2057 vel
1040 2001 1192 2073 principes,
1208 2003 1265 2057 imo
1280 2009 1356 2058 totus

768 2079 892 2133 mundus
905 2074 1021 2147 pacifice
1037 2074 1241 2145 dirigerentur,
1259 2080 1288 2129 ct
1302 2073 1356 2130 tei-

767 2164 848 2221 psum
859 2165 909 2219 per
936 2144 1380 2215 mnitentiamnoncorrcaeria,'

767 2220 837 2277 nihu
854 2236 905 2291 pro
929 2221 995 2276 cies.
1007 2218 1051 2287 Et,
1063 2218 1087 2273 si
1098 2217 1356 2273 habuerisomnem

766 2292 864 2364 iidem,
891 2294 930 2348 ita
959 2289 1035 2363 quod
1073 2289 1169 2344 trahas
1199 2288 1236 2344 ad
1268 2289 1357 2344 iidem

766 2379 866 2421 omnes
878 2364 1001 2431 ludaeos,
1010 2359 1160 2417 haereticos
1171 2366 1200 2417 et
1215 2373 1355 2440 paganoa3

766 2438 833 2492 etsi
848 2438 878 2492 in
893 2440 1009 2507 peccato
1024 2432 1139 2488 mortali
1157 2448 1196 2500 es,
1213 2432 1283 2486 nihil
1303 2429 1357 2486 tibl

787 2509 895 2563 roderit
923 2506 959 2562 ad
984 2503 1049 2559 ritae
1073 2508 1189 2557 aeternae
1216 2504 1351 2559 sulutem.

766 2523 849 2647 rtem,
871 2579 894 2634 si
926 2575 1003 2633 mille
1029 2575 1154 2629 claustra
1180 2576 1296 2637 taceres,
1327 2576 1357 2627 et

767 2651 845 2707 mille
868 2648 1019 2730 hospitalia
1033 2658 1120 2700 manu
1134 2642 1251 2714 propria
1264 2640 1356 2698 aedid·

768 2737 859 2789 carcs,
876 2730 948 2777 etin
969 2718 1024 2774 illis
1048 2731 1148 2772 omncs
1168 2716 1265 2771 mundi
1285 2730 1357 2786 pan·

768 2809 849 2875 peres
865 2794 947 2849 bonis
966 2792 1021 2847 tuis
1038 2804 1169 2861 pasceres
1188 2805 1196 2856 ;
1219 2785 1358 2869 quamdiu

769 2880 799 2921 in
813 2871 928 2937 peccato
942 2864 1055 2918 mortali
1077 2859 1212 2932 persistis,
1232 2875 1263 2914 m
1284 2864 1360 2913 statu

768 2936 971 2994 salvandorum
988 2948 1102 2990 nones.
1118 2933 1199 3000 ltcm,
1214 2931 1237 2985 si
1257 2942 1361 2999 corpus

762 3006 852 3065 'tuum
876 3007 912 3064 ad
931 3005 1117 3064 cremandum
1144 3004 1228 3058 dares
1247 3008 1276 3056 ut
1292 3003 1362 3055 bau·

770 3082 890 3152 centius,
906 3079 942 3135 ad
966 3075 1169 3134 excoriandum
1186 3080 1217 3129 ut
1239 3072 1361 3128 Bartho-

771 3154 901 3220 lomaeos,
915 3152 939 3206 si
951 3148 1161 3220 crucifigereris
1177 3151 1207 3200 ut
1221 3144 1360 3212 Christus3

773 3226 856 3281 etsie
871 3237 935 3278 cum
947 3221 1031 3277 unico
1045 3225 1161 3291 peccato
1174 3216 1286 3273 mortali
1302 3227 1362 3294 maj

772 3297 888 3363 rereris,
898 3307 1053 3364 numquam
1065 3290 1225 3344 salvareris.
1241 3289 1323 3354 ltean,
1337 3298 1361 3339 si

775 3367 854 3421 mille
880 3366 970 3419 millia
997 3361 1147 3435 missarum
1167 3373 1222 3435 pro
1241 3363 1268 3410 te
1288 3357 1362 3410 dicc-

775 3443 887 3503 rentor,
900 3433 924 3487 si
940 3445 1039 3487 omnes
1051 3430 1150 3485 Sancti
1165 3442 1195 3481 ιιι
1209 3426 1280 3481 coelo
1295 3438 1362 3482 cum

778 3506 912 3565 omnibus
923 3505 964 3559 hn
986 3503 1039 3558 elia
1049 3499 1183 3572 prostrati
1192 3504 1258 3554 ante
1272 3499 1363 3556 Deum

774 3578 945 3653 sanguineas
965 3518 1118 3631 {undarent
1144 3572 1293 3646 lacrymas,
1320 3585 1365 3628 ua·

775 3668 831 3724 que
849 3653 879 3707 in
893 3649 968 3705 diem
981 3647 1165 3704 novissimum
1183 3654 1297 3701 orantes
1312 3657 1365 3771 ὖιο1

777 3733 817 3795 te,
832 3739 891 3779 non
906 3723 1054 3777 ilecterent
1073 3719 1298 3774 misericordiam
1338 3728 1367 3770 cs

777 3797 814 3854 ad
836 3795 1028 3851 miserendum
1048 3790 1101 3859 toi,
1120 3787 1144 3845 ai
1165 3789 1317 3845 decederes
1336 3787 1368 3840 in

778 3872 896 3939 peccato
914 3863 1052 3921 mortali:
1079 3867 1109 3917 ct
1132 3862 1196 3916 ideo
1223 3855 1367 3985 peccatori

779 3954 809 3995 in
833 3944 924 3995 morte
945 3934 1049 3992 animae
1070 3934 1185 4005 jacente
1205 3946 1266 4001 poa
1290 3927 1368 4007 rale-

779 4019 824 4067 ret
836 4025 893 4066 una
907 4010 1047 4064 conl'essro
1061 4004 1149 4074 hona,
1168 4016 1255 4073 quam
1272 4011 1369 4055 omnia

780 4082 921 4139 beneticia
945 4078 1081 4150 praedicta
1107 4089 1160 4149 per
1189 4084 1255 4127 eum
1282 4069 1368 4143 lacta,

780 4152 889 4211 rclaibi
907 4152 1046 4224 impensa
