2880 4942
163 338 208 392 226

165 445 245 503 Unde
262 443 302 501 ait
322 445 503 513 Hieronymus
518 462 527 498 ε
541 462 556 497 a
572 440 675 500 Christi
703 444 754 497 Ec-

162 516 250 574 clesia
278 514 359 588 prius
386 522 469 584 nata,
498 518 526 571 et
556 518 620 586 post
647 513 753 596 adulte,

163 587 409 662 persecutionibus
431 585 528 655 crevit,
549 586 691 658 martyriis
710 602 754 641 co

164 667 265 718 conata
283 664 335 716 ost.
352 661 386 715 ut
404 664 553 731 postquam
570 659 606 715 ad
622 656 753 715 eluistia·

164 749 218 790 nos
235 730 378 804 principes
393 733 480 797 vertit,
496 729 623 803 potentia
638 729 752 811 quictem

163 809 191 861 et
201 802 308 859 divitiis
319 803 420 874 major,
433 803 482 859 secl
495 802 645 858 virtutibus
659 818 754 857 mmor

164 881 207 931 est
222 875 304 930 lactu.
317 895 331 924 »
346 877 429 936 Tettio.
444 881 476 930 ut
487 873 596 929 firmius
610 873 751 945 possideat

163 946 288 1014 ludaeos,
304 948 382 1001 vadit
397 945 526 1002 diabolus
540 962 591 1017 per
607 953 750 1013 conatum,

164 1023 190 1074 et
214 1021 330 1074 assumit
347 1024 449 1088 septem
464 1020 534 1073 ulios
553 1020 680 1088 spiritus,
704 1033 753 1087 per

165 1105 237 1161 quos
254 1088 422 1146 universitas
437 1090 598 1146 damonum
614 1095 642 1145 et
664 1087 752 1145 ritio-

162 1177 237 1230 rum,
256 1160 359 1232 quibus
375 1168 474 1230 tentat,
489 1160 665 1231 intelligitur,
686 1160 752 1231 quia

162 1232 334 1290 universitas
354 1234 407 1290 boe
429 1250 547 1290 numero
568 1249 643 1305 saepe
671 1231 752 1288 desi-

163 1310 268 1378 gnatur
284 1323 290 1360 :
304 1306 364 1361 haee
378 1314 444 1361 sunt
456 1310 563 1378 septem
579 1310 679 1375 gentes
694 1321 752 1375 pu-

164 1382 286 1447 gnantes
302 1384 400 1433 contra
418 1377 494 1433 filios
511 1378 607 1432 lsrael.
626 1379 680 1431 lstc
695 1392 752 1431 au-

162 1451 222 1504 tem
238 1447 418 1520 septenarius
431 1455 539 1520 septem
556 1447 641 1504 donis
656 1446 751 1518 Spiri-

163 1522 211 1575 tus
228 1518 323 1575 Saucli
338 1519 497 1591 expellitur.
515 1521 548 1574 Et
562 1518 642 1575 auoit
654 1518 749 1575 [tomi-

163 1606 226 1656 nus,
237 1594 380 1660 nequiores
390 1606 428 1656 se,
440 1590 484 1647 rel
497 1597 613 1662 proptor
625 1589 750 1660 ipsorum

164 1677 326 1728 numerum,
347 1661 390 1718 rel
408 1667 525 1735 proptor
542 1668 688 1728 conatum,
706 1662 750 1718 rel

162 1739 279 1804 propter
305 1733 446 1796 ellectum.
468 1750 552 1804 utrem
577 1733 715 1790 inducunt
741 1750 748 1790 ε

162 1802 239 1875 (luia,
251 1821 300 1861 eos
310 1806 346 1861 ad
357 1821 428 1877 quos
440 1806 572 1873 redeunt,
586 1803 749 1877 nequiores,

164 1891 249 1947 quam
265 1883 341 1944 ante,
359 1877 475 1934 iaciunt.
489 1881 526 1935 Et
541 1881 687 1945 intrantes,
701 1893 752 1934 seu

162 1946 283 2019 ingressi
311 1951 438 2005 habitunt
465 1951 514 2019 ibi,
539 1955 568 2006 et
591 1948 632 2005 sie
655 1949 750 2005 omnia

164 2021 346 2077 cumulantur
356 2022 385 2077 iu
399 2020 440 2078 eis
453 2020 531 2077 vitia.
544 2024 609 2078 llaec
623 2020 750 2077 estenim

163 2088 282 2148 intentio
298 2094 472 2162 daemonum,
486 2099 517 2149 ut
532 2110 589 2150 non
604 2097 751 2149 transeant

163 2163 200 2217 ael
217 2165 318 2236 horam
339 2164 683 2235 vellempusmoclicun1;
700 2165 750 2220 sed

162 2238 193 2288 ut
208 2233 397 2291 immorentur
411 2252 501 2306 usque
527 2236 563 2291 acl
580 2235 698 2291 obitum.
715 2239 751 2291 Et

162 2306 232 2373 fiunt
255 2309 404 2361 nouissima
430 2308 557 2370 bominis
572 2305 680 2362 scilicet
694 2323 750 2378 po-

162 2374 222 2446 puli
243 2375 366 2447 Judaici,
379 2378 477 2448 pejora
494 2379 637 2449 priorious
656 2395 662 2433 :
684 2379 751 2450 quie

160 2447 262 2515 Judaei,
283 2455 348 2504 ante
379 2452 481 2521 Logcm
510 2450 616 2518 datam,
637 2448 752 2507 luerunt

160 2518 284 2590 peccatis
301 2519 415 2591 irretiti,
431 2528 458 2577 et
474 2537 491 2578 a
505 2520 619 2578 diabolo
635 2537 748 2593 posscs-

162 2589 186 2646 si
198 2609 204 2657 ;
219 2592 269 2648 sed
283 2598 347 2664 post
359 2594 511 2650 adventum
524 2596 591 2651 lesu
606 2594 709 2650 Christi
721 2593 749 2650 in

160 2669 278 2788 peccalo
305 2680 355 2721 suo
383 2666 530 2733 obstinati,
547 2673 614 2722 sunt
637 2667 750 2738 pejores

171 2733 237 2790 toti.
260 2737 363 2791 Eorum
392 2736 469 2793 enim
494 2743 610 2808 peccata
634 2743 750 2808 propter

159 2802 395 2876 ingratitudinem
411 2813 479 2863 sunt
494 2807 575 2879 quasi
591 2808 748 2879 duplicata;

160 2876 607 2935 namcleterioressuutlsraelilae
622 2879 750 2949 blaspbe-

160 2947 746 3020 mantestristuminconventiculissuis,

160 3033 247 3089 quam
264 3017 331 3074 olim
353 3019 518 3076 fuissentin
541 3023 660 3102 AEgypto
680 3028 747 3079 ante

160 3089 292 3145 notitiam
304 3091 385 3162 Legis
393 3109 400 3161 ;
414 3092 481 3163 quia
494 3093 747 3164 majorxnfidolitas

159 3165 203 3217 est
217 3161 380 3219 venientem
407 3180 465 3220 non
489 3164 644 3236 suscipere,
661 3181 746 3235 quam

158 3237 311 3290 venturum
327 3251 382 3290 non
399 3236 524 3293 credere.
542 3236 648 3292 Deinde
661 3237 746 3293 simi-

156 3303 306 3362 litudinem
322 3305 437 3377 dictam,
454 3316 482 3364 et
497 3324 552 3379 quo
575 3308 673 3365 tendat
689 3325 746 3381 pa-

157 3378 266 3446 rabola,
295 3379 433 3436 Dominus
458 3380 583 3452 exponit,
611 3382 744 3452 quodque

155 3447 201 3503 bio
217 3449 297 3519 quasi
313 3450 348 3506 du
365 3469 420 3508 uuo
441 3452 556 3508 bomine
574 3469 624 3523 per
638 3452 744 3508 simili-

157 3520 283 3576 tudinem
300 3521 417 3591 (lictum,
434 3525 469 3580 de
492 3530 549 3580 toto
570 3525 673 3595 populo
689 3526 744 3581 lu-

155 3590 237 3646 daico
265 3593 446 3663 iut‹·lligatur,
467 3596 740 3663 oslexrtlxt,cli1·oxts:

123 3687 126 3691 ·
154 3662 201 3716 St'o
230 3665 281 3716 eit
312 3670 484 3730 perscrutiorn'
511 3670 574 3721 lunc
603 3670 741 3737 pessima,

154 3731 261 3787 scilicet
275 3735 412 3804 lctttaica‘,
430 3746 513 3807 pxxtut.
530 3754 617 3809 supra
635 3738 740 3793 clictuxn

154 3807 197 3859 est
212 3802 247 3859 tle
261 3805 374 3862 ltoxuiue
392 3825 457 3863 tritis.
475 3809 548 3863 llala
559 3809 611 3863 l'uit
623 3825 741 3879 gonera-

153 3877 193 3931 tio
215 3876 274 3931 llaec
294 3876 322 3931 iu
342 3879 466 3947 tlescxao,
487 3881 600 3949 quaudo
622 3879 740 3936 titulum

151 3948 291 4009 atloraxit,
318 3951 430 4017 qctaxulo
461 3957 559 4005 contra
589 3951 739 4007 Domitium

152 4019 350 4086 murmuratit,
367 4021 482 4091 citando
508 4026 589 4090 teratu
612 4021 739 4093 promis-

150 4088 239 4147 sionis
264 4093 403 4161 detraxit;
425 4093 474 4148 secl
502 4094 580 4163 pejor
605 4094 634 4149 in
661 4102 737 4150 terra

150 4163 349 4234 promissionis
369 4172 433 4221 ante
452 4166 602 4220 ailreutuut
621 4166 735 4237 tllrristi,

148 4236 263 4306 quondo
279 4235 363 4305 tilios,
379 4244 407 4292 et
419 4236 494 4292 litias
513 4237 662 4294 demoniis
678 4237 736 4294 im·-

148 4305 280 4378 molarit;
298 4309 349 4366 sed
362 4307 487 4381 pessima
498 4313 564 4380 post
580 4311 735 4367 adventum

514 333 630 389 'rutuli
658 332 779 388 Plutts
808 332 911 387 CAPUT
940 330 1050 385 lxxxv

808 437 923 508 Christi,
941 436 1057 510 quando
1077 436 1127 494 Dei
1154 438 1255 496 Filium
1276 439 1316 497 ad
1336 456 1403 500 eam

808 511 927 568 missum
938 512 1040 579 tenuit,
1055 509 1162 582 ligarit,
1177 511 1322 585 conspuit,
1339 529 1405 587 per·

807 584 895 640 cussit
911 587 940 639 et
953 580 1075 649 denique
1095 581 1245 640 crucifixit.

843 661 859 711 8
872 657 965 711 Elauer
982 671 1122 710 runaoouu
1135 672 1281 714 recearonx
1301 677 1405 716 necim-

807 745 886 783 ruurx
902 744 1058 783 xrrnxcxrs.
1079 756 1108 767 -
1125 727 1273 785 illocaliter
1286 731 1404 804 exponi·

807 805 852 854 tur
869 799 944 854 istud
966 798 1125 870 exemplum
1150 800 1184 854 do
1208 801 1339 867 bomine,
1355 802 1403 876 qui

807 877 870 940 post
882 869 1001 941 gratiam
1023 871 1231 938 baptismalem,
1249 875 1294 930 vel
1311 874 1403 946 poeni·

805 942 967 1011 tenlialexn,
989 942 1125 997 recidivat
1145 941 1171 997 in
1192 944 1307 1016 culpam
1326 947 1401 1003 sicut

806 1017 883 1070 curris
899 1030 1023 1069 reuersus
1040 1015 1077 1068 od
1102 1018 1243 1071 uomitum.
1261 1018 1399 1075 Diabolus

805 1086 880 1142 euim
896 1087 931 1142 ab
948 1085 1061 1141 bomine
1080 1085 1146 1153 exit,
1165 1089 1278 1157 quando
1299 1089 1330 1146 in
1343 1092 1397 1147 Bu·

805 1158 908 1230 ptismo
920 1156 1030 1229 pompis
1041 1156 1126 1215 illius.
1140 1165 1168 1213 et
1180 1159 1311 1216 omnium
1326 1178 1397 1235 pre<

806 1228 968 1286 cedentium
984 1235 1163 1300 peccatorum
1179 1229 1325 1289 illecebris
1343 1236 1399 1289 lxo-

806 1317 853 1357 mo
865 1301 1059 1366 abrenuntiat,
1069 1301 1111 1357 rel
1124 1304 1237 1372 quamlo
1249 1320 1302 1374 per
1311 1305 1399 1377 poeni·

809 1373 927 1429 tentiam
951 1382 979 1430 et
997 1372 1205 1430 contessionem
1235 1377 1400 1448 apecoatis

808 1449 975 1514 mundatur,
999 1460 1163 1526 proponens
1191 1447 1269 1516 qttod
1298 1449 1335 1505 ab
1360 1448 1400 1506 eis

809 1516 1076 1584 abstineat.Qui,1u
1090 1523 1133 1572 est
1147 1519 1308 1574 teutmundus
1318 1524 1399 1594 spiri·

806 1590 1395 1661 tus,oumejectuseaoieritbituminemur·

807 1661 883 1716 bulot
891 1678 941 1732 per
951 1664 1010 1716 loco
1020 1662 1102 1715 arido
1113 1660 1156 1716 rel
1169 1664 1319 1744 inaquoso,
1332 1663 1397 1736 quie

806 1732 891 1788 corda
919 1733 1062 1804 justorum
1092 1734 1128 1788 ab
1160 1748 1237 1790 omui
1273 1736 1396 1793 carnalis

806 1804 1042 1875 concupiscentiae
1057 1820 1155 1860 amore
1172 1803 1280 1863 siccata
1295 1815 1324 1864 et
1338 1807 1395 1864 im-

805 1875 914 1944 munia,
943 1877 1080 1933 tentando
1107 1875 1246 1949 explorat,
1272 1895 1395 1950 querens

805 1951 937 2018 requiem,
958 1947 986 2003 id
1004 1953 1055 2015 est,
1074 1947 1098 2004 si
1116 1964 1188 2019 quos
1205 1948 1244 2005 ibi
1260 1950 1395 2022 nequitie

807 2035 866 2075 suae
881 2035 996 2091 gressus
1007 2021 1094 2091 ligere
1112 2019 1217 2091 possit;
1234 2023 1287 2079 sed
1299 2022 1329 2079 in
1344 2023 1393 2093 eis,

807 2096 952 2173 tamquam
971 2107 1023 2163 per
1040 2091 1161 2162 gratiam
1180 2091 1231 2148 Dei
1253 2093 1393 2167 solidatis,

805 2178 932 2234 requiem
948 2180 1001 2218 nort
1016 2166 1120 2219 irruerit
1133 2181 1139 2219 :
1151 2162 1228 2235 cruia,
1237 2164 1288 2237 qui
1300 2165 1394 2238 praxis

804 2233 1026 2305 cogitationibus
1038 2242 1066 2291 et
1081 2236 1191 2292 actibus
1207 2237 1350 2308 pascitur,
1365 2237 1392 2295 in

805 2304 948 2362 mentibus
962 2306 1090 2362 fidolium
1108 2306 1205 2363 omnia
1220 2323 1275 2365 sua
1295 2315 1393 2367 teuta-

805 2383 901 2434 menta
915 2394 1026 2434 cessare
1040 2378 1197 2450 perpendit.
1211 2381 1288 2437 Tune
1297 2382 1393 2439 rolens

804 2449 909 2505 roverti
924 2449 952 2505 in
970 2451 1085 2506 dontum
1100 2467 1180 2507 suam
1195 2452 1335 2522 priorem,
1351 2454 1393 2509 ut·

804 2524 841 2576 eit
852 2538 858 2576 τ
870 2525 1001 2579 Reuertar
1009 2526 1036 2577 ia
1045 2523 1154 2579 domum
1162 2539 1260 2587 meam.
1269 2526 1393 2582 undese-

803 2595 845 2648 tri
858 2613 866 2648 :
880 2599 1013 2665 peccator
1024 2594 1101 2650 enim
1116 2600 1159 2651 est
1175 2594 1279 2652 domus
1295 2595 1391 2654 diabo-

804 2663 1391 2739 li,sioutjustustemplumDemocratem

804 2739 908 2793 inuenit
922 2754 981 2792 eum
995 2746 1138 2794 ooooatem
1150 2754 1168 2795 a
1180 2738 1264 2795 bonis
1272 2741 1390 2809 actibus,

803 2823 854 2879 per
881 2809 1095 2881 negligentiam,
1111 2818 1139 2867 et
1158 2814 1249 2882 seopt's
1267 2814 1387 2869 mundo·

802 2885 869 2946 tom,
879 2878 908 2934 id
919 2887 985 2937 esta
996 2882 1128 2939 sordibus
1136 2882 1284 2955 vitiorum,
1296 2900 1387 2943 secun·

802 2950 1090 3031 ‹luurapparentiam3
1102 2960 1267 3011 exornatam
1278 2955 1386 3014 simule

802 3029 838 3077 tis
853 3024 1015 3094 virtutibus,
1032 3025 1140 3083 scilicet
1155 3028 1347 3085 exterioribus
1361 3032 1386 3084 et

801 3095 1014 3174 apparentibus,
1029 3114 1087 3155 non
1103 3097 1293 3156 interioribus
1307 3108 1336 3156 et
1347 3114 1383 3155 re

800 3181 850 3222 ris.
866 3169 940 3223 Turro
952 3171 1041 3239 cudit,
1051 3176 1075 3225 et
1083 3173 1200 3226 assumit
1209 3172 1283 3227 ulios
1292 3176 1382 3244 septm

799 3241 916 3308 spiritus
933 3256 966 3294 ae
988 3244 1077 3297 autores
1098 3258 1135 3304 se.
1151 3242 1178 3298 id
1194 3249 1238 3299 est
1257 3243 1381 3299 universe

799 3308 867 3365 vitia
882 3258 995 3367 diaboio
1012 3313 1160 3384 nequiora,
1176 3312 1246 3386 quia
1260 3313 1379 3372 uiatolus

799 3382 892 3437 solum
908 3384 1035 3453 suggerit
1055 3384 1171 3452 inalum,
1188 3385 1307 3442 babitus
1331 3401 1379 3441 au-

799 3459 856 3509 tem
871 3453 963 3510 vitiosi
980 3456 1102 3513 intranei
1112 3472 1175 3512 oum
1192 3459 1317 3529 quadam
1332 3454 1377 3511 xio

798 3523 886 3580 lentie
901 3528 935 3580 att
952 3528 1056 3584 malum
1069 3528 1228 3597 inclinaut;
1251 3535 1278 3586 ot
1288 3533 1377 3597 ingres

798 3600 823 3650 st
844 3598 970 3653 babitaret
988 3601 1037 3666 ibt,
1055 3599 1162 3656 scilicet
1183 3599 1213 3656 iu
1234 3601 1329 3656 anima
1341 3613 1377 3655 sa·

798 3679 879 3722 carate
894 3678 922 3723 ot
935 3676 1065 3743 torpente
1079 3691 1085 3727 ι
1101 3689 1117 3728 a
1133 3677 1173 3728 tot
1189 3671 1268 3728 enim
1284 3672 1376 3728 daemo-

799 3738 1377 3824 uibusboxxtopossrdttlur,quotvitiissub

793 3808 906 3879 jicttur3
917 3812 1036 3883 siugulis
1045 3817 1120 3871 onim
1134 3815 1210 3871 vittis
1220 3814 1323 3887 singuli
1333 3813 1377 3868 dae

796 3896 904 3960 mortes.
916 3889 1038 3954 utsupra
1049 3887 1217 3949 dictumest,
1230 3886 1374 3958 praesidero

795 3952 935 4007 dicuutur.
959 3960 993 4010 Et
1010 3962 1080 4026 ficunt
1096 3962 1249 4014 nouissimo
1268 3958 1374 4014 bominis

793 4026 872 4103 itlius
886 4026 982 4093 pejoru
996 4032 1146 4098 prr-iuribus,
1160 4038 1189 4084 et
1201 4031 1257 4085 boc
1270 4034 1373 4101 propter

793 4097 1027 4164 iugratitudinem
1042 4101 1106 4156 aum
1119 4112 1147 4157 ot
1161 4103 1265 4172 gratim
1276 4114 1372 4174 prute-

792 4165 886 4221 tloulis
907 4184 914 4221 :
935 4184 1067 4238 graviora
1085 4172 1162 4230 euim
1180 4179 1247 4229 suut
1263 4170 1373 4229 crimine

790 4243 855 4319 post
881 4240 1066 4310 Baptismum,
1092 4246 1134 4300 rel
1160 4243 1371 4316 poeuitentitmt

790 4324 859 4381 quaa
876 4314 976 4371 metato
992 4320 1043 4389 est,
1057 4315 1087 4374 icl
1101 4320 1144 4374 ost
1158 4314 1257 4374 minus
1275 4314 1372 4376 mulum
