2880 4942
423 366 463 418 llll
492 363 694 417 annoniaco
721 363 809 418 CAECO
835 366 874 419 ET
901 366 1000 422 uuio.
1285 374 1334 428 209

102 469 256 542 cupiditas,
268 469 297 526 in
312 469 408 538 rebus,
419 467 486 540 quia
505 484 511 523 :
523 468 606 524 Omne
618 468 692 538 quod

103 546 144 598 eet
169 545 200 598 fn
227 543 340 610 mando,
354 542 573 611 concupiscentie
598 542 691 596 cernis

103 619 154 682 est,
172 618 220 670 aut
239 615 459 685 concupiscentie
474 613 623 677 oculorum,
642 615 692 667 aut

103 686 315 757 superbiente.
331 687 389 741 Hoc
404 689 498 740 autem
512 682 612 754 triplex
627 682 691 738 dm-

103 756 229 813 monium
245 757 312 813 facit
327 763 449 813 mutum.
466 758 547 822 Nam,
563 770 626 810 curn
649 753 690 810 lo·

102 828 186 955 guala
201 828 268 885 data
285 828 321 885 sit
333 826 444 884 homini
461 827 498 883 ad
518 824 691 882 laudandum

127 915 203 968 eum,
230 907 259 957 et
285 899 393 971 gratias
418 897 572 969 agendum,
591 897 628 953 ad
647 897 690 952 lo·

102 972 249 1042 quendum
271 971 432 1037 ueritatem,
449 975 477 1025 et
491 968 690 1024 aedificandum

102 1042 275 1114 proximum,
292 1043 328 1098 ad
342 1040 536 1098 confitendum
543 1046 690 1111 peccatum

102 1119 131 1168 et
145 1112 259 1169 reniam
275 1113 311 1170 de
325 1129 359 1169 eo
375 1111 552 1184 petendum:
571 1109 690 1180 primam

103 1182 247 1266 loquelam
263 1184 355 1240 aufert
370 1181 515 1254 superbia,
535 1197 598 1253 quae
615 1180 691 1252 quod

103 1256 153 1310 Der
169 1261 223 1323 est,
235 1255 343 1312 scilicet
357 1255 481 1317 laudem,
493 1252 689 1325 usurpatsibi;

102 1327 256 1382 secundam
286 1327 379 1383 aufert
401 1323 531 1391 avaritia,
549 1340 612 1395 qum
637 1323 688 1380 soli

101 1396 154 1452 sibi
177 1397 310 1465 intendit,
327 1414 384 1453 non
412 1396 557 1468 preximo;
575 1394 689 1452 tertiam

101 1469 195 1524 aufert
210 1468 331 1538 luxuria,
347 1474 375 1524 et
390 1467 509 1523 maxime
524 1472 622 1522 contra
635 1482 688 1522 na·

100 1543 204 1596 turam.
234 1541 311 1596 Unde
332 1540 456 1596 Sodoma
482 1537 688 1608 interpretatur

101 1613 255 1680 sitentium,
276 1611 523 1667 sivemercedem
549 1608 615 1664 facit
633 1625 686 1665 cae·

100 1698 175 1750 cum,
194 1689 223 1738 ut
237 1682 273 1738 ad
291 1683 412 1738 salutem
424 1696 505 1736 suam
516 1679 689 1752 pertinentia

101 1759 129 1810 et
155 1753 208 1810 sibi
232 1754 360 1826 proficua
376 1759 438 1809 non'
454 1751 557 1820 rideat,
573 1756 601 1807 et
624 1767 688 1808 eam

100 1826 202 1893 lucem,
219 1841 282 1896 qua
296 1825 336 1882 ait
350 1842 356 1880 :
369 1828 426 1893 Ego
438 1839 498 1878 sum
513 1825 563 1877 lna
578 1824 687 1886 mundi,

100 1913 158 1953 non
173 1904 324 1967 sequatur3
341 1896 391 1955 sed
405 1895 434 1950 in
448 1893 574 1950 tenebris
588 1894 688 1950 ambu-

100 1968 148 2025 let.
162 1968 213 2024 tlic
227 1966 418 2024 demoniacus
433 1981 533 2033 caecus,
549 1969 578 2021 et
593 1971 690 2021 mutus

100 2038 124 2096 si
141 2039 262 2096 Domino
285 2041 433 2106 offeratur,
459 2036 482 2093 si
502 2036 539 2092 ad
554 2035 690 2106 poeniten·

100 2110 170 2168 tiam
186 2116 378 2178 convertatur,
394 2124 459 2165 mox
481 2109 564 2164 Jesus
578 2106 691 2163 curabit

101 2198 184 2251 eum;
201 2183 241 2239 ita
261 2188 300 2251 ut,
318 2183 408 2254 ejecto
426 2178 580 2246 daemonio,
595 2178 689 2234 rideat

101 2259 130 2311 et
145 2254 288 2327 loquatur.
312 2252 445 2310 Abundat
467 2249 607 2306 demonis
626 2266 688 2306 ma·

99 2325 176 2394 litia3
188 2343 221 2382 sn
242 2324 403 2382 erabundat
413 2322 508 2379 divina
523 2320 684 2377 clementia.

100 2398 132 2453 In
150 2396 203 2453 isto
219 2343 405 2459 demoniaco,
426 2392 536 2450 malitia
550 2393 688 2450 daemonis

100 2469 222 2524 multum
239 2468 406 2534 abundavit,
418 2465 484 2538 quia
496 2480 561 2521 cnm
572 2466 689 2521 tenebat

99 2540 261 2609 obsessum,
277 2539 370 2612 ipsum
393 2538 500 2593 fecerat
530 2551 635 2590 crucum
661 2541 689 2593 et

100 2617 222 2679 mutum,
234 2626 278 2679 ac,
287 2610 444 2667 secundum
457 2609 687 2687 chrysostomum,

99 2682 187 2741 etiam
201 2683 336 2750 surdnm;
353 2681 404 2737 sed
419 2678 470 2737 Dei
491 2677 689 2736 misericordia

99 2753 130 2812 in
151 2754 158 2810 i
181 2771 213 2810 so
242 2753 408 2820 abundavit,
424 2750 492 2823 quia
514 2748 688 2830 daemonium

99 2826 137 2884 ab
148 2770 266 2883 olisesso
276 2824 369 2897 ejecit,
382 2823 523 2895 loquelam
538 2819 591 2877 sibi
602 2822 688 2878 resti·

98 2896 164 2967 tuit,
190 2898 285 2955 lumen
314 2894 469 2969 reparavit,
498 2897 527 2950 et
559 2891 688 2952 auditum

100 2969 252 3029 reseravit.

136 3045 154 3097 ὅ
168 3041 298 3108 anrnon
311 3056 452 3096 sexenni
464 3054 560 3095 noenu
569 3052 689 3095 rnsrrrx·

100 3109 690 3181 exromanum.-Perbuacigiturbomi·

101 3182 689 3262 nemsiccuratnm,intelligerepossumns

99 3260 280 3328 peccatorem
307 3254 515 3328 justificatum
542 3253 587 3310 eui
613 3257 691 3312 Deus

99 3343 114 3384 s
134 3325 287 3385 iritnaliter
296 3332 419 3453 guatnor
433 3324 575 3381 beneficia
588 3340 689 3397 supra-

121 3404 178 3454 rcta
209 3414 297 3455 conce
319 3397 351 3453 it.
381 3395 509 3451 Primum
535 3402 587 3461 est,
614 3393 690 3466 quod

99 3469 248 3527 diabolum
270 3470 307 3526 ab
329 3467 390 3538 ipso
410 3465 533 3538 expellit.
557 3468 692 3523 Peccator

100 3538 178 3598 enim
192 3541 338 3598 diabolum
349 3538 379 3594 in
391 3537 508 3594 domum
518 3536 621 3594 animm
631 3552 692 3593 suae

101 3609 232 3679 inducit;
254 3612 304 3668 sed
324 3608 453 3667 Christus
476 3624 542 3665 enm
568 3607 691 3689 expellit,

104 3688 135 3740 ut
147 3700 212 3740 eam
227 3681 378 3740 inhabitet.
396 3683 502 3737 Domus
517 3685 614 3738 autem
633 3695 693 3737 anx·

103 3770 158 3811 mae
172 3754 228 3811 tria
251 3755 337 3810 babet
362 3751 468 3809 solaria
485 3768 593 3810 :unum
608 3768 691 3824 supe·

102 3825 176 3894 rins,
191 3826 298 3883 scilicet
311 3823 456 3897 spiritum3
469 3822 545 3881 aliud
561 3824 691 3894 inferius,

103 3897 214 3955 scilicet
242 3913 364 3969 corpus,
392 3895 509 3952 tertium
543 3896 690 3959 medium.

105 3968 214 4027 scilicet
239 3968 375 4027 animam.
401 3970 475 4024 Deus
502 3965 531 4022 in
552 3964 691 4040 superiori

104 4040 237 4110 solario,
269 4039 377 4096 scilicet
406 4038 529 4111 spiritu,
560 4039 691 4105 babitat,

105 4113 221 4184 quaxxdo
246 4111 305 4184 ipse
321 4109 438 4182 spiritus
462 4107 693 4182 contemplationi

105 4189 208 4252 racat3
235 4185 345 4240 habitat
369 4181 400 4237 iu
414 4180 518 4237 solario
543 4181 647 4249 medio,
664 4179 693 4235 id

104 4260 149 4312 est
173 4255 202 4310 in
228 4254 336 4322 anima,
352 4252 466 4323 quando
493 4251 556 4324 ipsa
571 4250 694 4309 intendit

105 4325 228 4386 internae
251 4322 453 4393 meditationi;
476 4324 587 4382 habitat
606 4324 637 4382 in
650 4338 694 4380 so

169 4422 242 4477 Viri
257 4421 325 4475 stn
339 4420 460 4482 (tumre,
475 4432 562 4473 renus
577 4420 614 4472 11.

749 467 821 525 lario
849 468 989 552 inferiori,
1019 473 1048 529 id
1074 479 1117 532 est
1142 476 1174 533 in
1200 493 1330 552 corpore,

748 540 861 623 quando
881 558 973 614 ipsum
993 558 1096 616 corpus
1115 548 1286 607 exercitatur
1302 554 1332 608 et

747 613 870 669 intendit
884 614 1106 674 mortificationi.
1125 648 1158 661 -
1170 621 1331 679 Secundum

745 684 915 766 beneficium
934 691 988 759 est,
1008 687 1076 759 quia
1093 691 1168 747 Deus
1189 692 1331 764 peccatori

746 754 872 838 linguam
892 757 992 829 aperit.
1022 760 1097 816 Deus
1118 760 1196 817 dedit
1221 762 1331 820 homini

746 827 873 898 linguam
895 829 931 885 ad
953 829 1017 900 tria,
1032 830 1159 891 scilieet:
1186 837 1218 890 ut
1240 836 1331 892 Deum

746 898 852 967 laudet,
869 904 899 956 ut
921 901 1081 973 proximum
1101 903 1232 973 aedificet,
1258 904 1332 962 utin

747 971 927 1028 confessione
943 987 1041 1029 coram
1059 977 1117 1031 Deo
1132 992 1163 1032 se
1177 977 1331 1049 reprehen-

747 1041 837 1123 dalet
851 1048 973 1100 accuset.
990 1047 1240 1118 Peccatorautem,
1261 1047 1331 1120 quia

748 1111 845 1194 lingna
866 1130 917 1170 sua
940 1115 977 1171 ad
1001 1117 1054 1172 ista
1077 1117 1133 1174 tria
1160 1134 1217 1174 non
1230 1118 1330 1192 utitur,

747 1184 812 1240 ideo
830 1191 908 1242 recte
930 1191 1025 1244 mutus
1040 1187 1152 1245 dicitur.
1173 1190 1242 1247 Cum
1262 1206 1331 1261 ergo

747 1255 836 1337 Deum
866 1255 965 1330 incipit
998 1257 1139 1329 laudare,
1170 1259 1332 1332 proximum

746 1326 900 1395 aedificare,
916 1334 986 1385 etse
1001 1345 1147 1400 accusare,
1163 1331 1331 1404 tuncloqui-

745 1402 801 1459 tur.
813 1403 842 1454 et
856 1398 953 1480 lingna
964 1401 1000 1457 ad
1016 1400 1112 1459 debita
1126 1402 1220 1458 officia
1232 1403 1329 1460 utitur.

745 1499 779 1510 -
798 1471 924 1526 Tertium
947 1471 1119 1530 beneficium
1145 1478 1198 1540 est,
1215 1475 1329 1545 quando

744 1541 819 1598 Deus
838 1542 979 1613 peccatori
1008 1543 1104 1600 lumen
1129 1544 1262 1601 restituit.
1286 1547 1330 1603 st·

718 1595 721 1599 ’
743 1628 831 1683 gnum
851 1617 946 1669 autem
964 1614 1040 1685 quod
1054 1614 1115 1686 ipse
1134 1615 1175 1672 sic
1188 1615 1330 1674 illumina·

743 1688 800 1752 tur,
811 1687 864 1752 est,
879 1686 992 1756 quando
1005 1685 1082 1742 videt
1091 1692 1159 1744 ante
1172 1693 1199 1744 et
1211 1692 1299 1755 retro,
1313 1704 1331 1745 a

744 1754 851 1811 dextris
864 1764 891 1812 et
902 1772 919 1812 a
929 1755 1060 1813 sinistris.
1074 1758 1124 1816 llle
1134 1760 1220 1816 habet
1230 1759 1329 1816 oculos

744 1832 834 1894 retro,
851 1826 899 1898 qui
915 1827 1077 1885 considerat
1093 1835 1122 1886 et
1136 1830 1242 1902 cogitat
1261 1845 1327 1902 pec·

745 1903 810 1954 cata
830 1913 892 1969 qnae
919 1898 993 1967 fecit,
1011 1916 1098 1971 quarn
1120 1900 1226 1973 turpia,
1242 1915 1329 1971 quam

746 1968 846 2037 multa,
863 1985 949 2040 quam
1010 1970 1084 2040 aria,
1106 1971 1221 2028 atinde
1243 1972 1330 2030 babet

745 2040 893 2121 dolorem,
910 2040 957 2097 ille
1002 2042 1069 2098 abet
1091 2043 1188 2100 oculos
1202 2048 1270 2100 ante
1287 2060 1329 2127 se,

745 2127 794 2182 qui
820 2111 898 2167 videt
912 2117 940 2168 et
964 2113 1070 2183 cogitat
1095 2113 1130 2171 de
1151 2113 1259 2186 judicio
1278 2116 1329 2172 Der

745 2182 852 2252 futuro,
873 2188 902 2239 et
921 2183 989 2240 inde
1011 2185 1098 2241 habet
1115 2185 1266 2254 timorem;
1282 2185 1330 2243 ille

745 2254 832 2310 habet
846 2254 944 2311 oculos
967 2272 985 2312 a
1011 2255 1117 2313 dextris
1141 2258 1189 2328 qui
1210 2255 1288 2312 xidet
1301 2262 1330 2313 et

745 2325 852 2395 cogitat
876 2326 976 2383 mnndi
993 2342 1139 2455 prospera,
1163 2343 1247 2399 quam
1272 2326 1330 2385 sint

745 2398 852 2453 caduca
864 2403 893 2452 et
906 2413 978 2455 vana
995 2404 1023 2455 et
1037 2415 1055 2456 a
1089 2415 1123 2456 ea
1132 2416 1190 2456 non
1203 2398 1329 2456 allicitur

744 2484 796 2541 per
811 2484 950 2535 amorem,
970 2470 1020 2526 sed
1043 2470 1134 2526 resilit
1157 2486 1209 2542 per
1228 2486 1327 2542 asper·

744 2539 909 2607 nationem;
928 2540 975 2596 ille
1002 2541 1090 2598 habet
1113 2542 1209 2598 oculos
1233 2541 1329 2598 asini-

745 2610 822 2691 stris,
833 2609 879 2681 qui
893 2610 974 2692 'videt
988 2610 1086 2668 mundi
1100 2612 1232 2681 adversa,
1243 2627 1329 2684 quam

745 2686 803 2738 sint
821 2682 920 2738 brevia
937 2688 966 2738 et
988 2681 1065 2752 vitia,
1095 2690 1124 2739 et
1148 2683 1223 2751 ideo,
1243 2682 1329 2740 ineis

744 2769 804 2809 non
828 2752 968 2824 frangitur
1011 2769 1043 2810 er
1063 2753 1280 2828 impatientiam.
1294 2784 1330 2798 -

744 2825 881 2892 Quartum
907 2826 980 2882 bene
1003 2827 1078 2882 cium
1117 2833 1183 2897 est,
1213 2826 1329 2910 quando

745 2899 819 2954 Deus
829 2897 972 2970 peccatori
983 2897 1111 2955 anditum
1125 2897 1260 2956 restituit.
1277 2900 1327 2956 Est

744 2967 821 3027 enim
835 2975 968 3041 peccator
990 2970 1102 3040 surdus,
1120 2970 1261 3043 quianon
1281 2984 1330 3027 au·

744 3039 787 3097 dit
809 3042 899 3097 Deum
924 3042 1136 3114 admonentem,
1161 3058 1214 3099 nec
1238 3043 1329 3100 Deum

744 3111 980 3181 benefacientem,
994 3129 1048 3169 nee
1072 3116 1160 3170 Deum
1183 3113 1328 3185 inspiran-

744 3187 812 3249 tem,
827 3197 879 3238 nec
901 3184 989 3239 Deum
1010 3183 1246 3252 comminantem3
1262 3189 1330 3239 tunc

745 3261 841 3310 antem
854 3252 956 3310 surdus
969 3253 1096 3309 anditum
1112 3252 1169 3310 reci
1191 3253 1223 3323 it,
1241 3268 1330 3325 quan·

745 3323 782 3380 do
797 3325 888 3380 Deum
901 3322 932 3379 in
946 3323 1106 3394 hujusmodi
1123 3269 1212 3381 antiit.

780 3399 798 3464 4
812 3396 1330 3453 lxsmnxriomvmrosxanmsnonux.

746 3496 780 3507 -
799 3469 835 3522 Et
849 3466 996 3537 stupebant
1008 3482 1099 3522 omnes
1118 3466 1203 3522 rerba
1223 3462 1332 3521 scilicet

747 3535 892 3608 simplices
911 3534 1037 3592 divinam
1057 3538 1188 3593 virtutem
1206 3535 1236 3592 in
1251 3532 1331 3592 Chri·

747 3606 1330 3679 stoadmirantes3etdtcebuutzlfumqufd

748 3680 792 3737 bic
806 3684 846 3735 est
858 3681 935 3760 tiliae
952 3681 1070 3736 David?
1085 3679 1170 3748 Quasi
1181 3679 1329 3737 dicerent:

748 3751 804 3821 Sic,
820 3767 888 3823 quia
901 3749 947 3807 hic
962 3756 1005 3808 est
1024 3751 1153 3810 Christus
1167 3754 1250 3810 uobis
1264 3767 1330 3834 pro·

747 3822 851 3880 missus
870 3822 905 3879 de
924 3823 1032 3880 semine
1052 3825 1151 3882 David.
1175 3825 1331 3891 bloraliter,

748 3895 859 3967 ejicitur
874 3894 1058 3966 daemonium,
1084 3898 1113 3953 in
1139 3894 1331 3961 contritione;

748 3966 873 4038 loquitur
897 3966 945 4038 qni
972 3969 1051 4040 prius
1079 3971 1142 4024 erat
1168 3971 1275 4035 mutus,
1303 3962 1334 4044 in

748 4036 945 4108 confessione;
965 4038 1145 4095 admirantur
1170 4038 1273 4102 turbce,
1302 4049 1332 4088 in

749 4107 950 4175 satisfactione,
980 4109 1087 4166 scilicet
1106 4107 1219 4180 qnando
1238 4105 1335 4161 vident

749 4180 822 4237 bene
836 4180 949 4252 operari
976 4196 1026 4236 eos
1053 4179 1101 4249 qui
1129 4194 1187 4234 non
1205 4177 1336 4234 solebant

749 4249 804 4307 nisi
821 4251 1016 4308 malefacere.
1044 4251 1178 4305 exararet
1191 4253 1282 4304 eutem
1306 4251 1336 4304 et

750 4322 866 4395 Scribe
878 4321 986 4379 scilicet
996 4319 1113 4389 litterati
1122 4326 1152 4379 et
1160 4319 1284 4394 nidores
1293 4316 1335 4376 in·

1245 4421 1275 4470 ll
