2880 4942
110 336 155 394 '320
449 345 560 399 rnltln
587 344 705 400 rastis
733 343 834 397 ctrur
863 343 1016 398 txxxlx

111 466 220 519 eorum,
236 466 360 520 egressus
374 451 439 506 inde
453 451 542 515 lesus,
565 448 675 505 sriliret
689 466 707 507 a

111 523 238 594 partibus
253 524 428 590 Judaeorurn,
449 520 519 577 abiit
532 525 561 575 el
577 525 659 577 ccsstl
676 526 706 577 in

110 600 205 665 portes
222 598 289 664 Turi
301 600 326 650 et
342 594 467 659 Sidonia,
484 597 513 647 ut
533 593 635 673 Tyrios
655 593 705 650 Si-

112 665 267 737 doniosque
288 671 412 731 curaret,
427 670 456 719 et
483 662 644 720 Gentilibus
660 666 705 721 be·

115 753 151 793 ne
160 738 275 793 laceret.
284 738 373 807 'syrus
385 734 460 791 eninr
473 740 501 790 et
516 733 603 791 Sidon
619 736 706 793 urbes

114 810 229 863 luerunt
248 808 475 865 Chanauaeorum
491 811 518 862 et
538 806 703 877 Greutilium,

111 878 173 935 sitae
182 884 278 935 tamon
287 878 315 934 iu
328 883 405 934 terra
414 877 626 950 promissionis,
640 895 704 951 pro·

112 966 147 1022 pe
164 957 289 1006 montem
304 949 412 1019 libani,
429 952 457 1005 iu
485 951 570 1006 corde
592 949 702 1019 maris;

112 1021 180 1094 quia
194 1021 245 1078 Ulli
262 1021 350 1079 lsrael
365 1038 422 1078 uon
439 1027 594 1093 potueruut
612 1021 703 1078 totali-

113 1098 157 1150 ter
171 1094 312 1166 expellere
328 1100 355 1150 et
368 1092 556 1151 exterminare
576 1092 703 1150 Gentiles

112 1166 147 1223 de
163 1172 238 1222 terra
250 1165 498 1237 promissionis.Et
509 1181 576 1229 ecce,
586 1181 649 1221 rum
661 1164 703 1220 iu-

111 1254 227 1310 gressus
243 1243 319 1295 esset
334 1237 472 1294 Dominus
484 1237 637 1364 ‹pramdam
652 1237 701 1293 do·

111 1326 188 1366 mum
200 1325 286 1366 causa
300 1308 405 1380 quietis
417 1325 450 1365 ex
465 1309 492 1365 la
514 1324 562 1364 ore
577 1308 640 1378 vlae,
656 1325 701 1365 ac-

112 1381 239 1437 cessitad
250 1397 314 1438 eum
325 1383 424 1436 mulier
436 1380 555 1437 Gentilis
566 1396 622 1436 non
634 1382 700 1437 edo·

111 1458 156 1508 cta
163 1469 215 1534 per
228 1453 698 1523 ProphelasetLegem,Cbononaeo

110 1530 236 1590 natione,
258 1523 475 1593 syrophoenissa
490 1538 595 1593 genere
609 1540 616 1590 ;
631 1525 698 1595 quia

109 1593 262 1650 Chananmi
271 1593 442 1664 quaudoque
451 1593 598 1664 Syriamet
611 1595 694 1651 Phoe·

109 1664 200 1720 uicem
217 1667 363 1728 tenebant,
373 1675 405 1720 ut
415 1664 526 1719 dicatur
539 1665 696 1736 Syrophoe-

109 1735 198 1804 uissa,
209 1734 276 1807 quia
288 1752 305 1792 a
319 1737 397 1808 Syris
409 1740 437 1791 et
453 1734 635 1793 Phoenicibus
648 1738 696 1794 de·

109 1809 274 1876 scenderat3
292 1808 373 1880 Syria
397 1807 501 1880 quippe
530 1814 574 1864 est
590 1825 694 1866 nomeu

108 1880 243 1952 generale
263 1879 426 1953 provincie,
449 1879 564 1936 Phoenis
589 1897 694 1938 nomen

108 1953 257 2024 cujusdam
273 1952 404 2024 specialis
419 1956 585 2019 contractae,
601 1951 630 2007 in
646 1952 695 2010 illa

107 2025 254 2097 provincia
267 2024 443 2092 sitae,etideo
458 2023 638 2105 componitur
648 2026 696 2097 Sy·

107 2096 297 2178 rophoenissa,
318 2096 346 2152 id
366 2103 409 2152 est
425 2097 461 2152 do
481 2095 529 2151 talr
549 2102 696 2152 contracta

107 2169 241 2225 oriunda.
255 2171 319 2224 llaec
334 2184 402 2239 ergo
415 2166 517 2223 mulier
533 2166 695 2224 Chanauaea

107 2241 236 2309 affinibus
250 2243 308 2294 artu
321 2255 440 2307 egresso,
456 2255 512 2294 nou
523 2240 614 2294 solum
626 2254 644 2294 a
658 2239 694 2295 ci-

107 2310 241 2368 vitatibus
258 2326 308 2382 pro
323 2316 502 2382 peccatorum
515 2309 692 2380 dimissione,

106 2386 182 2438 seda
196 2382 302 2440 linibus
312 2398 363 2453 per
373 2381 593 2453 elongationem,
607 2389 635 2437 et
648 2398 693 2439 oc·

106 2454 253 2511 casiouum
268 2453 444 2521 vitationem,
453 2451 521 2524 quia
532 2452 608 2509 istud
618 2452 646 2509 iu
658 2454 690 2509 n-

105 2527 189 2583 nlbus
204 2533 317 2598 gestum
332 2533 375 2583 est
387 2524 550 2586 Gentilium.
565 2524 612 2580 ubi
628 2541 690 2581 mu-

106 2597 158 2654 lier
169 2599 342 2670 sequebatur
354 2600 462 2657 Jesum.
482 2596 582 2653 Mulier
595 2613 613 2653 a
626 2596 691 2654 nni·

104 2669 158 2726 bus
169 2669 236 2739 illis,
248 2670 356 2727 scilicet
364 2668 515 2726 Gentilium
524 2674 553 2724 el
563 2674 691 2740 peccato·

104 2756 177 2808 rum,
194 2757 320 2811 egressa,
333 2740 475 2867 siguificat
488 2743 613 2796 animam
626 2756 690 2813 pec-

104 2811 237 2867 catricem
266 2828 284 2867 a
309 2810 359 2867 ssoi
380 2826 415 2866 us
438 2817 617 2881 peccatorum
637 2827 690 2883 per

103 2881 298 2952 poenitentiam
310 2897 340 2937 se
348 2885 533 2937 avertentem.
541 2884 601 2936 Nou
612 2882 688 2939 euim

102 2951 207 3009 sul‘srcit
220 2951 327 3008 homini
342 2968 360 3007 a
372 2950 497 3023 peccatis
507 2967 537 3006 se
546 2958 687 3024 avertere,

102 3023 155 3080 nisi
166 3029 251 3080 etlam
259 3028 366 3079 ereata
379 3020 686 3095 finibuspeccatorum,

101 3096 148 3168 qui
170 3100 235 3152 sunt
249 3110 412 3152 occasiones
424 3093 559 3166 peccandi
576 3101 604 3151 et
616 3113 688 3153 cau-

100 3185 149 3225 sae.
167 3170 247 3226 Unde
263 3170 463 3238 Augustinus:
489 3188 499 3217 c
516 3166 599 3224 Fines
616 3185 687 3240 pec-

98 3248 226 3298 calorum
241 3239 317 3297 exire
327 3246 371 3297 est
388 3255 490 3296 causas
504 3251 685 3312 pcccatorum

99 3314 273 3379 exscindere,
289 3319 318 3370 et
336 3328 435 3369 eorum
456 3312 686 3385 suggestionibus

99 3386 207 3443 aditum
222 3402 278 3442 non
298 3385 457 3456 indulgere.
475 3404 489 3436 o
507 3383 558 3441 Ubi
580 3391 684 3442 notan·

99 3458 177 3523 dum,
191 3458 266 3529 quod
279 3457 394 3529 quando
407 3472 493 3528 supra
508 3454 577 3511 ursit
592 3456 685 3513 Domi·

99 3545 154 3585 nus
169 3548 176 3586 ι
191 3533 223 3585 ln
249 3534 324 3585 olom
348 3528 475 3585 denarum
493 3544 526 3584 ne
548 3529 684 3599 abieratis,

99 3600 206 3657 scilicet
228 3603 264 3656 ad
287 3600 511 3672 praedicandum,
527 3598 604 3656 istud
619 3616 685 3656 ver-

99 3673 165 3728 bum
186 3671 318 3744 prohibet
338 3672 543 3741 invitationem,
559 3687 618 3727 non
635 3688 683 3729 re·

98 3743 269 3816 ceptionem,
286 3743 309 3798 si
325 3743 474 3811 venireul3
495 3743 570 3800 unde
586 3744 684 3800 Domi-

98 3831 152 3871 nus
165 3814 314 3872 mulierem
329 3814 452 3871 euterius
467 3831 524 3870 non
540 3814 683 3886 invitarit,

97 3888 148 3944 sed
164 3886 325 3944 venientem
342 3885 460 3957 recepit,
474 3891 503 3942 et
521 3886 576 3942 hoc
592 3888 683 3958 signi-

97 3959 201 4017 ficatur
228 3958 258 4014 in
284 3959 425 4039 aduentu¹
441 3961 599 4029 Magorum,
616 3959 684 4041 quia

99 4032 219 4089 Uomino
233 4037 299 4088 sunt
321 4034 426 4102 recepti
449 4028 528 4101 quasi
552 4029 684 4101 primitiae

98 4104 241 4161 Gentium.

149 4197 163 4232 a
184 4179 265 4233 Fines
280 4193 312 4231 nr
326 4192 469 4231 consessio
494 4191 575 4230 narina
590 4193 685 4232 uuam·

98 4265 150 4304 ms.
176 4280 211 4290 -
227 4251 282 4305 lsta
305 4247 382 4304 onim
406 4245 508 4303 mulier
527 4247 631 4304 lamam
654 4253 683 4304 et

96 4319 234 4377 miracula
248 4322 315 4377 lesu
328 4319 473 4376 audiverat
489 4335 496 4386 ;
511 4316 575 4376 ideo
591 4318 681 4375 llrmi-

765 455 810 507 ter
819 451 956 508 credebat
968 449 1056 524 quod
1068 450 1169 508 tiliam
1179 467 1264 509 suam
1276 469 1351 510 mom

766 528 886 594 poterat.
894 524 976 579 Unde
989 526 1155 591 clamavit,
1163 525 1262 580 dicens
1273 528 1297 580 el
1303 529 1351 582 :Ml-

764 611 852 650 serere
863 594 1007 667 met,quia
1016 594 1142 652 misera
1158 612 1242 664 sum;
1252 596 1349 653 etinhrr

766 665 840 736 quod
852 665 931 730 dicit,
942 669 1010 733 ma,
1025 672 1119 739 patet
1135 668 1349 725 velrementiaal·

765 738 917 806 lectussui,
928 737 999 809 quia
1011 738 1136 795 maium
1150 739 1292 807 alienum,
1299 740 1350 795 sciti·

765 815 808 865 cet
823 808 900 877 filiae,
911 816 1032 881 reputat
1047 825 1164 880 suum,
1183 812 1311 868 sicdebel
1322 814 1348 867 b·

763 897 828 937 cere
839 881 975 952 praelatus
988 880 1125 954 quilibet
1138 898 1218 954 erga
1229 884 1348 950 subdlos,

762 955 1010 1025 Domine,propter
1021 960 1176 1011 naturam
1189 954 1350 1025 diurnamtb'

761 1025 862 1093 David,
876 1030 992 1096 propter
1004 1025 1197 1096 humanam,
1212 1026 1349 1084 sedsimul:

761 1098 884 1162 Domine,
910 1098 954 1166 fili
978 1098 1091 1165 David,
1120 1104 1251 1170 propter
1275 1115 1349 1170 perso

761 1183 827 1223 nam
843 1166 873 1223 in
889 1167 1001 1224 duabus
1012 1168 1139 1224 naturis
1161 1169 1285 1226 unitam.
1297 1171 1350 1237 Qus

760 1236 784 1294 si
800 1238 906 1295 diceret
921 1258 929 1295 :
944 1241 983 1295 Ex
998 1237 1105 1296 diviua
1130 1241 1233 1298 habes
1245 1248 1348 1314 pote-ta-

759 1315 827 1377 tem,
842 1309 909 1381 qula
922 1315 1026 1383 potens
1042 1326 1090 1379 es,
1107 1312 1256 1380 Domiue;
1270 1330 1299 1369 ex
1311 1314 1348 1370 bo

760 1396 845 1437 mana
861 1383 1052 1451 voluntatem,
1069 1382 1148 1455 quia
1169 1384 1264 1442 David
1282 1384 1348 1442 hebet

759 1453 1020 1521 mansuetudinem,
1040 1470 1077 1510 ex
1093 1454 1213 1513 unione
1229 1456 1347 1514 commis·

758 1524 879 1593 sionem,
889 1525 955 1597 quia
963 1523 1027 1580 ideo
1039 1527 1122 1582 Deus
1130 1525 1233 1585 iactus
1239 1536 1283 1586 est
1291 1528 1347 1584 ilios

757 1595 856 1666 David,
886 1600 915 1654 ul
934 1611 987 1652 nos
1000 1596 1108 1653 salvet.
1140 1597 1253 1657 Filium
1268 1605 1345 1657 auten

757 1667 845 1725 ttevid
868 1667 1004 1741 appellat,
1021 1671 1095 1739 quia
1123 1669 1280 1729 Christum
1295 1687 1344 1744 pro

757 1738 1244 1799 missumludaersdesceuderede
1292 1759 1344 1799 uere

756 1810 845 1867 David
859 1810 1018 1868 audiverat.
1033 1813 1150 1882 Magna
1167 1813 1246 1871 fides
1276 1815 1343 1871 baoa-

757 1898 825 1939 naeae
841 1882 887 1939 hic
903 1889 1026 1951 notatur,
1040 1883 1112 1954 quia
1132 1901 1241 1942 verum
1262 1889 1342 1951 Uenu,

756 1961 785 2010 et
798 1970 897 2011 verum
911 1953 1057 2011 hominem
1067 1957 1176 2012 lesum
1188 1958 1340 2015 confitetur:

755 2027 843 2082 Ueum
869 2024 970 2094 credit,
986 2025 1035 2082 ubi
1060 2026 1226 2084 Dominum
1254 2034 1340 2085 vocat:

755 2097 900 2154 homiuem
915 2095 1015 2164 credit,
1029 2097 1082 2154 ubi
1094 2098 1197 2156 lilium
1212 2100 1299 2157 Uarid
1309 2099 1340 2155 di·

755 2168 802 2224 cit.
819 2169 892 2225 Nihil
912 2185 946 2226 ex
959 2169 1061 2224 merito
1076 2170 1224 2240 postulat,
1239 2172 1289 2228 sed
1305 2188 1340 2227 so

754 2240 813 2297 lum
828 2239 877 2297 Uei
895 2239 1123 2297 miscricordiam
1139 2243 1286 2314 ol'llagllat
1305 2242 1338 2300 di·

754 2328 821 2368 cens
837 2331 842 2367 :
857 2312 991 2368 Miserere
1006 2311 1074 2379 mci,
1090 2319 1149 2368 etc.
1169 2315 1259 2381 Quasi
1274 2314 1339 2371 dire·

753 2393 817 2440 ret:
833 2386 894 2440 Non
911 2383 1002 2454 allego
1023 2383 1175 2454 meritum,
1197 2403 1256 2444 uon
1281 2392 1337 2459 peto

749 2454 899 2527 judicium,
917 2471 972 2510 non
996 2454 1156 2512 obliviscor
1179 2457 1337 2515 delectum:
1376 2456 1378 2489 ²

753 2526 801 2583 sed
817 2527 928 2599 postulo
944 2526 1130 2597 beneficium,
1147 2534 1179 2584 et
1194 2528 1259 2587 ideo
1276 2547 1283 2587 :
1298 2528 1339 2585 Ml
1376 2558 1378 2563 ·

752 2614 847 2655 serere
866 2598 931 2655 mei.
955 2597 1031 2655 Unde
1049 2598 1091 2654 ait
1110 2602 1336 2670 chrysostomus:

753 2668 915 2727 «Miserere
935 2669 1001 2735 mei,
1017 2671 1154 2740 Uomiue,
1179 2672 1221 2728 nti
1247 2671 1334 2730 David.

751 2742 772 2799 0
788 2741 924 2814 praeclara
938 2740 1095 2797 confessio!
1112 2743 1298 2814 Evangelista
1309 2743 1335 2798 lit

750 2813 863 2883 mulier,
879 2811 1013 2870 deitatem
1026 2814 1089 2884 ejus
1104 2818 1134 2869 at
1150 2814 1333 2888 dispensatio·

750 2901 817 2942 nem
833 2883 1008 2941 annuntians
1022 2901 1030 2952 ;
1048 2887 1209 2942 conlitetur
1222 2886 1331 2943 enimet

749 2955 1329 3030 dominationem,etlnmruationemejus:

749 3028 882 3084 Mi=erere
912 3026 977 3083 mei.
1008 3026 1094 3083 Vides
1124 3029 1329 3113 philosophiam

749 3098 875 3156 mulieris
886 3097 1005 3156 dicentis
1021 3116 1027 3153 :
1043 3098 1183 3157 Miserere
1197 3117 1264 3158 mer.
1278 3102 1329 3157 Non

748 3170 850 3242 inquit,
868 3172 957 3227 babeo
975 3170 1183 3228 conscientiam
1199 3174 1327 3229 bonorum

749 3258 877 3314 operum,
892 3258 944 3298 nec
959 3249 1043 3298 rectae
1055 3241 1121 3297 vitae
1131 3244 1278 3301 tiduciam.
1291 3240 1326 3299 td

749 3314 971 3370 misericordiam
997 3313 1143 3384 coniugio,
1169 3314 1219 3373 ubi
1246 3317 1325 3371 cessat

744 3385 905 3457 judicium;
925 3386 961 3442 ad
986 3384 1217 3443 misericordiam
1241 3386 1326 3444 conlu-

747 3457 805 3528 gio,
818 3457 866 3513 ribi
884 3456 1037 3514 ineffabilis
1050 3458 1183 3514 salusest
1196 3475 1204 3514 ι
1222 3457 1325 3514 Misere·

746 3545 777 3585 re
792 3528 858 3586 moi.
875 3527 1003 3585 Modicus
1017 3543 1124 3596 sermo,
1141 3529 1195 3586 sed
1210 3528 1325 3585 immau-

747 3616 809 3657 sum
833 3598 1018 3672 benignitatis
1043 3599 1172 3656 continet
1191 3601 1325 3679 pelagus}

746 3671 795 3729 ubi
813 3672 889 3728 enim
903 3669 1096 3729 misericordia
1110 3670 1326 3742 postulatur,ib1

745 3743 878 3800 universa
892 3746 1100 3816 comprehensa
1122 3749 1191 3799 suut
1206 3745 1281 3801 bona
1293 3758 1324 3797 t·

746 3816 807 3872 haec
821 3817 1036 3886 chrysostomos.
1051 3817 1094 3881 Et,
1109 3819 1141 3871 ut
1157 3814 1253 3887 magis
1267 3827 1325 3893 eum

745 3888 782 3944 ad
797 3886 1023 3959 compassionem
1042 3890 1167 3954 moreat,
1192 3893 1283 3943 totum
1304 3900 1325 3940 cr

745 3958 874 4016 dolorem
889 3965 1016 4027 enarrat,
1033 3956 1133 4014 dicens
1147 3975 1154 4013 :
1170 3960 1252 4015 Filio
1261 3972 1325 4022 mco,

744 4047 802 4088 non
818 4029 933 4100 ancilla,
949 4046 1005 4087 non
1024 4035 1169 4093 extranea,
1189 4029 1241 4086 sed
1263 4028 1326 4095 lilia,

745 4104 821 4174 quod
837 4107 879 4159 ost
891 4102 959 4159 mibi
975 4100 1100 4175 gravius,
1113 4103 1188 4156 mole
1200 4109 1326 4163 asamar.

744 4190 801 4231 uon
815 4189 993 4246 quocumque
1007 4173 1117 4241 dolore,
1132 4173 1184 4229 sed
1199 4191 1218 4229 a

743 4250 801 4315 nio,
817 4246 892 4319 quod
906 4252 950 4302 est
964 4245 990 4301 ei
1026 4244 1206 4302 ericulosius.
1223 4248 1254 4302 ln
1273 4259 1325 4317 quo
1374 4280 1377 4285 -

744 4318 860 4374 vulnera
874 4317 984 4375 medico
999 4261 1116 4391 Xetegit,
1136 4321 1166 4374 et
1182 4317 1324 4390 maguitu-
