2880 4942
297 341 339 397 bb
366 337 494 393 Duobus
521 336 737 394 bmllonllcls
762 341 781 393 d
810 340 952 394 bibione
979 341 1150 396 obsessis.
1306 349 1335 409 19

110 453 257 513 bominum
274 452 368 525 perire
385 448 514 522 permisit
537 449 611 507 Deus
635 448 691 505 duo
747 450 887 506 testabilis
920 453 958 509 sit
988 454 1087 519 libido,
1123 460 1332 535 gastrimargia,

112 525 198 586 millis
212 540 384 597 porcorum
403 522 522 581 multum
536 536 605 592 ergo
624 535 690 590 pcc·
747 523 859 603 sicutet
873 525 1028 596 superbia3
1053 543 1111 584 non
1131 531 1208 587 onim
1233 534 1335 605 legitur

112 603 186 667 eunt,
198 600 246 670 qui
266 597 411 654 bominem
426 595 555 666 perdere,
570 592 613 649 rel
634 606 693 648 mu·
750 593 893 676 diabolum
920 596 949 652 in
962 598 1076 670 aliquod
1091 601 1224 658 animalis
1248 623 1333 679 orga-

110 668 189 727 b'lsre
216 686 273 726 non
295 667 461 726 formidant.
490 693 526 711 -·
550 661 693 747 §ertmad
751 680 818 722 num
864 673 980 747 intrasse
1021 679 1211 743 praeterquam
1246 681 1335 751 porci,

108 742 309 799 contumeliam
324 741 580 810 doemnnum3qu1a
594 750 695 806 porcus
750 743 899 807 serpentis,
921 745 949 795 et
979 741 1114 800 bominis.
1140 745 1192 801 Ubi
1217 749 1338 819 Chryso·

111 813 217 871 animal
246 819 290 871 est
317 812 504 869 immundum.
543 809 693 879 Elegerunt
750 813 854 865 stomus
887 827 896 865 ε
923 829 938 864 n
969 812 1038 870 Cum
1072 817 1178 885 porcini
1207 819 1338 882 homines

112 885 190 943 euim
213 885 322 941 intrare
348 884 377 939 in
406 897 516 949 porros,
545 880 613 951 qula
640 878 695 934 boc
754 886 831 948 sunt,
858 880 940 938 facile
957 885 1018 954 capi
1035 894 1151 955 possunt
1171 890 1208 946 ab
1223 895 1339 952 actioni·

112 957 205 1027 magis
221 956 275 1013 sibi
292 953 418 1026 permitti
432 953 579 1025 putebant,
599 955 628 1008 et
642 950 697 1005 boc
754 952 815 1009 bus.
835 954 946 1009 Porcini
966 964 1033 1011 sunt
1045 957 1174 1016 bomincs
1188 964 1270 1019 eride
1290 982 1337 1022 co-

110 1029 203 1099 mngis
222 1027 417 1093 conpruebat3
445 1025 521 1096 porci
537 1024 612 1079 enim
630 1036 696 1092 pro·
756 1024 902 1080 medentes
930 1041 981 1092 per
1011 1030 1116 1096 pulum,
1143 1033 1261 1104 pingues
1289 1053 1342 1108 per

112 1103 178 1170 pter
192 1097 410 1162 immunditiam,
429 1103 458 1153 et
473 1100 617 1167 serpentes
631 1107 698 1162 pro·
756 1093 907 1164 luxurium,
926 1095 955 1152 in
978 1098 1037 1154 luto
1061 1101 1187 1170 jacentes
1212 1122 1264 1175 por
1282 1110 1339 1164 nci-

135 1175 181 1225 ter
195 1169 338 1235 astutiam,
353 1169 442 1242 magis
468 1168 510 1224 eis
524 1167 697 1236 competunt.
757 1166 845 1247 diam,
876 1168 907 1223 in
933 1175 1010 1225 terra
1038 1170 1177 1228 lodicntes
1204 1192 1255 1246 per
1279 1176 1341 1237 sis-

114 1185 198 1299 ssnde
216 1242 375 1323 Remipiuss
405 1260 420 1295 o
438 1239 505 1295 ldeo
528 1244 627 1320 ‘nutem
642 1251 700 1317 nun
757 1238 863 1299 ritinm.
883 1246 1045 1306 spumantes
1061 1258 1111 1309 per
1126 1244 1339 1305 iracundiam.»

102 1310 636 1462 ‘liitflbdibbdiffiido
655 1323 701 1435 ⁰1¹1?
761 1315 810 1438 002
824 1310 1141 1465 &diffinibilis
1156 1317 1345 1461 bibini-22³1

116 1470 231 1513 manem
253 1456 375 1526 speciem
409 1463 518 1523 gestare
551 1452 700 1517 ridebant;
760 1460 789 1510 et
822 1453 1019 1525 relerendnru,
1067 1456 1094 1512 ni
1124 1466 1279 1529 pascuntur
1309 1464 1344 1521 de

120 1543 173 1583 nec
184 1527 328 1599 petierunt
340 1532 371 1583 ut
385 1527 414 1581 in
433 1541 535 1597 pecora
554 1523 703 1604 mitteren-
760 1523 878 1583 laecibus
894 1534 923 1580 et
935 1472 1121 1585 immunlitiis
1135 1532 1255 1589 aliorum
1272 1540 1344 1591 tam·

119 1604 178 1667 tur,
191 1599 258 1665 uuis
283 1599 360 1654 velut
380 1598 486 1655 munda
510 1594 655 1657 animalia.
673 1610 702 1649 nn
760 1613 845 1670 qnam
866 1599 955 1668 porci,
980 1600 1135 1656 relerentes
1157 1619 1221 1673 quse
1247 1607 1346 1663 vident

120 1668 227 1739 templo
241 1670 291 1726 Dei
318 1669 535 1736 ollcrclmntur3
562 1668 705 1748 petierunt
760 1670 803 1726 vol
829 1669 958 1750 audiunt,
980 1672 1086 1727 rodunt
1111 1672 1197 1729 vitam
1220 1691 1320 1735 eurum
1333 1696 1343 1750 3

118 1745 258 1798 autemut
276 1741 617 1810 inporcosmittorontun
638 1753 704 1808 quia
761 1757 832 1813 quos
845 1745 931 1796 etiam
949 1742 1094 1800 daemones
1116 1745 1224 1802 intrant
1247 1755 1274 1804 et
1294 1749 1346 1807 de·

123 1811 231 1869 nullum
244 1810 351 1869 animal
368 1811 540 1868 immundius
553 1816 595 1866 est
607 1825 704 1880 porco,
762 1820 895 1883 mergunt
907 1811 936 1867 ln
950 1811 1103 1870 infernum.
1124 1817 1275 1883 Erubesce.
1294 1819 1346 1877 mi·

121 1889 151 1939 et
165 1883 307 1941 doemones
321 1899 432 1952 semper
448 1884 476 1939 in
498 1881 639 1953 spurcitiis
654 1881 705 1936 de·
762 1900 820 1951 ser,
834 1884 868 1938 de
883 1884 937 1937 boc
964 1885 1123 1941 detestabili
1148 1887 1252 1958 ollicio,
1270 1890 1346 1951 necis

123 1954 294 2013 leniuntur.»
314 1984 344 1997 -
367 1954 503 2023 Septima,
518 1959 633 2023 propter
645 1967 708 2024 my·
763 1955 956 2019 turbament0‚
972 1960 1001 2010 et
1014 1956 1163 2011 discordiae
1182 1961 1346 2030 seminario,

122 2027 250 2090 sterium,
268 2042 333 2083 nem
351 2024 430 2097 porci
447 2024 497 2095 qui
522 2039 578 2081 non
600 2023 709 2079 habeut
765 2035 794 2082 et
806 2026 923 2092 insuper
941 2024 1010 2080 time
1025 2027 1060 2081 de
1079 2027 1182 2082 enimse
1199 2031 1345 2101 pericul0;

122 2096 160 2154 ad
185 2098 284 2156 coelum
309 2098 421 2165 lucium,
437 2096 486 2152 sed
510 2100 661 2162 merram,
680 2099 710 2148 et
765 2098 832 2169 quis
847 2095 975 2151 diabolus
993 2096 1021 2151 in
1037 2102 1063 2153 te
1083 2104 1248 2167 potestatem
1271 2119 1349 2162 acce·

123 2169 154 2226 in
180 2170 237 2226 luto
262 2171 359 2242 jecere
381 2169 569 2234 delectentur,
603 2163 709 2237 signifi·
765 2166 944 2242 pit,qunndo
966 2169 1044 2225 tend
1064 2169 1260 2230 bocolsrrium
1287 2191 1350 2247 per·

127 2241 330 2310 mutillosnui
358 2241 446 2297 Deum
462 2255 520 2309 prm
547 2237 635 2293 oculis
652 2252 709 2292 non
766 2241 855 2309 duxit,
876 2244 904 2294 ct
929 2241 977 2311 qui
1001 2258 1076 2298 nunc
1095 2248 1122 2298 te
1145 2244 1293 2303 suffocavit
1317 2248 1347 2303 in

124 2311 241 2381 habent,
255 2313 304 2370 sed
317 2311 392 2367 titiis
408 2311 612 2379 sordidantur3
638 2314 666 2364 ct
680 2309 709 2364 bi
767 2315 820 2370 buc
841 2312 918 2382 titio,
936 2319 1035 2382 postea
1048 2321 1075 2370 te
1088 2315 1239 2373 sullocabit
1259 2320 1286 2375 in
1303 2319 1347 2375 in·

125 2381 156 2440 iu
183 2388 348 2454 potestatem
378 2383 539 2440 daemonum
558 2381 710 2436 traduntur
765 2386 857 2441 terno.
873 2385 983 2441 Timcat
1000 2388 1085 2442 etiarn
1101 2396 1129 2442 et
1149 2396 1248 2445 caveat
1265 2389 1351 2447 audi-

127 2461 157 2515 et
171 2454 201 2513 in
217 2455 357 2512 iulernum
372 2470 435 2511 cum
455 2455 496 2510 eis
520 2452 644 2509 finaliter
657 2454 709 2509 de·
765 2464 810 2513 tor
827 2473 860 2511 ne
876 2456 980 2511 tulibus
992 2459 1195 2516 consentiendo
1215 2466 1245 2515 et
1267 2477 1352 2519 aures

126 2533 329 2600 merguntur:
362 2532 392 2583 et
419 2541 495 2582 nunc
520 2524 649 2581 suffocati
680 2525 710 2578 in
767 2528 921 2599 praebendo
934 2528 976 2581 cis
996 2528 1097 2584 similis
1112 2529 1267 2601 iist3quia
1279 2535 1353 2589 sicut

126 2600 209 2670 equis
235 2604 264 2655 et
281 2597 473 2667 voluptatibus
497 2595 710 2668 hujusmundi,
767 2598 991 2670 superlingunm
1008 2599 1185 2666 detractoris,
1206 2604 1247 2657 sic
1268 2619 1353 2673 super

131 2674 201 2730 lunc
213 2669 427 2726 sullocsbuntur
445 2669 474 2724 iu
490 2667 597 2740 abyssis
610 2673 638 2722 et
663 2682 713 2737 pu·
766 2685 850 2726 sures
867 2669 1005 2724 auditoris
1022 2670 1152 2726 diabulus
1174 2673 1264 2741 sedet,
1286 2676 1353 2731 etsi

130 2743 186 2799 teis
199 2740 314 2799 interni.
326 2742 405 2797 Unde
423 2741 519 2798 Giesso
534 2758 544 2796 z
561 2738 635 2795 «Nisi
649 2739 713 2810 quis
768 2758 825 2797 non
841 2747 916 2796 esset
946 2741 1068 2809 auditor,
1087 2757 1144 2798 non
1163 2751 1236 2800 esset
1258 2747 1355 2803 detra·

127 2829 208 2871 more
222 2812 301 2885 porci
317 2813 426 2877 vixerit,
440 2810 568 2868 diabolus
587 2816 712 2882 potestu-
769 2820 841 2869 ctor.
865 2811 944 2868 Unde
958 2813 1055 2870 Glossa
1073 2831 1160 2884 super
1173 2816 1263 2874 illud:
1282 2820 1353 2876 Ven-

126 2889 186 2945 tem
201 2885 230 2941 in
248 2900 283 2941 eo
301 2898 359 2940 uon
372 2883 498 2945 babebit,
514 2884 569 2939 nisi
588 2882 661 2939 forte
676 2880 712 2937 ad
769 2889 813 2940 tus
827 2885 933 2955 Aquilo
946 2886 1068 2958 dissipat
1084 2889 1208 2959 pluvius,
1222 2894 1248 2945 et
1266 2891 1355 2958 socies

147 2956 318 3021 robendum,
345 2971 403 3011 non
427 2955 463 3011 sd
487 2955 674 3025 perdendum.
695 2972 711 3005 s
769 2959 859 3012 tristis
873 2958 997 3027 linquam
1008 2960 1206 3030 detrahentem,
1221 2961 1261 3017 sic
1274 2962 1353 3017 dicit:

125 2972 207 3087 lude
225 3031 254 3085 ct
266 3027 441 3095 submissus
453 3045 462 3083 ε
473 3045 488 3079 u
499 3026 575 3084 Certi
586 3042 612 3082 m
633 3026 713 3083 sterii
772 3050 783 3081 ι
797 3029 824 3084 Si
836 3029 919 3084 bilnri
929 3031 1008 3086 vultu
1019 3032 1208 3089 detractorem
1219 3032 1354 3101 audieris,

180 3100 228 3170 tis,
245 3105 275 3156 et
294 3107 372 3180 certa
384 3099 593 3168 dispensatione
607 3043 714 3154 limisit
736 3132 740 3185 Ι
770 3107 801 3156 lu
827 3100 869 3156 illi
889 3101 939 3156 dus
962 3100 1089 3158 fomitem
1112 3105 1279 3161 detrahendi
1297 3119 1305 3175 3
1331 3102 1354 3159 si

126 3115 273 3230 πωπω
298 3186 328 3225 nn
353 3186 466 3252 porcos,
494 3175 526 3227 ut
550 3171 715 3226 ostenderet
769 3187 837 3227 nero
850 3170 936 3239 tristi,
951 3173 1034 3229 discit
1051 3190 1107 3229 non
1125 3175 1247 3232 libenter
1261 3175 1356 3232 dicere

129 3241 276 3299 diabolum
289 3239 318 3299 in
335 3257 375 3298 ers
397 3241 538 3299 dominari
559 3241 608 3312 qui
626 3243 714 3299 ritum
770 3243 846 3314 qnod
861 3244 993 3299 didicerit
1010 3262 1068 3302 non
1086 3245 1210 3301 libenter
1222 3245 1355 3303 audiri.»

128 3317 447 3386 merwungorum.»
473 3313 537 3383 Ubi,
559 3313 714 3371 secundum
770 3313 869 3382 buier,
894 3315 1023 3378 Domine,
1044 3317 1231 3386 opprobrium
1258 3319 1357 3373 talium

130 3385 317 3453 Ambrosium,
332 3384 512 3443 clementiam
536 3383 648 3442 Domini
670 3385 741 3440 de··
769 3385 919 3440 bominum
951 3387 1149 3455 pestiferorum
1178 3403 1195 3441 a
1221 3386 1357 3458 religione

132 3456 232 3513 bemus
243 3459 393 3514 advertere
407 3478 415 3526 ;
429 3456 506 3527 quod
516 3455 624 3513 nullum
641 3455 718 3526 prius
739 3436 744 3543 l
771 3469 920 3509 servorum
935 3460 1061 3511 tuorum.

134 3528 195 3599 ipse
225 3528 414 3599 condemnat,
445 3526 496 3584 sed
525 3526 718 3597 unusquisque
810 3525 915 3589 50urn
951 3542 1002 3583 rm
1034 3543 1213 3585 osuoumcms
1249 3547 1360 3588 ursmcs

133 3599 193 3670 ipse
216 3599 271 3657 sibi
295 3607 396 3658 suetor
409 3604 452 3657 est
471 3613 572 3682 pensut
589 3599 720 3680 Timesut
775 3599 985 3681 enumeremus?
999 3628 1033 3640 -
1046 3600 1172 3680 Mystico.
1190 3618 1240 3730 fer
1252 3605 1360 3662 daemo·

131 3685 201 3742 ergo
215 3669 370 3736 libidinosi,
390 3678 582 3744 gastrimargi,
599 3686 648 3742 qun
663 3685 719 3727 im·
775 3685 891 3727 niseum
906 3670 1083 3739 significatur
1105 3673 1188 3730 drabo
1201 3691 1244 3745 us,
1263 3677 1313 3749 qui
1329 3676 1360 3732 in

131 3741 232 3800 mundi
246 3744 277 3799 in
292 3743 424 3800 sordibus
446 3742 564 3802 luxurius
589 3746 618 3798 et
638 3742 719 3799 volu·
776 3744 970 3801 monumentis
993 3749 1021 3800 et
1042 3746 1197 3817 montibus,
1221 3747 1249 3805 id
1270 3755 1313 3806 est
1331 3747 1361 3805 in

152 3818 242 3869 tatum
255 3815 364 3883 vivunt,
380 3830 416 3870 ne
435 3815 465 3872 in
499 3819 647 3871 oteslstem
658 3814 721 3871 dis·
775 3814 859 3871 loedis
876 3819 906 3870 et
920 3816 1050 3888 superbis
1065 3818 1175 3875 habitat
1187 3820 1361 3878 bominibus.

132 3828 198 3942 lon
211 3885 297 3942 etiam
312 3884 447 3956 virentes,
494 3887 591 3943 omino
604 3887 723 3958 jubente
746 3898 749 3917 ²
777 3888 886 3944 Nomen
904 3888 965 3958 ejus
977 3890 1059 3959 nepio
1074 3890 1188 3962 dicitur,
1203 3893 1272 3962 quia
1286 3888 1361 3948 mul-

136 3953 183 4012 rsl
195 3957 390 4026 permittente,
403 3957 568 4027 tridentum
584 3963 613 4015 et
628 3963 724 4028 postes
746 3944 750 3980 ¹
779 3957 816 4013 tis
834 3958 863 4014 in
878 3960 983 4016 mulum
998 3961 1171 4028 associatum
1188 3963 1251 4032 eius
1266 3967 1363 4018 autem

139 4040 206 4085 cum
232 4042 266 4084 eo
291 4028 321 4085 iu
346 4027 488 4086 infernum
508 4029 723 4097 demergantur.
780 4029 882 4100 eiectio
895 4045 946 4099 per
960 4031 1102 4088 Christum
1119 4029 1289 4104 significarit
1304 4029 1365 4087 dm·

140 4096 253 4156 Dicitur
274 4101 360 4157 etism
373 4101 449 4172 qnod
475 4100 618 4158 demones
642 4099 725 4158 uobi-
781 4115 898 4156 monum
924 4102 1134 4160 multitudinem
1159 4099 1365 4159 devincendum

141 4167 229 4227 liores
259 4177 375 4241 peecata
417 4172 595 4229 detestantur
636 4171 725 4237 rilis.
780 4186 833 4242 per
850 4173 961 4243 ipsum.
984 4175 1066 4242 Lepid
1083 4171 1254 4250 iquoquelub
1272 4172 1365 4231 bomi-

140 4245 249 4311 qusnto
277 4243 368 4315 magis
385 4240 472 4301 bomo
491 4242 575 4301 debet
592 4241 727 4300 detentori
780 4243 866 4299 nibus
884 4245 965 4314 pulsa
981 4258 1083 4314 porcos
1103 4240 1273 4321 ingreditur,
1297 4243 1367 4317 quia

140 4311 204 4369 esi
227 4312 310 4371 Petet
330 4320 427 4374 nutem
446 4331 480 4375 ex
503 4313 560 4373 boe
577 4328 664 4386 quom
680 4312 741 4397 ¹¹²⁰,
781 4313 925 4371 demones
939 4314 976 4370 sb
989 4312 1045 4369 illis
1064 4312 1114 4385 qui
1128 4312 1165 4368 nd
1181 4317 1268 4371 utum
1285 4321 1367 4372 snser-
