2880 4942
122 305 153 360 88
498 303 608 359 rttttth
634 303 754 357 ttatts
781 303 883 357 CAPUT
908 301 980 358 ltltl

123 415 180 480 rat,
205 424 259 466 nec
284 412 380 466 tamen
409 407 534 466 converti
567 407 710 466 volebant.

127 485 203 538 Tunc
221 479 309 549 enim,
325 479 433 537 scilicet
450 484 601 552 postquam
620 479 711 536 incre·

125 553 333 628 pavittudaeos
352 550 383 608 in
404 551 559 621 communi,
590 556 618 607 et
642 551 714 633 uidit

126 640 177 683 eos
197 624 367 692 obstinatos,
387 627 467 695 cepit
486 623 516 680 in
534 623 649 696 speciali
665 640 713 679 es-

162 697 269 759 obrure,
294 695 323 751 id
350 700 393 751 est
419 695 455 752 ad
478 696 593 752 modum
614 711 713 768 expro-

125 713 238 824 ffiautis
255 766 330 822 mala
341 767 439 823 sutura
448 768 605 840 predicere
619 770 716 823 civito·

127 840 212 903 tibus,
228 841 258 894 iu
274 839 375 909 quibus
393 841 476 907 tactae
498 844 562 894 sunt
588 840 716 910 plurime

126 914 243 966 uirtutes
256 911 326 980 ejus.
342 915 373 966 ut
390 910 491 966 saltem
513 926 631 982 operum
652 925 715 967 ma·

127 980 270 1055 gnitudini
297 987 326 1038 et
353 981 527 1038 multitudini
557 983 716 1050 crederent,

147 1057 196 1109 uta
206 1070 259 1110 nou
279 1056 398 1122 epissent
412 1056 613 1125 penitentium.
630 1053 716 1121 Quasi

127 1070 230 1182 girat:
257 1125 291 1180 Et
317 1124 475 1181 docuinam
498 1124 661 1192 andierunt,
689 1133 718 1181 ct

127 1196 266 1253 miracula
281 1195 427 1263 viderunt,
444 1201 582 1253 ettamen
598 1198 716 1253 credere

127 1268 290 1331 noluerunt,
307 1268 359 1324 sed
375 1269 488 1396 pessores
517 1268 649 1338 gentibus
675 1285 718 1324 re·

127 1345 305 1396 manserunt.
316 1341 407 1410 Expro
429 1345 474 1396 rat
485 1339 527 1395 eis
535 1340 672 1397 Dominus
680 1339 717 1396 ad

126 1411 333 1467 correctionem
352 1414 390 1466 ct·
399 1410 589 1468 comminatur
607 1410 648 1468 eis
666 1428 716 1476 uae,

128 1480 217 1538 idest
243 1493 379 1537 aeternam
404 1483 631 1551 damnationem,
647 1499 718 1554 prae·

127 1553 249 1609 dicendo
264 1560 396 1621 ventura,
410 1570 468 1609 non
484 1554 608 1626 optando
625 1554 716 1623 mala3

128 1624 202 1680 sicut
234 1629 262 1679 et
290 1640 354 1679 cum
388 1623 516 1682 dicitur:
551 1625 717 1681 Maledicam

128 1694 198 1763 illis,
215 1693 263 1766 qui
279 1694 450 1751 maledicent
469 1696 532 1765 tibi,
552 1697 581 1753 id
610 1696 718 1768 estqui

130 1767 204 1823 male
225 1765 340 1835 lucicut,
371 1766 498 1839 indigam
524 1768 566 1825 eis
592 1785 715 1840 poenam.

129 1838 292 1895 Maledictis
319 1837 394 1894 enim
419 1838 448 1895 in
473 1839 618 1912 Scriptura
637 1856 718 1897 sacra

128 1925 287 1979 numquam
305 1915 347 1966 est
368 1910 563 1983 imprecative,
584 1913 632 1968 sed
652 1928 717 1984 pro·

126 1981 250 2054 pbetica.
268 1981 320 2038 Ubi
334 1981 371 2038 ait
389 1986 618 2051 chrysostomus:
636 2008 650 2036 «
667 1987 718 2040 De·

126 2053 219 2126 plorat
245 2060 340 2110 autem
362 2053 508 2124 Dominus,
531 2055 567 2113 ad
588 2061 716 2112 nostrum

127 2127 286 2196 exemplum
313 2143 320 2181 :
348 2142 381 2182 eo
408 2128 485 2197 quod
503 2126 605 2183 ellusio
624 2127 715 2199 lacry-

126 2210 236 2252 marum
272 2201 301 2252 et
334 2197 455 2267 gemitus
485 2214 600 2254 amarus
632 2215 717 2269 snper

129 2267 271 2338 patientes
310 2265 557 2325 insensibilitatem
598 2269 715 2338 doloris

127 2352 186 2393 non
209 2336 352 2393 modicum
375 2338 536 2395 antidotum
553 2345 608 2408 est,
626 2348 655 2397 et
679 2341 716 2397 ad

127 2408 333 2464 correctionem
345 2408 525 2480 patientium,
539 2417 567 2466 et
579 2412 616 2467 ad
628 2427 717 2468 reme·

130 2477 208 2535 diunt
232 2479 478 2551 ingemiscentium
508 2499 593 2555 super
608 2499 658 2539 eos
676 2501 682 2537 z
701 2503 714 2536 u

129 2550 191 2607 haec
213 2553 430 2622 chrysostomus.
457 2553 531 2610 Dicit
548 2571 636 2637 ergo:
658 2558 715 2618 Vae,

128 2622 237 2680 scilicet
256 2624 449 2682 damnationis
459 2631 573 2682 aetornae
587 2626 717 2683 imminet

127 2696 189 2763 titt,
215 2698 365 2759 corozaim,
391 2713 479 2768 prope
505 2714 589 2769 qnam
617 2697 715 2754 cirita-

126 2769 184 2821 tem
209 2767 343 2824 Jordanis
364 2767 525 2838 ingreditur
540 2785 618 2825 mare
638 2769 714 2826 Gali-

129 2836 201 2904 laeae,
226 2843 255 2893 et
277 2838 305 2893 in
326 2855 382 2909 qua
403 2838 548 2895 nutrietur
571 2840 714 2896 Antichri-

127 2913 200 2976 stus;
217 2925 256 2964 vae
271 2909 332 2965 tibi.
350 2911 508 2974 ltetlrsaido,
527 2911 562 2966 de
577 2927 634 2982 qua
647 2911 716 2967 civi·

126 2984 184 3035 tate
200 2982 315 3036 suerunt
328 2982 427 3036 Petrus
441 2988 470 3037 et
482 2982 622 3049 Andreas,
635 2985 713 3039 laco·

125 3051 179 3108 bus
191 3057 220 3107 et
236 3054 372 3120 loannes,
391 3056 420 3108 ot
433 3052 519 3108 distat
535 3069 552 3109 a
568 3053 715 3111 corozaim

126 3129 228 3193 quarto
247 3122 360 3179 circiter
374 3123 507 3180 milliario
527 3142 534 3181 ε
554 3128 622 3196 quia
640 3131 667 3181 st
685 3129 715 3181 tn

130 3198 201 3265 Tyro
224 3201 250 3251 et
275 3197 385 3258 Sidone,
408 3211 473 3267 quae
499 3196 612 3253 luerunt
629 3199 714 3254 urbes

128 3266 291 3333 Gentilium,
312 3265 480 3324 idololatriae
500 3277 528 3324 et
542 3267 617 3324 vitiis
634 3268 714 3325 dedi-

128 3342 176 3409 tae,
197 3356 260 3410 uuae
286 3342 398 3396 tautum
426 3339 518 3411 legent
552 3343 712 3397 naturalem
740 3335 742 3363 ¹

129 3410 285 3471 habebant.
315 3415 399 3479 sucta
423 3417 512 3468 essent
540 3415 667 3481 virtutes,
683 3411 713 3469 id

125 3489 168 3540 est
187 3484 283 3540 divina
299 3482 429 3556 prodigia
448 3483 713 3556 statuarumque

123 3556 207 3622 {actae
231 3560 296 3610 suut
320 3559 350 3611 in
370 3556 447 3612 cobis
474 3555 656 3627 trequentcr3
683 3560 713 3612 et

123 3626 310 3696 praedicatum
336 3625 378 3682 eis
400 3625 498 3684 luisset
523 3627 595 3684 sicut
618 3628 709 3696 vobis,

124 3696 190 3751 olim
210 3700 399 3767 poeuttmtium
414 3712 498 3768 quam
514 3713 565 3755 vos
588 3714 643 3754 non
666 3699 710 3754 te·

126 3764 216 3835 cistis,
235 3765 289 3837 ipsi
308 3770 435 3835 epissent,
449 3769 578 3825 dolentes
592 3770 628 3825 de
642 3784 709 3840 pec·

124 3836 231 3893 catisiu
244 3842 333 3892 eluere
347 3853 380 3893 ex
393 3838 620 3896 consideratione
630 3856 710 3896 mor⁴

124 3906 173 3976 tis,
188 3915 214 3966 et
228 3911 318 3964 cilicio
339 3925 371 3965 ex
387 3909 616 3967 consideratione
641 3927 709 3982 pec·

125 3980 179 4037 cati
200 3979 519 4053 pungentisgsedentes,
543 3982 583 4038 ait
608 3984 707 4051 Lucas,

120 4049 150 4107 id
166 4051 253 4109 estin
269 4051 449 4108 conscientiis
465 4069 495 4109 se
510 4052 707 4123 humiliantem

119 4123 175 4193 vel,
202 4128 231 4180 iu
260 4126 358 4188 dume,
390 4123 549 4181 humiliatio
578 4124 707 4194 interior,

120 4199 150 4251 ot
162 4200 193 4251 iu
207 4198 297 4252 cilicio
314 4196 437 4253 exterior
451 4195 625 4270 designatur.
643 4199 709 4253 llaec

117 4265 210 4339 addit,
234 4267 301 4340 quia
318 4266 476 4341 antiquitus
499 4273 562 4326 crat
581 4284 643 4326 mos
666 4267 708 4325 sic

766 422 851 479 agere
863 404 1070 478 poenitentiam.
1087 409 1281 465 Verumtamen
1292 410 1355 468 dtco

767 479 844 535 vohis
866 476 997 535 ludaeis:
1027 481 1096 548 Tyro
1119 486 1145 534 et
1163 480 1273 549 Sittorti,
1287 480 1356 539 licet

768 566 825 607 non
842 554 908 606 sunt
922 548 1062 620 conversi,
1080 554 1222 607 remissius
1245 556 1299 608 erit
1323 555 1355 610 m

769 622 815 678 die
838 621 943 691 judite't
958 638 1041 691 quum
1057 622 1149 685 uobis:
1175 623 1242 693 quia
1259 623 1355 682 minus

769 694 923 767 punientur
937 707 1023 763 quam
1034 709 1084 750 ros
1097 694 1188 750 tudaei
1203 694 1355 754 obstinati.

769 780 836 821 naut
849 762 943 819 minus
957 772 1145 836 peccaverunt
1160 764 1211 821 illi.
1228 767 1356 824 Gentiles

771 836 847 894 enim
867 850 958 905 neque
974 837 1076 907 Legem
1090 836 1224 908 scriptam
1238 854 1356 911 recepe·

770 912 848 976 runt,
863 922 956 977 neque
971 907 1173 978 predicatores
1180 911 1357 981 babuerunt,

771 995 863 1050 neque
892 977 1029 1035 miracula
1043 978 1189 1048 viderunt;
1211 982 1262 1037 sed
1289 988 1355 1038 tan·

771 1057 831 1108 tum
847 1049 939 1121 legem
960 1057 1069 1107 naturae
1087 1052 1257 1124 transgressi
1274 1058 1356 1123 sunt;

770 1120 862 1180 ludaei
883 1137 950 1177 vero
977 1122 1134 1179 doctrinam
1150 1124 1303 1181 audierunt
1331 1129 1360 1181 et

772 1193 911 1250 miracula
924 1192 1066 1263 viderunt,
1082 1201 1108 1250 et
1121 1202 1187 1277 post
1202 1202 1361 1267 transgres-

772 1265 881 1322 sionem
911 1263 982 1336 legis
1006 1265 1144 1323 naturalis
1176 1271 1204 1323 et
1232 1268 1359 1339 scriptae,

772 1337 858 1394 etiarn
875 1337 966 1406 legem
991 1336 1101 1407 gratiae.
1117 1343 1146 1394 et
1168 1337 1250 1408 signa
1269 1338 1361 1411 partri-

771 1409 932 1481 penderunt
944 1425 951 1463 :
963 1413 991 1464 et
1002 1408 1067 1465 ideo
1081 1415 1196 1480 propter
1211 1409 1361 1480 ingratitu-

772 1479 867 1536 dinem
883 1479 1048 1551 punientur,
1066 1480 1112 1536 isti
1125 1481 1262 1549 severine,
1275 1488 1304 1538 et
1319 1480 1362 1538 itti

772 1549 939 1619 remissius;
967 1550 1034 1621 qnia
1060 1552 1175 1623 gravius
1203 1557 1246 1609 est
1274 1553 1362 1610 tidem

773 1621 898 1680 auditam
930 1623 1079 1694 repellere,
1110 1640 1195 1694 quam
1229 1624 1301 1680 mori
1329 1623 1362 1680 in
1420 1636 1425 1643 ·

773 1692 946 1751 Gentilitate.
958 1696 991 1749 Et
1005 1700 1048 1750 est
1058 1700 1270 1766 argumentum,
1284 1695 1362 1767 quod

772 1764 874 1822 ceteris
888 1764 1015 1836 paribus,
1030 1767 1121 1838 major
1134 1766 1362 1823 Christianorum

773 1836 827 1894 erit
853 1852 949 1909 poena,
969 1854 1054 1908 unam
1077 1855 1156 1909 poena
1186 1837 1360 1908 infidelium3

773 1907 951 1976 clericorum,
968 1925 1053 1990 quam
1073 1909 1226 1976 laicorum;
1246 1909 1363 1982 sapien·

772 1979 854 2047 tium,
867 1996 950 2050 quarn
962 1980 1147 2052 simplicium
1163 1983 1361 2052 praelatorum,

772 2068 857 2180 guam
869 2051 1057 2107 subditorum.
1068 2054 1138 2109 Natu
1150 2052 1286 2122 scriptum
1298 2058 1359 2110 est:

793 2127 823 2178 ui
835 2127 951 2178 muttum
960 2123 1091 2179 donatum
1104 2130 1153 2188 est,
1164 2126 1281 2180 multum
1290 2141 1362 2195 quar·

770 2199 847 2249 rctur
860 2195 895 2249 ab
908 2210 955 2259 eo;
970 2199 998 2250 ct
1012 2213 1018 2251 :
1032 2198 1157 2251 Potentes
1168 2202 1291 2267 potenter
1304 2202 1360 2252 tor·

771 2270 861 2320 mento
882 2268 1043 2335 patientum
1072 2272 1123 2323 ct:
1152 2270 1253 2325 Seuius
1271 2271 1361 2324 sciens

771 2339 939 2392 uoluntatem
969 2340 1080 2393 Domim'
1114 2345 1140 2395 et
1171 2356 1224 2394 non
1253 2342 1360 2407 lacteus

770 2410 864 2479 plupis
878 2411 1024 2478 vapulabit
1037 2412 1142 2465 multis.
1160 2410 1266 2467 Deinde
1281 2426 1361 2483 sepa·

772 2479 856 2535 ratim
865 2482 1016 2550 exprobrat
1031 2481 1137 2538 civitati
1148 2482 1358 2554 capharnaum,

772 2550 839 2621 quia
864 2550 1019 2608 districtius
1041 2553 1105 2609 aliis
1130 2554 1296 2626 judicanda,
1325 2569 1360 2611 eo

772 2622 849 2693 quod
863 2623 938 2679 bona
953 2640 970 2679 a
988 2625 1109 2680 Domino
1129 2641 1194 2681 accc
1215 2632 1277 2681 erat
1296 2640 1357 2682 cre·

772 2693 885 2761 briora3
906 2693 985 2761 item,
1002 2699 1068 2766 quia
1089 2697 1160 2754 duas
1180 2641 1251 2752 afrus
1272 2713 1357 2768 argu·

772 2770 844 2832 erat,
861 2765 896 2820 de
911 2765 1064 2824 omissione
1083 2766 1240 2840 poeniteudi
1259 2774 1289 2823 et
1307 2783 1357 2824 ne·

771 2836 919 2908 gligeutia,
933 2839 1006 2894 banc
1020 2856 1087 2895 veru
1101 2841 1137 2896 de
1150 2844 1313 2920 contemptu
1329 2843 1358 2895 et

772 2907 918 2979 superbia.
940 2910 1018 2966 Unde
1037 2916 1066 2967 ct
1088 2911 1151 2968 aliis
1169 2914 1358 2968 communatus

771 2988 814 3037 est
828 2994 941 3050 poenam
959 2980 988 3036 in
1003 2997 1117 3052 genere,
1131 2999 1195 3039 cum
1208 2984 1248 3038 ait
1266 2999 1273 3036 :
1293 2985 1357 3050 νας

771 3054 837 3108 burc
852 3058 946 3106 antem
967 3052 995 3108 in
1016 3058 1120 3125 specie,
1137 3054 1213 3125 quod
1239 3057 1358 3125 apparet

770 3124 833 3195 plus
848 3137 920 3177 csse.
938 3123 1011 3180 Dicit
1024 3141 1093 3197 ergo
1109 3143 1116 3180 :
1130 3129 1167 3181 Et
1181 3131 1221 3188 tu,
1236 3128 1357 3206 Caphar·

771 3210 865 3257 nuum,
885 3196 1028 3264 ponendo,
1045 3203 1075 3253 ut
1093 3213 1188 3268 snpra,
1204 3202 1356 3254 conttnens

770 3282 822 3339 pro
852 3270 1001 3335 contento;
1038 3270 1173 3339 numquid
1199 3268 1356 3324 secundum

770 3335 933 3411 opinionem
948 3342 1026 3394 tuam
1047 3357 1133 3411 usque
1151 3343 1181 3395 in
1195 3342 1289 3395 cetum
1307 3355 1355 3394 ea·

770 3410 922 3466 attraheris?
942 3410 1027 3476 Quasi
1046 3412 1178 3468 diceret:
1199 3413 1277 3478 Nou;
1298 3410 1355 3466 imo

769 3490 886 3555 propter
902 3485 1049 3551 peccatum
1063 3482 1203 3554 superbiae
1217 3487 1245 3538 ct
1258 3481 1355 3552 ingra-

769 3549 909 3618 titudinis,
921 3568 1007 3624 uspue
1017 3558 1046 3609 tn
1056 3558 1195 3623 infernum
1201 3553 1354 3609 descendes.

768 3628 837 3681 Nam
860 3623 937 3688 :Qut
961 3641 990 3680 se
1004 3628 1121 3691 cachat,
1150 3625 1355 3681 humiliabitur.

767 3696 970 3754 Subditautem
982 3713 988 3752 :
1001 3699 1083 3765 Quia,
1092 3700 1117 3753 si
1126 3698 1296 3759 tnSodumis‚
1346 3692 1353 3707 '

766 3773 861 3825 tamen
881 3763 994 3823 suerunt
1012 3769 1143 3826 homines
1163 3766 1288 3840 pessimi,
1306 3709 1355 3834 aa

765 3845 815 3896 ctae
824 3843 944 3908 fuissent
955 3843 1082 3909 virtutes,
1093 3845 1122 3897 et
1133 3840 1215 3912 signa
1226 3855 1287 3910 qua
1296 3838 1354 3893 tre·

764 3918 887 3984 quanter
894 3913 978 3978 lacte
990 3918 1055 3968 suut
1064 3917 1094 3967 iu
1107 3919 1142 3975 te,
1155 3915 1228 3979 sorte
1239 3911 1355 3965 maraste

764 3991 824 4039 sent
834 3987 959 4054 usquein
969 3985 1040 4040 huuc
1050 3985 1132 4045 diem.
1145 3982 1212 4054 quia
1222 3981 1356 4038 iecissent

766 4055 1030 4127 poenitentiarum
1059 4053 1190 4110 Ninivitae
1216 4054 1354 4122 lecerunt,

766 4130 801 4182 ad
816 4129 896 4184 lonae
913 4125 1156 4199 praedicationem.
1174 4124 1356 4206 uiritantem

764 4201 847 4267 sorte,
863 4215 920 4255 non
937 4199 973 4254 ad
1002 4199 1198 4254 denotandum
1223 4197 1357 4252 dubitatt·

766 4285 850 4327 onem
877 4286 910 4328 cx
925 4275 1006 4344 parte
1021 4285 1084 4340 sua,
1104 4269 1155 4326 sed
1167 4266 1205 4324 ad
1219 4269 1356 4325 denotan-
