2880 4942
138 331 186 386 ‘itti

98 4580 143 4608 h-

153 434 214 496 lier,
240 434 315 488 etot
339 432 425 500 Felix,
442 437 471 487 ut
490 431 530 487 ita
553 432 657 500 dicam,
682 432 744 487 haec

152 505 266 572 mulier,
280 503 308 559 in
325 502 465 560 adulterio
482 503 743 575 deprehensaque

153 575 190 634 de
203 575 355 649 praeleritis
366 574 532 643 absolvitur,
548 581 576 631 et
588 590 688 631 secura
702 575 742 630 ei-

153 647 248 704 licitur
260 647 296 703 de
309 646 423 702 suturisl
441 646 463 702 0
478 647 550 702 bone
564 647 628 703 Jesu
641 646 648 702 l
663 650 691 702 te
704 644 744 701 di·

153 723 237 775 oente
257 736 264 777 :
282 721 336 776 Nec
350 734 398 786 epo
420 723 446 772 te
467 718 661 781 condemnabo,
677 716 743 788 quis

154 788 358 847 condemnabit
369 788 383 844 ‘l
393 790 467 844 Deus
477 795 521 844 est
531 788 579 861 qui
592 788 742 864 justitient,

153 863 217 933 quis
241 865 285 918 est
313 861 360 932 qui
390 859 583 916 condemnet?
606 858 744 917 Audiatur

153 942 251 988 tamen
272 931 308 988 de
330 937 426 988 cetero
450 948 503 988 vox
524 941 596 988 tua:
615 932 700 997 Vade,
718 936 744 988 et

148 1004 211 1074 jam
226 1005 346 1075 amptius
360 1004 418 1059 nola·
432 1020 563 1075 peccare:
578 1023 592 1056 u
607 1003 668 1060 liaeo
683 1006 742 1059 An·

152 1077 263 1131 selinus.
286 1076 320 1131 Et
349 1076 477 1147 quamvis
505 1077 641 1131 Dominus
662 1077 743 1132 lesus

153 1146 302 1204 mulierem
321 1163 338 1202 a
358 1147 441 1219 culpa
461 1147 646 1215 absolvendo,
661 1152 690 1203 ct
708 1161 743 1202 ne

153 1219 276 1288 amphus
297 1226 429 1290 peccaret
452 1217 660 1286 interdicendo,
678 1219 742 1273 iiiit-

153 1288 210 1346 lam
225 1289 311 1347 aliam
330 1291 492 1362 injungeret
507 1289 533 1346 ei
540 1289 742 1417 poeuiteutiam

153 1377 204 1419 seu
220 1377 350 1434 poenam,
365 1367 459 1418 tamen
475 1362 529 1417 hoc
548 1367 648 1418 'actum
665 1361 744 1418 Cliri·

154 1432 188 1488 sti
209 1448 266 1489 non
279 1438 323 1488 est
335 1433 506 1489 trahendum
518 1434 554 1489 ad
568 1448 743 1503 consequen·

153 1503 223 1559 tiam
237 1503 308 1559 etin
326 1503 573 1567 consuetudinem,
595 1509 635 1569 ut,
652 1519 744 1559 erein-

152 1572 200 1646 plo
216 1572 339 1643 Domini,
355 1573 458 1644 aliquis
478 1576 586 1647 absque
601 1574 743 1631 contessi-

153 1660 207 1701 one
227 1650 256 1700 et
278 1659 370 1715 poenae
389 1644 545 1702 indictione
590 1661 743 1716 uemquam

153 1661 744 1796 absolvat,quiaCbristusexceltentiamin

156 1793 344 1843 sacramentis
359 1787 468 1856 babuit,
478 1789 743 1860 utpotuitcoutcrre

153 1857 285 1916 eiieetum
299 1861 467 1916 sacramenti
481 1859 541 1916 sine
553 1867 741 1931 sacramento,

153 1932 228 2002 quod
244 1929 338 1987 nullus
356 1946 446 2003 purus
461 1933 546 1989 bomo
563 1931 656 1988 lacere
675 1937 743 2004 pot-

154 2001 275 2071 est3imo
285 2003 390 2059 deberit
400 2004 563 2060 sacerdotes
573 2003 602 2059 iii
611 2003 672 2059 loro
685 2019 743 2076 poe-

153 2073 296 2130 nitentiali
313 2075 352 2130 im
373 2091 459 2132 onere
476 2074 683 2148 poeniteutiam,
697 2091 742 2131 se-

486 325 595 380 iuiiin
622 326 739 380 itatis
768 325 872 379 otior
899 320 1040 377 lxxxiv

799 429 907 485 tionem
936 427 1022 483 totius
1048 424 1146 497 eulpae
1181 431 1216 483 et
1242 441 1351 499 pieriae,
1376 426 1400 485 el

800 501 878 557 illam
895 497 1094 556 contritionem
1124 513 1398 570 cognosceremur

799 571 840 629 sic
862 579 957 628 autem
978 571 1050 627 atius
1069 569 1218 628 sacerdos
1235 579 1344 644 polest,
1356 571 1397 647 qui

799 660 852 701 nec
867 647 961 700 movet
975 657 1035 711 cor,
1049 657 1103 697 nec
1121 640 1194 700 vide

834 739 849 788 7
873 717 1179 783 Quioiioaaniraiisiou
1224 732 1395 774 caroiuissio

798 804 923 843 uuninais
943 784 1112 843 iounraiiai‘l
1132 813 1169 825 -
1191 787 1293 844 Simili
1310 790 1393 859 modo,

798 857 935 931 quotidie,
952 857 1088 914 Dominus
1101 856 1216 928 recipit
1232 860 1391 929 adulteram,

798 946 863 987 cuni
883 946 933 1002 per
956 935 1078 1000 gratiam
1104 928 1216 1000 recipit
1246 934 1392 1003 quamlibet

798 1002 924 1058 animam
937 1018 953 1056 a
967 999 1080 1057 diabolo
1093 1007 1275 1073 corruptam
1291 1003 1391 1073 percul

798 1089 874 1146 pam.
890 1074 944 1129 Per
957 1071 1105 1129 mulierem
1121 1071 1205 1128 enim
1219 1073 1252 1130 in
1263 1075 1391 1133 adulterio

798 1146 1006 1215 deprehensam
1045 1142 1238 1214 significatur
1267 1148 1390 1218 qualibet

797 1232 921 1290 persona
935 1214 1047 1272 Christo
1063 1231 1114 1287 per
1129 1215 1226 1273 tidem
1242 1219 1389 1292 desponsa·

798 1295 838 1355 ta,
856 1288 906 1345 sed
940 1294 1020 1344 ostea
1054 1303 1085 1343 er
1104 1288 1237 1346 mortale
1253 1300 1389 1360 peccaturi

799 1376 863 1416 cuin
877 1303 1020 1416 diaioioa
1046 1359 1188 1426 uberate:
1231 1377 1266 1418 er
1287 1362 1390 1420 Scribas

799 1447 866 1488 vero
883 1437 911 1488 et
937 1429 1096 1487 Pharisaeos
1120 1431 1197 1503 signi
1225 1434 1389 1491 canturde

800 1519 909 1572 mones,
927 1502 975 1575 qui
992 1502 1128 1584 dicuntur
1142 1503 1191 1559 hic
1205 1504 1390 1588 Scribae,quii

798 1580 915 1647 peccata
942 1579 1040 1630 nostra
1065 1580 1195 1630 retinent
1230 1583 1389 1634 memoriter

799 1651 944 1728 tamquam
968 1645 1089 1701 tirmiter
1104 1645 1238 1716 scripta;
1256 1653 1287 1704 et
1302 1647 1389 1705 Pbari·

799 1719 859 1783 saei,
874 1718 902 1773 id
914 1722 958 1774 est
970 1717 1057 1772 divisi
1072 1723 1149 1773 recte
1164 1717 1321 1787 dicuntur,
1332 1719 1390 1793 qnia

797 1788 938 1846 aCbristo
955 1792 983 1844 et
1001 1789 1171 1844 Sanctorum
1188 1791 1342 1849 consortio
1353 1806 1389 1848 aa·

797 1866 944 1932 parantur.
960 1858 993 1915 iii
1014 1859 1165 1916 mutierem
1186 1861 1227 1917 ad
1252 1862 1388 1934 judiciuin

797 1931 954 1997 adducunt,
970 1929 1036 2002 quia
1051 1930 1276 1990 damnationem
1303 1935 1388 1991 boini·

797 2020 864 2059 num
891 2001 1010 2059 sollicite
1030 2011 1171 2074 quaerunt.
1190 2006 1227 2060 Et
1249 2007 1319 2077 quia
1344 2008 1389 2062 Do

798 2073 890 2131 minus
902 2091 957 2131 aon
971 2076 1032 2129 uult
1046 2083 1159 2131 mortem
1169 2077 1389 2146 peccator-iamed

153 2146 339 2202 cundumcou
361 2145 480 2204 itionem
491 2145 646 2218 peccantis,
658 2152 742 2218 atque
796 2149 886 2215 inopis
913 2151 944 2201 ut
973 2151 1157 2215 convetetur,
1177 2153 1206 2202 et
1225 2152 1317 2218 oium,
1333 2147 1389 2206 ideo

155 2216 283 2289 peccati,
300 2220 367 2287 quia
387 2234 444 2274 non
464 2218 570 2274 habeut
585 2216 672 2274 talem
693 2233 741 2287 po·
796 2216 823 2274 ei
843 2218 934 2274 dicit:
951 2217 1039 2281 Vade,
1061 2218 1163 2288 etjam
1182 2222 1313 2291 amplius
1338 2221 1390 2276 noti

153 2291 286 2343 testatem
316 2287 490 2345 remittendi.
518 2289 634 2344 Poterat
656 2290 742 2344 etiam
794 2305 917 2361 peecare,
938 2289 1007 2362 quia
1022 2288 1074 2345 tibi
1091 2288 1198 2345 suflicit
1217 2307 1288 2348 vera
1304 2293 1389 2365 poeni·

153 2357 285 2414 Christus
300 2357 340 2414 illi
366 2358 478 2416 mulieri
499 2365 608 2415 tantam
631 2360 741 2416 contri·
797 2360 887 2417 tentia
900 2360 936 2418 de
950 2362 1113 2433 praeteritis,
1124 2366 1153 2417 et
1164 2364 1281 2420 cautela
1294 2368 1390 2421 contra

153 2430 261 2486 tionem
272 2428 351 2501 dare,
367 2431 443 2504 quod
459 2432 602 2488 sufficeret
616 2430 652 2488 ad
667 2431 741 2487 dele·
796 2431 952 2490 recidivam
966 2447 1018 2504 pro
1037 2431 1150 2490 tuturis.

717 2611 846 2669 ORATIO

188 2773 209 2831 0
223 2775 290 2830 lesu
303 2774 440 2842 clemens,
456 2773 503 2845 qui
517 2773 724 2843 deprehensam
740 2773 770 2830 in
789 2773 929 2832 adulterio
945 2773 1101 2832 clementer
1116 2772 1153 2830 ab
1168 2773 1391 2832 accusatoribus

151 2843 290 2905 liberasti.
308 2847 337 2901 et
351 2859 369 2899 a
383 2851 409 2899 te
429 2843 680 2901 incondemnatam
708 2844 738 2900 in
763 2859 833 2918 pace
855 2845 1075 2903 misericorditer
1098 2844 1247 2913 dimisisti,
1262 2850 1321 2903 stat
1342 2862 1390 2904 co·

151 2929 213 2971 rain
231 2920 259 2970 te
274 2914 371 2970 anima
390 2930 456 2996 mea
480 2914 675 2984 adulteratrix,
691 2931 754 2988 quae
771 2915 855 2973 toties
870 2934 887 2973 a
903 2923 929 2974 le
944 2934 1012 2973 vero
1038 2918 1147 2988 Sponso
1168 2917 1303 2986 recessit,
1322 2934 1390 2990 quo·

152 2985 207 3042 ties
222 2985 452 3057 suggestionibus
467 2985 654 3043 adulterantis
670 2987 774 3044 inimici
790 2989 949 3055 consensit,
967 2996 1081 3045 accusat
1100 2987 1291 3057 conscientia,
1307 3005 1390 3046 accu-

152 3063 217 3114 sant
231 3072 317 3140 opera
333 3064 361 3113 et
375 3055 449 3113 actio
471 3072 574 3129 prava,
592 3073 650 3114 non
667 3057 766 3129 intres,
784 3059 913 3129 nomine,
930 3063 958 3116 iu
970 3060 1108 3132 judicium
1124 3075 1189 3116 cuin
1204 3076 1250 3129 ea,
1268 3077 1306 3118 ne
1331 3077 1390 3118 me·

154 3128 272 3186 mineris
286 3127 467 3201 iniquitatum
482 3129 543 3201 eius
557 3128 738 3203 antiquarum
751 3149 758 3200 ;
772 3130 862 3188 libera
876 3133 912 3189 ab
925 3130 1136 3188 accusatoribus
1156 3132 1349 3213 peccatricem
1363 3140 1389 3189 et

151 3216 248 3269 ream;
265 3199 376 3258 dimitte
390 3201 420 3258 in
433 3216 503 3274 pace
518 3201 572 3259 sibi
592 3201 796 3260 conscientiam
808 3219 826 3260 a
840 3212 890 3261 tuo
906 3202 1054 3260 tremendo
1075 3201 1185 3276 judicio
1211 3203 1390 3273 absolutam,

90 3282 93 3289 ’
152 3273 219 3357 quia
237 3272 288 3331 tibi
305 3272 451 3347 proprium
468 3278 512 3331 est
536 3273 666 3332 misereri
680 3290 793 3348 semper
805 3281 833 3330 et
846 3290 976 3348 parcere,
989 3281 1018 3333 et
1033 3279 1147 3331 nonest
1175 3290 1318 3332 numerus
1334 3283 1389 3333 tue

153 3343 370 3403 misericordia.
384 3347 488 3404 Amen.

603 3671 742 3744 CAPUT
768 3667 938 3741 Lxxxiv

154 3889 192 3935 itit
208 3885 382 3944 Quibusnam
400 3887 503 3934 vannis
518 3886 634 3943 nomini,
653 3886 706 3931 l‘ilO
728 3886 836 3939 QUIBUS
858 3890 1013 3937 vonnniiitT
1035 3890 1097 3935 EUM
1117 3890 1211 3935 JUUAEI
1229 3888 1387 3936 Larinatia.

630 4053 750 4110 loannis
762 4068 825 4126 cap.
840 4055 912 4111 viti.

191 4280 199 4313 i
216 4258 348 4313 Carisius
371 4271 422 4312 nux
441 4272 488 4310 nsi
505 4270 598 4309 uuum.
617 4252 737 4320 -Quia
791 4251 890 4309 liorem
913 4251 1077 4309 atisolverat
1093 4269 1110 4309 a
1126 4252 1257 4323 crimine,
1273 4271 1312 4311 ne
1332 4253 1384 4311 ali-

152 4344 232 4398 vero,
245 4328 399 4387 secundum
410 4327 665 4399 alcoinum,tesus
679 4340 738 4380 mu·
791 4324 838 4396 qui
853 4324 1026 4394 dubitarent,
1042 4340 1079 4382 au
1092 4323 1140 4382 ilte
1151 4340 1236 4397 quein
1247 4324 1388 4385 videbant
