2880 4942
372 342 411 394 llll
439 339 552 394 batto
580 340 693 394 utlutt
720 338 850 394 ltttttau
877 342 1040 399 natutae.
1282 344 1330 400 ilii

87 447 98 507 i
120 461 228 516 sorum,
248 442 371 501 forsitan
390 444 459 515 quia
477 459 579 500 omnes
599 442 680 516 digni
736 445 875 513 verbum;
891 451 920 502 et
934 451 1003 504 tunc
1016 447 1057 505 ita
1071 449 1217 506 ter-venter
1232 451 1326 508 inten-

102 523 206 577 uerunt
230 517 390 574 curatione.
413 515 495 572 Docti
514 531 595 587 ergo,
612 516 681 573 visis
736 515 842 573 debant
857 518 1065 589 praedicationi,
1082 521 1158 591 quod
1173 521 1227 594 ipsi
1242 522 1327 580 disci·

89 591 190 663 signis,
215 594 444 661 persequuntur;
474 586 593 656 indocti,
618 588 681 661 opl·
735 587 794 658 puli
817 589 880 661 ejus
901 605 959 646 non
980 592 1124 648 habebant
1139 599 1252 666 tempus
1271 611 1324 667 pa·

90 663 177 719 nione
191 663 253 732 ejus
266 659 355 728 ducti,
369 659 492 716 amando
509 665 679 731 sequuntur,
736 676 801 715 nem
817 661 1018 718 manducandi.
1040 665 1099 719 lloc
1114 672 1157 721 est
1173 674 1274 722 contra
1289 666 1323 723 il-

86 739 118 792 et
132 733 196 791 ideo
211 731 305 790 curari
320 736 478 813 merentur.
497 733 577 788 Unde
587 735 680 788 Remi·
736 730 779 786 los
794 731 841 802 qui
858 732 1003 790 dimittunt
1014 751 1086 806 opus
1098 722 1322 807 praedicationis,

89 809 154 876 gius
183 825 191 861 a
228 826 239 856 ι
272 806 362 871 Quem
387 802 524 858 Pharisaei
552 802 680 860 unanimi
736 809 853 876 propter
871 821 968 861 curam
984 811 1013 862 et
1028 806 1207 863 saturitatem
1222 825 1323 873 come-

87 876 205 934 consilio
229 877 350 949 perdere
370 878 511 956 quaerunt,
528 876 613 931 turba
635 877 681 931 in·
737 874 848 931 stionis
866 876 917 933 Ubi
943 879 1017 933 Beda
1039 896 1045 933 :
1068 899 1083 930 «
1107 878 1129 934 Ο
1156 895 1242 950 quam
1257 879 1323 936 felix

87 948 173 1005 docta
200 946 331 1005 unanimi
361 945 513 1003 dilectione
541 946 680 1018 seqnitur,
736 946 887 1019 occupatio
912 948 1088 1018 salvatoris,
1117 964 1205 1020 quam
1238 952 1323 1009 beata

86 1020 165 1077 unde
181 1036 247 1076 mox
267 1018 311 1095 sni
337 1017 473 1074 desiderii
496 1017 682 1089 consequitur
736 1018 898 1088 frequentia
929 1022 1021 1078 turbae
1059 1022 1243 1092 continentis,
1277 1022 1324 1081 cui

84 1092 233 1148 ellectum.
248 1090 276 1148 Si
292 1088 335 1147 ris
358 1093 387 1146 et
400 1095 432 1145 tu
449 1089 556 1155 curari,
586 1089 611 1145 si
638 1089 681 1147 ris
736 1095 849 1146 tanturn
863 1091 949 1148 studii
966 1092 1004 1148 ad
1016 1092 1188 1151 audiendum
1203 1096 1324 1153 verbum

85 1162 197 1232 sanari,
215 1162 238 1218 si
255 1161 297 1218 vis
312 1178 330 1218 a
350 1160 452 1217 mortis
464 1159 593 1233 periculo
608 1161 681 1219 libe·
736 1160 799 1231 llei,
812 1166 924 1220 tantum
936 1162 990 1220 luit
1000 1180 1076 1221 curae
1085 1164 1122 1221 ad
1137 1166 1324 1224 obtinendam

87 1232 160 1301 rari,
177 1249 297 1306 sequere
323 1238 352 1290 et
368 1232 481 1288 imitare
495 1234 603 1302 lesum,
620 1233 682 1306 ipse
736 1233 870 1303 salutem,
884 1240 916 1291 ut
942 1235 1059 1292 ductori
1080 1236 1179 1294 salutis
1201 1255 1265 1294 cum
1279 1238 1325 1295 bis

86 1303 166 1362 enim
192 1305 336 1361 neminem
364 1304 494 1376 repellit3
519 1311 549 1361 et
567 1321 678 1376 omnes,
735 1304 784 1376 qui
801 1321 896 1362 secum
914 1312 997 1364 erant
1012 1324 1050 1364 ne
1062 1309 1194 1392 vescendi
1208 1310 1324 1392 quidem

86 1375 135 1448 qui
146 1392 211 1432 eum
223 1380 393 1448 sequuntur,
404 1381 495 1432 sanat.
507 1397 523 1427 a
537 1378 592 1433 Per
603 1378 679 1434 Pna-

85 1447 198 1516 risaeos‚
215 1448 263 1520 qui
278 1450 366 1503 divisi
377 1447 612 1520 interpretantur,
623 1449 680 1506 dis·

84 1519 152 1588 coli,
165 1519 214 1590 qui
230 1518 425 1576 dissensiones
438 1519 556 1588 iaciunt,
564 1519 677 1590 signan-

84 1595 148 1659 tur;
175 1607 227 1662 por
253 1589 431 1647 Herodianus
455 1607 523 1647 vero
549 1591 676 1663 superbi,

83 1661 133 1791 pul
143 1664 259 1732 gloriosi
271 1665 302 1718 ia
311 1663 431 1733 pellibus
439 1660 673 1735 interpretantur.

99 1733 136 1790 sti
165 1750 233 1790 vero
259 1733 409 1790 consilium
438 1733 545 1790 iaciunt
574 1740 677 1793 contra

81 1808 194 1874 lesum,
211 1805 259 1877 qui
276 1822 340 1862 cum
356 1804 513 1862 humilibus
527 1810 555 1863 et
571 1806 676 1864 carita·

84 1883 143 1935 tem
157 1876 328 1934 habentibus
345 1882 538 1934 commoratur
549 1896 556 1946 ;
567 1884 597 1935 et
610 1878 676 1936 ideo

83 1949 193 2007 recedit
209 1950 246 2006 ab
261 1948 318 2006 illis
335 1965 366 2006 se
386 1950 558 2019 elongando,
573 1955 603 2006 et
623 1951 678 2007 hu·

83 2020 202 2078 milibus
221 2037 287 2077 eum
314 2019 500 2091 sequentibus
523 2020 676 2087 benefacit,

83 2092 224 2152 beneficia
236 2091 336 2150 salutis
345 2092 546 2164 impendendo.
558 2096 594 2149 nt
606 2110 677 2166 prae·

84 2168 157 2248 oepit
176 2169 226 2234 eis,
246 2164 295 2236 qui
316 2163 407 2221 curati
426 2164 678 2234 inmutassem

85 2236 277 2308 divulgarent,
296 2241 325 2293 et
343 2239 522 2305 manifestum
541 2239 677 2306 fecerent,

84 2313 118 2366 ut
128 2307 244 2365 inanem
258 2309 381 2380 gloriam
391 2312 420 2364 et
433 2307 577 2379 gloriandi
592 2310 628 2366 de
647 2324 678 2365 se

81 2380 253 2454 jactantiam
284 2379 451 2449 declinaret,
479 2385 508 2437 et
535 2384 567 2437 ut
593 2379 678 2437 nobis

82 2451 246 2521 exemplum
272 2450 383 2508 vitandi
400 2467 465 2508 eam
494 2452 586 2509 daret.
614 2453 676 2509 Nou

102 2523 231 2581 robibuit
246 2522 383 2581 Dominus
396 2522 678 2606 miraculorumprae·

103 2594 252 2664 cationes,
270 2595 307 2652 ad
321 2595 473 2652 utilitatem
488 2593 676 2666 audientium,

80 2667 134 2725 aed
152 2666 184 2723 in
197 2665 347 2723 beneficiis
366 2681 448 2723 vanae
468 2665 567 2739 gloriae
586 2682 678 2739 appe·

80 2737 177 2796 titum.
198 2738 278 2795 Unde
298 2739 486 2794 Ambrosius:
510 2760 525 2789 α
545 2736 596 2794 llic
615 2754 676 2811 my-

80 2809 154 2870 stice
167 2809 302 2866 instruxit
316 2826 381 2880 nos,
394 2825 441 2879 ne,
462 2825 525 2866 eum
540 2825 676 2882 magnum

79 2881 192 2955 aliquid
206 2882 337 2952 tacimus,
353 2882 468 2938 laudem
480 2881 550 2938 toris
563 2897 675 2955 quaera-

735 1377 817 1445 bora,
834 1378 967 1435 asolatio
989 1378 1056 1436 vitae
1080 1380 1193 1438 misens
1213 1397 1324 1454 impen-

735 1448 841 1517 dendo,
868 1449 959 1507 libera
983 1453 1129 1508 maneret!
1155 1454 1279 1521 Utinam,
1305 1469 1324 1510 o

734 1519 856 1576 Domine
880 1523 957 1590 lesu,
975 1527 1003 1578 et
1017 1522 1047 1578 in
1069 1523 1159 1580 nostri
1185 1524 1322 1595 tempori·

734 1591 788 1647 bus
805 1591 867 1661 aevi,
880 1597 991 1649 tantam]
1002 1593 1103 1666 gratiae
1117 1594 1173 1652 tuis
1188 1596 1323 1654 fidelibus

732 1661 874 1733 largiaris,
893 1679 957 1736 quae
974 1665 1107 1722 doctores
1121 1683 1188 1724 suos
1201 1666 1323 1725 assidui·

732 1740 790 1790 tate
809 1734 938 1792 discendi
960 1752 1017 1792 non
1037 1736 1131 1794 solum
1153 1740 1190 1795 ab
1216 1738 1324 1812 appeti-

731 1807 1323 1879 tucarnaliumvoluptatum,rerumetiam

733 1894 949 1949 nonnumquam
971 1881 1007 1936 ab
1027 1879 1089 1952 ipsa
1107 1896 1220 1952 quoque
1239 1880 1322 1953 panis

732 1948 891 2020 quotidiani
903 1951 1093 2078 perceptione
1113 1953 1284 2024 praepediat!
1305 1974 1320 2006 o

733 2023 794 2077 baec
806 2022 891 2076 Beda.
924 2022 1006 2078 ubdit
1017 2027 1112 2079 autem
1128 2041 1135 2080 ε
1150 2027 1321 2091 steterumt,

732 2091 841 2148 scilicet
851 2093 954 2162 iudai,
968 2092 1017 2166 qui
1032 2099 1159 2166 exparte
1175 2095 1273 2152 Matris
1287 2095 1323 2154 de

733 2163 904 2234 cognatione
923 2169 1082 2234 emerant,
1098 2165 1228 2223 viderent
1243 2167 1322 2224 inso-

733 2235 814 2291 litum
840 2238 982 2293 terrorem
1005 2236 1035 2293 in
1054 2253 1100 2307 eo,
1119 2243 1147 2294 et
1178 2240 1322 2296 audissent

732 2306 913 2365 altitudinem
933 2307 1038 2365 divinae
1059 2308 1218 2380 sapientiae,
1233 2326 1321 2382 quam

733 2394 835 2451 capere
846 2396 903 2436 nou
912 2379 1246 2449 valebant‚aestimabant
1255 2397 1322 2440 eum

733 2457 828 2507 mente
840 2450 1008 2520 alienatum,
1028 2457 1058 2509 et
1071 2452 1102 2508 in
1115 2453 1241 2510 furorem
1257 2470 1321 2510 ver-

733 2539 796 2579 sum
807 2538 894 2579 sensu
905 2522 1016 2595 perdito
1032 2522 1112 2594 loqui
1125 2541 1133 2591 ;
1148 2528 1177 2580 et
1190 2528 1321 2582 aeternat

733 2599 822 2650 tenere
836 2610 907 2664 eum,
918 2599 947 2650 et
961 2593 980 2648 li
1003 2609 1063 2663 are,
1076 2611 1112 2650 ne
1127 2593 1181 2652 sibi
1197 2596 1240 2652 vel
1256 2594 1321 2653 aliis

733 2669 830 2736 posset
841 2681 955 2721 nocere.
992 2665 1020 2721 bi
1029 2664 1106 2722 idem
1117 2667 1235 2723 Bedez«
1247 2668 1323 2725 Vera

732 2736 808 2794 sicut
820 2736 882 2809 ipse
893 2735 962 2793 dicit
974 2735 1044 2794 alibi
1058 2740 1138 2798 :Noa
1150 2744 1190 2795 est
1199 2740 1323 2812 Propbe·
1350 2746 1354 2753 '

733 2813 763 2865 te
780 2812 840 2865 sina
853 2811 964 2877 bonore,
978 2811 1039 2866 atsi
1055 2812 1085 2865 tn
1101 2813 1199 2882 petrin
1212 2828 1274 2880 aaa,
1295 2815 1322 2869 et

732 2884 762 2938 ia
772 2881 851 2938 aomo
861 2897 923 2939 sao.
937 2881 1027 2949 Quem
1037 2880 1114 2939 euim
1126 2883 1225 2954 exteri,
1237 2882 1321 2958 quasi

82 2970 159 3013 mus.
177 2974 192 3009 o
208 2955 289 3011 Unde
302 2959 329 3010 et
343 2955 571 3023 ctrysostomus:
586 2976 601 3006 «
621 2953 675 3011 Ubi
730 2954 884 3010 Auctorem
911 2954 986 3025 vitae,
1009 2958 1038 3010 et
1065 2954 1236 3027 sapientiam
1258 2954 1321 3027 Dei,

82 3025 201 3100 quidem
236 3031 353 3098 propter
380 3025 452 3083 alios
489 3025 537 3083 alii
573 3043 674 3083 curan·
730 3025 809 3083 adire
820 3032 849 3083 et
862 3025 962 3082 audire
977 3023 1156 3097 desiderant3
1170 3030 1246 3085 bunc
1256 3042 1320 3101 pro·

78 3102 140 3169 tur,
163 3113 224 3155 non
239 3095 375 3170 precepit
389 3097 442 3168 eis,
457 3102 488 3155 ut
501 3095 610 3155 nemini
632 3096 675 3155 di·
730 3097 829 3170 pinqui
851 3096 950 3168 ipsius,
966 3099 1048 3168 quasi
1066 3101 1170 3155 mentis
1183 3100 1321 3172 impotem

81 3176 193 3239 serent,
221 3170 306 3241 quale
333 3175 378 3227 est
403 3169 454 3227 ubi
480 3170 578 3227 oculos
607 3168 676 3227 caeci
730 3185 793 3226 esse
812 3168 959 3240 ligandum
974 3168 1143 3226 decernunt.
1162 3169 1322 3241 allegorice

82 3240 147 3300 nati
161 3240 284 3314 aperuit,
304 3244 332 3298 et
349 3241 537 3314 paralyticum
558 3236 676 3312 triginta
731 3248 837 3308 autem,
849 3241 878 3294 iu
887 3256 922 3297 eo
932 3239 1009 3310 quod
1018 3241 1102 3296 turba
1111 3239 1148 3296 ad
1160 3239 1240 3296 illum
1252 3257 1321 3297 con·

82 3317 150 3372 neto
180 3317 208 3370 et
232 3313 315 3370 annis
334 3313 478 3383 jacentem
501 3311 601 3369 erexit.
623 3311 676 3369 Ubi
731 3310 865 3367 veniente
879 3308 1032 3380 frequenti,
1044 3315 1077 3366 ut
1087 3310 1248 3377 furiosus‚a
1263 3310 1323 3368 suls

79 3388 182 3443 autem
205 3400 262 3441 uon
285 3390 403 3456 propter
426 3382 510 3452 alios,
530 3382 581 3439 sed
608 3399 677 3455 pro·
732 3379 934 3449 centemnitur‚
966 3381 1045 3436 salus
1079 3380 1256 3437 credentium
1286 3382 1322 3439 de

81 3459 148 3531 pter
162 3455 298 3523 meritum
314 3453 405 3527 ipsius
421 3459 502 3510 curat
518 3451 676 3523 hominem,
732 3450 870 3509 Gentibus
887 3452 1081 3523 approbatur;
1100 3457 1129 3508 et
1147 3450 1257 3508 invidia
1269 3455 1320 3510 Ju-

103 3526 214 3600 raecipit
229 3527 268 3597 ei,
283 3531 316 3584 ut
329 3524 439 3583 nemini
455 3524 543 3594 dicat,
557 3523 631 3581 sicut
648 3530 679 3582 et
732 3524 862 3580 daeorum
877 3527 906 3579 et
924 3522 1049 3594 pertidia
1060 3526 1186 3591 notatur,
1200 3523 1236 3580 de
1253 3521 1319 3596 qui-

79 3542 199 3673 Peproso
225 3597 382 3656 mandavit.
407 3597 473 3653 ldeo
501 3601 529 3653 et
556 3594 618 3653 istis
641 3597 678 3654 ab
731 3596 785 3653 bus
798 3594 839 3651 ait
851 3596 978 3652 loannes
991 3611 999 3651 τ
1014 3596 1175 3668 inproprie
1189 3597 1275 3660 venit,
1291 3600 1319 3654 et

78 3668 145 3743 ipso
172 3674 279 3729 sanatis
302 3667 448 3743 praecepit,
466 3685 502 3726 ne
526 3667 678 3740 vulgarent
731 3670 778 3724 aaa·
791 3683 853 3723 eam
865 3683 920 3723 aaa
930 3670 1109 3749 receperant:
1125 3686 1140 3721 o
1156 3667 1320 3725 neeman:

74 3756 161 3812 eum,
171 3741 240 3815 quia
253 3745 371 3815 propter
383 3739 461 3813 ipsos
472 3740 548 3798 solos
562 3756 678 3798 curave-
732 3737 869 3797 Similiter
882 3745 912 3795 et
923 3738 1021 3810 bodie,
1031 3738 1081 3811 qui
1092 3739 1129 3796 ad
1142 3741 1321 3812 sequendum

78 3818 204 3872 rateos:
223 3814 290 3888 quia
307 3829 369 3870 non
388 3811 608 3870 estimationem
627 3813 677 3870 bo-
730 3810 878 3870 Cbristum
901 3815 969 3868 sunt
993 3810 1106 3883 remini,
1122 3828 1140 3870 a
1167 3810 1320 3870 mundanis

80 3886 194 3944 minum
212 3885 359 3943 micaculis
372 3886 540 3955 venabatur,
555 3885 607 3942 sed
618 3901 677 3942 cre·
729 3882 896 3942 bominibus
907 3881 1002 3941 insani
1023 3888 1206 3957 reputantur,
1221 3889 1250 3941 et
1267 3898 1321 3955 per

75 3954 216 4015 dentium
230 3956 415 4016 desiderabat
422 3957 544 4017 salutem
560 3976 569 4015 a
587 3977 602 4011 u
613 3957 676 4015 baec
731 3972 781 4014 eoa
796 3960 934 4028 quantum
945 3964 1092 4029 possunta
1104 3957 1180 4013 bono
1195 3954 1320 4011 retinen-

77 4028 307 4100 ·tlllrpaostomae.
729 4032 788 4085 tur.
811 4027 989 4099 Oquantum
1002 4043 1062 4085 uua
1079 4043 1141 4107 non
1152 4025 1216 4107 dico
1236 4040 1319 4081 men·

120 4102 261 4175 7anron
284 4119 379 4160 ranan
392 4106 432 4159 an'
441 4118 601 4160 unumunurn
623 4101 675 4158 Dur
731 4115 812 4170 sura,
832 4098 883 4156 sed
902 4104 985 4172 gutta
1008 4099 1174 4180 buiusmm
1198 4096 1319 4179 valeret,

79 4188 204 4232 mun.
234 4206 270 4215 -
292 4177 330 4231 Et
357 4176 472 4230 cenant
496 4174 537 4230 ad
563 4174 675 4230 domam
731 4186 795 4242 qnae
813 4170 887 4227 hanc
900 4169 1039 4228 insaniam
1058 4168 1224 4225 reduceretl
1247 4167 1319 4224 Feb-

83 4246 241 4316 quamdam
255 4245 292 4303 ad
303 4244 521 4318 hospitandum,
537 4249 564 4301 et
577 4261 674 4303 conoe·
731 4258 789 4324 ces,
805 4243 922 4372 {lim
938 4242 1071 4322 laborant
1085 4237 1198 4320 insania
1211 4257 1217 4307 ;
1239 4245 1271 4295 ut
1285 4239 1321 4297 de

79 4319 129 4375 ait
142 4320 244 4377 iteam
266 4318 359 4388 tarto,
375 4316 412 4377 ad
427 4315 603 4383 audiendum
622 4315 673 4374 Dei
731 4314 789 4371 rllrs
826 4329 864 4371 1c1
878 4316 971 4387 possit
985 4310 1057 4370 illud
1072 4311 1224 4384 Sapientiae
1239 4331 1247 4368 ε
1263 4313 1320 4373 llos
