2880 4942
101 304 150 360 aad

140 413 250 470 &Gaea
269 430 324 469 nou
346 428 434 469 sanun
455 427 568 468 conronr
596 428 692 479 nocer,

103 503 153 543 sun
171 503 202 540 nr
222 502 326 541 nnrnnn
343 502 456 542 ocernrr.
474 515 508 527 -
529 485 585 539 Nec
601 483 693 538 solnm

102 556 217 629 corpori
241 561 359 624 nocent;
381 556 478 612 sedet
501 554 626 611 animam
646 569 694 610 oc-

104 628 213 687 cidunt.
238 629 317 685 Unde
335 627 374 684 ait
394 628 566 695 arenarius:
593 647 607 678 a
623 627 694 682 Dum

105 715 139 757 os
153 700 312 756 delectatur
335 698 365 755 in
384 697 585 767 condimentis,
596 696 695 754 anima

103 776 225 829 necatur
241 770 428 826 comedentis.
456 773 490 826 Et
504 769 568 826 ideo
583 768 632 841 qui
651 785 695 825 sa·

104 843 187 971 fiens
200 847 254 911 est,
265 843 441 914 voluptatem
456 841 584 912 corporis
603 839 632 897 in
644 857 695 897 ro·

118 919 243 986 uptatem
258 913 346 970 animi
363 919 528 971 commutet.
544 933 558 966 n
573 913 653 969 Unde
666 916 695 969 et

105 986 238 1044 Rudanas
266 1003 273 1040 :
301 1008 315 1037 α
345 984 373 1043 Si
400 985 579 1042 dnlcedinem
607 982 696 1040 divini

106 1057 213 1116 amoris
223 1057 348 1128 perfecte
355 1057 525 1129 gustaveris,
538 1057 573 1113 de
587 1061 695 1127 tempo-

108 1128 163 1186 rali
179 1129 328 1186 dulcedine
351 1145 410 1186 non
429 1129 551 1186 curabis.
573 1149 587 1179 n
616 1128 697 1184 Unde

108 1200 196 1258 etiam
220 1202 320 1258 Seneca
345 1217 352 1257 :
378 1223 393 1254 ι(
423 1201 519 1258 Animi
538 1201 698 1274 uoluptates

111 1271 242 1345 quisquis
260 1274 398 1345 sequitur,
419 1281 448 1330 et
464 1274 536 1330 bene
553 1271 697 1343 intelligit,

109 1344 237 1400 omnium
262 1360 397 1402 sensuum
423 1345 699 1402 blandimentacon·

108 1415 251 1473 temnit.»
274 1415 303 1473 Si
323 1432 391 1487 crgo
419 1415 461 1472 sic
489 1416 575 1472 hodie
605 1416 698 1483 tieret,

109 1493 194 1559 prout
203 1491 270 1542 tunc
280 1486 422 1558 discipuli,
435 1491 462 1543 et
471 1486 503 1543 in
512 1487 603 1557 prima
615 1490 699 1542 aetate

110 1557 303 1615 communiter
317 1557 446 1614 homines
470 1557 622 1625 iaciebant,
642 1573 699 1613 non

110 1627 305 1699 indigeremus
330 1634 471 1700 apparatu
509 1645 615 1697 rerum,
647 1644 700 1684 nec

111 1700 299 1770 suppellectili
326 1700 406 1757 varia
435 1705 464 1756 et
484 1716 643 1773 pomposa;
671 1700 700 1756 in

112 1770 218 1843 quibus
241 1788 331 1844 genus
346 1773 503 1828 humanum
519 1779 563 1828 est
583 1770 700 1828 inextri-

112 1841 244 1900 cabiliter
258 1843 431 1901 intricatum.
449 1843 528 1901 Unde
541 1846 700 1915 chrysosto-

114 1931 194 1971 mus:
212 1936 225 1967 a
241 1915 293 1972 Ubi
314 1915 391 1973 euim
411 1932 566 1988 coquorum
579 1933 627 1973 ars
643 1917 701 1973 uti·

113 1985 150 2043 lis
183 1991 227 2043 est
255 1987 364 2045 nobis?
396 1990 553 2059 Nusquam,
581 1989 632 2045 sed
659 1992 704 2045 est

113 2058 198 2115 valde
221 2058 329 2117 inutilis
352 2065 380 2117 et
397 2059 509 2129 nociva,
536 2065 565 2116 et
590 2059 703 2132 corpori

115 2134 145 2187 et
159 2130 263 2188 animm
287 2148 403 2199 nocens,
427 2138 455 2189 et
474 2137 565 2188 mater
580 2138 624 2189 est
640 2131 703 2188 nni·

115 2215 264 2258 versarem
275 2203 702 2274 aegritudinumctpassionum;

116 2275 146 2329 et
160 2272 317 2342 lasciviam,
328 2290 394 2330 curn
406 2275 495 2331 multa
508 2273 704 2331 munificentia

118 2341 237 2398 inducit.
256 2362 270 2397 n
290 2344 370 2400 Unde
396 2351 426 2402 et
442 2346 561 2402 Seneca:
579 2345 634 2401 «Si
653 2362 704 2401 au-

117 2413 179 2470 dire
204 2416 360 2472 numanum
379 2432 472 2498 genus
497 2415 629 2485 voluerit,
645 2420 704 2472 tarn

114 2500 324 2559 supervacuum
348 2493 418 2544 sciet
435 2487 488 2545 sibi
506 2504 628 2559 coquum
642 2504 706 2545 esse

119 2572 206 2642 quam
228 2559 357 2617 militem.
381 2563 443 2618 Non
469 2559 646 2617 desiderabis
659 2577 705 2617 ar·

117 2631 222 2701 trfices,
244 2632 267 2690 si
283 2631 389 2705 quaeris
414 2639 558 2691 naturam.
580 2631 705 2715 Simplici

118 2718 189 2760 cura
203 2710 334 2761 constant
357 2706 527 2773 necessaria,
542 2704 572 2761 iu
597 2704 706 2761 deliciis

119 2773 276 2831 laboratur.
308 2795 322 2828 n
349 2776 429 2832 Unde
454 2777 541 2833 ctiam
571 2778 705 2832 Boetius:

121 2844 177 2901 «Si
190 2846 225 2901 de
242 2863 276 2902 eo
292 2847 368 2917 quod
389 2852 499 2903 naturae
518 2845 586 2902 satis
602 2853 645 2903 est
660 2863 706 2903 re-

119 2915 199 2989 plere
232 2915 419 2988 indigentiam
460 2917 541 2984 velis,
570 2917 640 2973 nibil
665 2923 709 2975 est

119 2992 238 3059 propter
250 2987 326 3058 quud
338 2987 460 3045 lortunae
472 2988 649 3044 alllnentiarn
657 3006 707 3061 ap-

120 3062 221 3131 petas;
238 3057 335 3130 paucis
358 3057 435 3115 enim
456 3059 640 3131 minimisque
655 3078 708 3118 na-

120 3134 186 3186 tura
210 3135 343 3187 contenta
359 3136 411 3188 esi.
436 3132 522 3203 Cujus
537 3131 708 3204 satietatem,

118 3200 144 3259 si
162 3202 315 3274 snperlluis
337 3218 439 3276 urgere
458 3203 538 3274 velis,
561 3209 610 3261 aut
631 3203 709 3278 inju-

120 3275 245 3332 cundum
261 3274 337 3347 qnod
362 3275 510 3344 infuderis,
533 3281 581 3332 aut
595 3275 710 3334 nonium

121 3344 186 3402 erit.
200 3368 215 3397 n
227 3347 317 3414 Quam
329 3353 423 3405 autem
433 3347 552 3404 modicis
563 3349 647 3406 rebus
662 3364 711 3406 na·

120 3419 187 3476 tura
200 3424 335 3476 contenta
345 3420 391 3487 sit,
406 3419 530 3477 ostendit
538 3421 651 3489 Seneca,
662 3419 712 3549 gui

119 3487 204 3546 dicit:
227 3510 241 3544 n
257 3494 365 3548 Panem
382 3497 411 3549 et
424 3508 529 3565 aquam
548 3498 651 3549 natura
682 3509 711 3549 e·

121 3559 229 3617 siderat
243 3580 250 3631 ;
266 3579 351 3621 nemo
366 3564 403 3621 ad
426 3565 488 3622 haec
501 3580 610 3638 pauper
624 3569 677 3622 est.
694 3584 709 3617 n

120 3630 157 3687 Et
170 3635 301 3690 Lucanus
315 3652 322 3690 :

156 3742 260 3796 Discite
273 3757 356 3810 quarn
370 3758 459 3813 paruo
470 3745 552 3800 liceat
562 3743 711 3828 moderere

156 3885 193 3941 Et
206 3888 342 3953 quantum
360 3887 463 3940 natura
473 3890 554 3958 petat
569 3904 577 3940 ε
596 3816 710 3955 immi

512 3957 708 4029 [Cereremque.

120 4064 150 4125 Si
169 4083 236 4124 reno
253 4061 313 4122 istis
326 4065 431 4123 famem
446 4080 497 4138 pro
513 4065 709 4137 condimento,

118 4142 150 4196 at
166 4139 241 4195 salsa
253 4137 413 4207 addiderim
424 4137 497 4195 miro
511 4138 595 4196 modo
608 4137 710 4211 sapida

119 4209 503 4340 instituuntur.
518 4209 707 4339 fliilliiall‘

470 302 580 357 lulum
608 300 722 356 nanus
751 300 858 356 CAPUT
884 301 973 355 lxxi

748 413 793 467 ter
808 409 959 481 sobrieque
984 409 1174 479 conversanti,
1202 409 1275 467 satis
1296 414 1342 467 est

749 483 786 538 ad
801 497 887 539 omne
908 481 1120 538 condimentum
1139 481 1180 538 sal
1206 497 1274 539 cnm
1297 482 1342 538 la·

749 570 805 610 me.
822 555 884 622 Qua
894 553 955 610 sola
968 569 1025 609 non
1036 558 1208 625 exspectata,
1218 569 1342 611 necesse

749 630 792 682 est
803 625 874 682 alias
889 631 974 697 atquc
988 625 1060 682 alias
1071 626 1107 682 de
1122 625 1219 682 nescio
1230 625 1342 708 quibus

749 696 1339 769 succisextraneasconficipermixtrones;

750 785 814 841 quae
834 768 964 825 videlicet
980 774 1008 825 et
1034 769 1160 840 palatum
1189 772 1339 842 reparent,

749 847 777 897 et
792 840 887 911 gulam
900 844 1063 912 provocent,
1075 846 1103 897 et
1117 840 1240 897 excitent
1254 855 1342 913 appo-

749 912 850 969 titum:
865 933 875 962 r
888 913 1124 968 baecllernurdus.
1136 912 1236 984 lgitur,
1251 917 1283 969 ut
1294 911 1340 969 di-

749 983 788 1041 cit
797 985 914 1042 Seneca:
926 1005 941 1035 «
949 983 1146 1056 Voluptatibus
1158 984 1341 1053 resistamus,

750 1054 820 1128 quia
839 1055 949 1112 facilius
973 1072 1029 1112 non
1049 1055 1234 1128 recipiuntur,
1253 1071 1342 1128 quam

750 1133 864 1184 exeunt.
882 1149 897 1179 n
915 1130 948 1183 Et
961 1126 1082 1184 iterum:
1101 1149 1115 1180 κ
1131 1127 1240 1200 Projice
1261 1143 1340 1199 quae-

751 1216 872 1282 cumque
887 1215 936 1255 cor
948 1203 1028 1256 tuum
1039 1199 1149 1256 laniant
1160 1217 1167 1266 ;
1179 1200 1342 1280 voluptates

750 1287 894 1399 Eraecrpne
920 1271 1055 1343 exstirpa,
1073 1277 1102 1327 et
1126 1270 1342 1327 inimicissimas

773 1345 826 1400 abe
846 1359 925 1399 more
940 1343 1093 1411 latronum,
1109 1343 1156 1413 qui
1173 1341 1202 1398 in
1217 1344 1273 1398 boc
1288 1358 1342 1399 nos

752 1417 974 1485 amplectuntur,
990 1420 1021 1471 ut
1045 1414 1265 1485 strangulent.»
1295 1416 1342 1482 Et,

754 1494 785 1544 ut
798 1486 875 1542 idem
890 1484 968 1554 dicit,
985 1487 1021 1542 ad
1036 1487 1145 1543 rabiem
1166 1489 1274 1558 cogunt
1293 1501 1342 1542 vc-

753 1558 816 1614 nire
830 1557 939 1614 deliciae
954 1575 961 1625 ;
978 1563 1009 1613 ut
1024 1557 1159 1630 quidquid
1174 1573 1232 1613 non
1248 1560 1277 1613 et
1290 1573 1342 1614 ro·

753 1630 854 1687 luntati
872 1629 1034 1700 respondet,
1065 1629 1137 1686 iram
1157 1633 1265 1685 evocet.

790 1725 806 1775 9
823 1704 863 1758 An
883 1718 1078 1758 nunnnnnrmuu
1094 1718 1278 1770 rononiense,
1299 1717 1344 1758 ru·

755 1791 824 1830 nana
843 1791 964 1830 oronrnr
979 1790 1154 1829 ocmsrouan.
1171 1803 1204 1814 -
1231 1773 1275 1829 Ad
1294 1773 1343 1828 de·

755 1845 920 1903 bellandum
932 1851 1027 1902 autem
1040 1845 1210 1916 voluptates,
1223 1844 1344 1901 multum

755 1917 831 1973 valet
845 1918 943 1988 lugere
958 1933 1057 1974 carum
1072 1916 1248 1973 occasiones.
1264 1914 1344 1972 Unde

756 1988 832 2045 idem
848 1991 969 2047 Seneca:
996 2011 1010 2041 a
1030 1988 1211 2045 Debellandm
1235 1985 1346 2044 suntin

757 2061 858 2133 primis
880 2063 1051 2133 voluptates,
1071 2065 1101 2116 ct
1119 2059 1189 2116 nibil
1210 2058 1344 2127 delicate,

757 2132 828 2190 nibil
843 2133 967 2189 molliter
983 2131 1159 2200 laciendum3
1176 2129 1221 2187 bis
1235 2129 1343 2202 cogita-

757 2204 883 2260 tionibus
898 2204 1048 2273 intentum,
1064 2204 1126 2260 loca
1145 2202 1220 2260 scria
1232 2206 1345 2259 sancta-

758 2291 813 2347 que
832 2276 937 2348 eligere
956 2280 1076 2347 oportet.
1107 2274 1261 2332 Effeminat
1283 2272 1345 2330 ani·

758 2362 821 2403 mos
835 2347 988 2404 amoenitas
1003 2346 1108 2415 nimia,
1125 2363 1177 2403 nec
1194 2345 1279 2402 dubie
1293 2343 1345 2402 ali·

758 2417 826 2490 quid
837 2418 1122 2490 adcorrumpendum
1133 2416 1347 2491 vigoremregio

758 2495 862 2563 potest.
878 2509 893 2543 n
910 2491 965 2547 Sed
1010 2490 1106 2547 uidam
1122 2496 1288 2548 excusantes
1303 2504 1346 2559 se,

759 2561 866 2631 dicunt,
892 2561 961 2635 quia
988 2507 1096 2618 icones
1115 2566 1194 2629 sunt;
1221 2567 1249 2617 et
1300 2558 1348 2617 uia

760 2633 883 2691 assuetis
897 2650 995 2690 carere
1011 2650 1069 2690 non
1087 2637 1216 2705 possunt.
1240 2631 1292 2701 Qui
1314 2646 1348 2689 us

759 2706 836 2763 idom
850 2708 950 2764 Seneca
961 2705 1123 2776 respondet,
1140 2706 1252 2761 dicens:
1268 2726 1282 2756 «
1298 2703 1349 2760 Oc-

760 2794 859 2834 curres
871 2779 924 2833 hoc
937 2777 1001 2835 loco
1018 2776 1086 2833 mibi
1102 2777 1152 2832 illa
1163 2792 1232 2833 roca
1243 2794 1249 2832 :
1261 2774 1349 2832 nimis

760 2848 834 2905 dura
848 2848 993 2921 praecipis;
1012 2864 1065 2905 nos
1080 2848 1285 2905 homunciones
1299 2863 1350 2904 su·

761 2936 835 2988 mus,
849 2921 946 2976 omnia
961 2919 1044 2976 nobis
1059 2936 1165 2993 negare
1180 2937 1237 2976 non
1248 2934 1349 2992 possu-

761 3008 834 3048 mus.
852 2991 912 3047 Scis
926 3008 1013 3063 quare
1028 3008 1084 3048 non
1099 3008 1251 3064 possumus
1265 2989 1349 3047 ista?

761 3062 834 3132 Quia
847 3079 899 3119 nos
919 3079 1002 3135 posse
1022 3080 1080 3120 non
1099 3063 1251 3120 credimus.
1269 3060 1350 3119 Nolle

761 3134 793 3191 in
803 3141 941 3191 causaest
951 3153 958 3202 ;
969 3152 1025 3191 non
1036 3151 1118 3207 posse
1128 3133 1325 3208 praetenditur.
1335 3152 1350 3187 n

761 3208 794 3263 Et
813 3206 935 3263 iterum:
954 3229 968 3258 «
997 3207 1145 3264 Molestum
1160 3212 1213 3274 est,
1242 3204 1350 3277 inquis,

763 3294 861 3335 carere
882 3278 1003 3335 assuetis
1032 3279 1232 3350 voluptatibus,
1260 3275 1351 3333 absti-

763 3366 832 3407 nere
847 3350 921 3419 cibo,
940 3350 1030 3419 sitire,
1045 3350 1163 3407 esurire.
1179 3352 1245 3406 llaec
1257 3346 1353 3421 prima

764 3421 936 3479 abstinentia
950 3421 1049 3494 gravia
1061 3429 1138 3490 sunt,
1150 3421 1254 3477 deinde
1267 3419 1350 3493 cupi·

764 3494 839 3551 ditas
861 3493 1063 3565 relanguescit,
1077 3493 1144 3549 inde
1159 3507 1291 3550 morosus
1307 3494 1352 3548 est

765 3566 942 3634 stomachns3
961 3565 1026 3621 inde
1053 3563 1156 3637 quibus
1170 3563 1224 3620 luit
1237 3562 1349 3633 aridus,

764 3637 816 3694 tibi
825 3636 921 3693 odium
935 3644 988 3704 est,
1001 3635 1143 3693 desideria
1152 3638 1213 3707 ipsa
1225 3633 1352 3692 moriun-

764 3712 820 3764 tur.
830 3711 891 3764 Non
906 3714 949 3764 cst
962 3710 1096 3764 acerbum
1111 3723 1209 3763 carcre
1226 3723 1260 3763 eo
1275 3704 1353 3778 quod

765 3795 870 3850 cupere
885 3779 1013 3836 desieris.
1030 3778 1274 3847 Quemadmodum
1287 3792 1353 3850 per·

765 3849 900 3906 niciosior
919 3857 962 3906 est
984 3850 1074 3907 bostis
1095 3850 1285 3922 fugientibus;
1313 3848 1354 3907 sic

765 3937 850 3979 omne
863 3921 1075 3979 incommodum
1095 3921 1186 3994 magis
1203 3921 1292 3978 instat
1306 3935 1353 3979 ce·

766 3993 846 4052 denti
860 3998 889 4050 et
901 4010 1019 4051 averso:
1036 4015 1050 4046 n
1062 3995 1123 4051 haec
1133 3996 1246 4052 Seneca.
1262 3995 1354 4066 Expe-

765 4065 808 4121 dit
819 4070 914 4122 antem
929 4070 959 4122 ut
981 4083 1038 4122 non
1051 4066 1144 4124 solnm
1157 4065 1185 4121 in
1211 4064 1354 4133 delicatis,

765 4137 816 4195 sed
843 4135 929 4194 etiam
949 4139 978 4193 in
999 4137 1102 4194 vilibus
1127 4137 1199 4195 escis
1218 4135 1352 4209 concupi·

765 4208 873 4267 scentia
887 4208 1050 4267 inordinata
1068 4209 1182 4278 vitetur,
1197 4208 1233 4265 ad
1249 4223 1354 4266 caren-

764 4281 833 4339 dum
852 4297 991 4351 murmur,
1012 4297 1067 4354 qno
1083 4283 1157 4338 Deus
1172 4279 1294 4337 multum
1311 4278 1354 4337 of·
