2880 4942
55 354 90 419 1?
135 350 185 405 tte

136 474 183 515 res
203 454 308 513 inllrmi
335 455 441 512 habere
456 455 557 510 solent.
582 457 615 511 Et
629 458 724 510 statim

136 548 221 587 sanas
235 533 327 598 secatus
346 534 385 582 cst
400 530 477 581 leonto
493 529 549 590 illa,
567 527 632 598 quia
652 527 724 581 «ln-i·

135 620 173 659 na
188 603 276 657 virtus
301 600 411 655 irrlinita
435 604 488 665 est,
504 605 532 653 et
556 598 584 653 in
608 598 724 654 instanti

137 679 282 746 operatur,
294 673 401 727 sanitas
421 676 516 726 autem
538 686 601 741 que
621 670 726 727 uirtute

139 754 247 802 tratura·
265 746 432 804 restituam,
446 741 474 797 in
488 748 615 814 tempore
629 749 682 799 est.
698 748 725 798 et

138 834 194 873 uon
212 816 241 871 in
258 815 373 870 instanti
387 813 556 885 acquiritur:
569 820 593 870 et
601 816 726 882 sustulit,

137 905 188 944 seu
204 890 326 959 portarit
343 886 491 953 grabatum
510 902 600 956 statam,
617 892 642 942 et
663 903 728 940 um-

140 960 264 1023 bulnhnt,
281 957 309 1014 in
326 958 438 1029 signum
455 958 592 1015 restitutae
606 957 727 1014 virtutis.

138 1034 171 1087 Et
186 1031 225 1087 sie
245 1032 340 1102 portat
358 1029 500 1102 penitens
520 1046 592 1086 onus
609 1029 727 1102 peccati,

138 1094 250 1174 in‘quo
274 1101 353 1174 prius
379 1102 528 1173 requievit,
555 1102 669 1173 quando
689 1101 729 1156 in·

137 1176 265 1247 junctam
278 1173 330 1229 sibi
344 1189 395 1247 pro
408 1179 523 1245 peecata
533 1173 729 1245 penitentiam

138 1246 255 1314 suliert3
272 1251 299 1301 et
315 1246 452 1313 ambulat,
469 1246 540 1301 sieut
557 1247 646 1317 gradu
667 1261 729 1300 cor-

140 1318 229 1389 poris,
245 1317 285 1373 ita
296 1324 425 1388 prolecta
438 1317 559 1373 uelutis.
576 1319 730 1373 tirabatum

141 1390 227 1449 ellim.
244 1389 272 1443 iu
289 1405 344 1460 quo
357 1390 432 1459 jacet
452 1395 593 1459 peccator,
610 1394 651 1444 cst
670 1405 732 1460 pec·

142 1461 196 1517 cuti
218 1459 391 1515 delectatio:
409 1460 475 1530 quia
489 1459 624 1525 tptrarudiu
646 1461 731 1515 bomo

143 1537 276 1603 portatur
296 1532 332 1585 ab
356 1530 410 1585 islo
438 1533 569 1601 grabato,
588 1531 630 1586 rel
646 1532 682 1586 tle
697 1547 730 1586 eo

142 1618 260 1673 surgere
277 1618 333 1657 uon
350 1606 451 1671 potest,
464 1602 595 1658 intirmus
610 1608 649 1657 est
662 1623 670 1663 ς
683 1601 731 1657 sed

142 1688 206 1729 cum
222 1674 311 1743 surgit
321 1673 356 1728 de
371 1690 405 1729 eo
421 1680 448 1728 et
463 1679 555 1745 portal
571 1691 647 1739 erim,
665 1679 732 1728 tuuc

141 1750 186 1801 est
202 1746 332 1816 perlectae
353 1745 507 1800 curationis
527 1749 649 1816 siguum
666 1746 731 1813 Sed,

142 1815 214 1873 heu!
240 1816 383 1872 multoties
409 1817 562 1889 impeditur
588 1819 672 1873 lromo
698 1834 732 1872 ne

143 1893 238 1959 portet
257 1890 405 1960 grabatum
423 1906 516 1954 suum,
537 1896 654 1962 prepter
671 1905 733 1961 pec-

143 1960 197 2017 cati
216 1959 462 2017 cousuetudinem.
485 1961 529 2017 Sic
545 1978 611 2034 ergo
628 1962 732 2017 lactum

143 2038 187 2088 cst
200 2032 378 2099 miraculum,
400 2032 518 2089 otiatus
537 2032 567 2089 iu
582 2032 687 2101 aniana,
705 2037 733 2088 ct

145 2104 267 2159 euterius
282 2104 310 2159 iu
323 2121 451 2176 corpore.
464 2105 505 2159 ,ld
518 2105 640 2161 litteram
675 2104 733 2176 uip-

146 2191 181 2246 pe
200 2175 336 2247 praecepit
361 2182 391 2231 ut
418 2183 558 2247 surgeret,
576 2182 605 2232 et
622 2122 731 2231 tolleret

144 2247 295 2317 grabatum
312 2251 340 2301 et
355 2248 533 2314 ambularct3
551 2253 581 2302 ut
594 2248 732 2303 ostende-

146 2320 190 2371 ret
210 2317 361 2386 perfectam
386 2320 537 2373 sanitatem
559 2318 665 2373 bomini
682 2334 733 2375 re-

146 2386 285 2444 stitutam.
297 2389 327 2443 lu
340 2388 470 2445 omuibus
485 2388 560 2445 euim
578 2388 732 2459 miraculis,

145 2458 303 2515 secuudum
332 2458 419 2531 ipsius
445 2466 555 2517 nattum
583 2462 732 2533 optimum,

146 2531 282 2588 boninus
298 2548 370 2603 opus
386 2531 452 2588 lecit
471 2534 641 2604 perlectum,
661 2535 734 2590 sicut

145 2603 180 2659 de
196 2619 270 2676 aqua
285 2605 440 2675 perlectum
455 2603 520 2661 lecit
535 2605 648 2671 riuum;
666 2605 734 2677 quia

148 2674 196 2731 ilci
219 2676 344 2747 perlecta
373 2681 441 2732 sunt
468 2693 564 2759 opera,
584 2677 733 2733 Nihilomi-

145 2762 199 2802 nus
213 2752 310 2802 tamen
330 2748 390 2803 berc
416 2747 515 2804 triam
530 2749 734 2819 justificatione

147 2817 282 2889 praecepit
307 2817 464 2889 peccatoris
496 2839 504 2874 ε
529 2820 631 2890 prime,
659 2821 734 2892 quod

146 2894 253 2957 surgat,
271 2888 431 2944 recedendo
447 2905 463 2944 a
479 2890 617 2962 peccatis;
632 2907 733 2947 secuu-

147 2958 194 3027 do,
207 2965 235 3039 ut
250 2957 328 3039 tollat
339 2961 499 3030 grabatum,
511 2962 651 3032 portando
663 2979 734 3019 onus

147 3033 324 3101 prenitentes
341 3046 390 3100 pro
406 3047 458 3099 eo;
476 3032 569 3101 terlio,
585 3038 614 3087 ut
628 3035 734 3090 ambu-

150 3104 200 3169 let,
214 3100 389 3171 prollcicudo
406 3103 433 3158 in
448 3104 600 3174 liotrum,ct
610 3104 645 3160 de
659 3106 734 3162 bono

84 3198 87 3206 ·
147 3170 177 3228 in
188 3171 335 3241 melius,et
346 3175 449 3241 eundo,
459 3180 489 3231 ut
500 3176 692 3247 prescribitur
705 3177 735 3234 iu

151 3245 274 3314 Psalmo,
290 3245 324 3301 de
340 3245 442 3303 virtute
462 3249 489 3303 in
506 3247 647 3305 virtutem.

183 3321 198 3371 5
215 3318 376 3385 l'attsurqtcr
392 3337 533 3375 reinissum
546 3339 579 3376 ,tu
596 3339 734 3377 rnnsnrn-

147 3406 256 3445 usurum
271 3409 297 3445 rs
310 3408 443 3447 carcrisiam:
456 3411 506 3447 uos
515 3410 607 3448 uticae.
621 3395 735 3450 -Con-

124 3460 240 3543 'sidera
260 3461 304 3517 bic
319 3464 395 3534 quod
419 3464 617 3535 trigintaocto
642 3481 734 3521 aranos

146 3538 202 3588 rste
222 3531 352 3589 infirmus
368 3535 499 3603 habebat,
516 3540 654 3593 ettamen
675 3554 733 3593 nou

147 3602 332 3674 desperabat;
348 3604 377 3660 ln
407 3624 461 3677 quo
476 3609 673 3679 peccatoribus
690 3625 733 3664 ea-

148 3673 274 3743 emplum
291 3678 373 3730 cletta·
386 3678 540 3748 patientiae,
552 3685 580 3734 ct
591 3687 621 3736 ut
631 3696 734 3752 perse-

146 3750 279 3799 veranter
307 3745 413 3802 instent
439 3751 572 3819 orationi,
594 3768 656 3807 cum
685 3768 734 3823 spe

146 3814 248 3871 salutis
265 3821 472 3887 consequendae
492 3822 527 3876 ab
548 3838 580 3876 co
603 3823 650 3893 qui
669 3823 732 3878 ait:

146 3889 233 3943 Petite
246 3892 271 3942 et
283 3888 398 3942 citabitur
412 3892 498 3955 uobis,
514 3896 627 3961 querite
643 3898 668 3948 rt
685 3898 733 3949 in-

147 3963 273 4022 venietis
295 3961 406 4031 pulsate
432 3967 457 4017 et
483 3966 622 4034 aperietur
645 3967 731 4024 robis.

147 4032 225 4089 Unde
253 4033 457 4102 Cbrpsostnnras
486 4054 495 4089 ε
526 4057 540 4085 «
570 4037 734 4093 Ostenditur

145 4104 282 4173 patientia
300 4104 461 4176 paralytiei3
479 4105 597 4177 triginta
614 4109 733 4166 enimet

147 4180 211 4230 orto
226 4192 315 4233 atinus
331 4192 448 4234 maueus
464 4177 518 4247 lric,
534 4184 562 4234 et
577 4181 731 4237 secuudum

126 4260 376 4320 mittamquemque
397 4266 502 4306 atinum
525 4249 597 4308 alios
616 4252 731 4325 quidem

148 4323 245 4375 erutus
267 4319 376 4389 oileus,
397 4322 522 4394 seipsam
547 4338 613 4380 sero
637 4325 733 4381 deten-

478 345 587 401 rutile
615 347 732 401 lauris
760 344 863 399 (ῙᾸΡΠ
890 341 1028 397 exstiti

782 458 840 510 tum
862 449 1042 523 egritudine,
1068 463 1162 520 neque
1188 446 1229 503 ita
1256 444 1373 514 recedit,

783 542 873 596 neque
899 521 1068 594 desperarit.
1090 525 1122 577 [t
1151 519 1293 576 nimirum
1321 534 1374 574 nen

782 600 873 653 solum
889 594 1099 667 preteritorum
1119 591 1251 659 tristitia,
1280 591 1374 647 sedet

783 671 940 725 sutrinorum
962 666 1132 737 desperatio,
1146 663 1298 720 sufficiens
1316 667 1373 719 erat

783 757 858 805 eum,
874 738 927 795 nisi
951 746 1062 810 patiens
1087 743 1173 805 esset,
1196 734 1317 807 abigere
1340 734 1372 790 ab

784 814 835 869 bec
852 811 923 867 loco.
938 811 992 868 Sed
1008 818 1074 866 tunc
1088 809 1204 881 quidem
1221 805 1373 863 infirmitas

784 883 1018 956 impedimentum
1038 880 1143 937 volenti
1159 878 1257 937 curari
1273 879 1371 944 tiebat;

785 973 859 1012 num
879 962 973 1011 autem
993 959 1094 1027 potens
1116 951 1315 1078 unusquisque
1333 955 1372 1031 est

785 1028 930 1084 accedere.
948 1030 1008 1082 Non
1023 1025 1100 1082 euim
1115 1026 1199 1096 Auge
1212 1038 1247 1079 us
1260 1027 1313 1089 est,
1328 1036 1373 1092 qur

786 1101 891 1165 turbat,
921 1098 970 1156 sed
994 1098 1166 1168 Angelorum
1194 1096 1371 1160 Dominater,

786 1171 833 1226 cui
858 1171 955 1227 omnia
975 1174 1118 1242 operatur.
1140 1170 1202 1224 Nou
1229 1171 1275 1223 est
1301 1179 1372 1221 nuuc

786 1189 880 1299 elicere
904 1261 911 1297 ι
939 1243 1116 1299 laborantem
1143 1239 1291 1296 hominem
1317 1252 1371 1292 uon

788 1316 889 1381 balteo,
905 1319 1019 1370 nonest
1035 1312 1130 1368 dicere
1146 1328 1153 1366 :
1171 1311 1240 1367 dum
1255 1325 1310 1381 ego
1327 1308 1371 1364 de

788 1387 923 1443 scendere
947 1386 1039 1454 renio,
1054 1385 1128 1441 alius
1151 1389 1219 1438 ante
1250 1397 1297 1437 me
1322 1380 1373 1435 de·

788 1458 913 1527 srendit;
942 1459 991 1514 sed
1020 1463 1049 1512 ct
1076 1456 1099 1512 si
1127 1454 1205 1512 orbis
1230 1457 1372 1509 terrarum

789 1532 936 1586 universus
956 1528 1058 1592 ventat,
1074 1526 1166 1601 gratia
1189 1542 1248 1581 uon
1272 1538 1373 1580 censu·

789 1602 885 1671 mitur,
903 1618 993 1673 neque
1011 1600 1085 1657 actio
1101 1599 1209 1663 llnitur,
1226 1596 1277 1653 sed
1291 1593 1372 1651 simul

789 1680 894 1741 manet,
916 1681 944 1729 et
963 1673 1027 1729 talis
1047 1671 1139 1740 qualis
1162 1676 1229 1727 ante
1254 1669 1330 1733 hoe,
1348 1671 1375 1721 et

789 1746 860 1802 sicut
876 1745 983 1801 solares
998 1744 1129 1815 radiiper
1144 1752 1374 1812 unamquamque

789 1816 950 1873 illuminant
969 1816 1055 1880 diem,
1075 1821 1102 1873 et
1123 1831 1181 1870 non
1201 1824 1374 1869 consumun-

789 1895 845 1957 tur,
861 1905 952 1959 uequc
967 1905 984 1944 a
999 1889 1089 1944 multa
1110 1884 1375 1965 largitioneminer

788 1961 854 2017 solis
874 1962 904 2015 tlt
924 1961 979 2027 lux,
997 1960 1078 2016 itaet
1094 1959 1182 2015 multo
1198 1971 1291 2027 magis
1307 1956 1373 2025 Spr-

789 2032 859 2089 ritus
872 2033 946 2089 actio
962 2032 990 2088 iu
1015 2032 1091 2088 nullo
1108 2031 1246 2086 rnirruitur
1262 2043 1281 2083 a
1299 2024 1374 2081 mul-

788 2103 910 2162 titudiue
934 2120 1043 2172 eorum,
1060 2102 1106 2175 qui
1128 2100 1279 2175 potiuntur
1297 2112 1342 2181 ea.
1359 2115 1373 2147 n

789 2179 822 2233 Et
832 2176 934 2234 iterum
947 2193 954 2231 ι
968 2197 982 2227 «
994 2177 1210 2237 Erubescamus,
1226 2171 1335 2253 dilecti,
1347 2173 1374 2252 et

788 2248 1007 2319 ingemiscamus
1022 2247 1050 2303 in
1068 2247 1156 2303 multa
1172 2243 1294 2325 desidia,
1309 2243 1374 2297 Tn-

788 2320 869 2391 giuta
882 2329 910 2377 et
921 2324 985 2375 octo
999 2335 1091 2376 annes
1100 2318 1222 2375 babebat
1237 2317 1374 2394 assistetis

789 2385 1372 2464 Wfflfflmmwmfflm

789 2479 852 2535 que
870 2465 999 2530 relebat;
1016 2468 1045 2519 et
1061 2478 1115 2517 non
1130 2459 1302 2534 potiebatur,
1320 2470 1375 2512 nou

790 2551 807 2592 a
819 2535 935 2618 propria
947 2533 1132 2606 negligentia,
1143 2533 1192 2588 scd
1202 2528 1375 2603 prepeditus

790 2609 826 2664 ab
842 2608 916 2676 altis,
937 2612 964 2664 et
991 2608 1047 2661 rim
1077 2608 1188 2677 patiens
1204 2620 1210 2658 :
1227 2607 1256 2659 et
1285 2614 1375 2672 neque

790 2679 829 2735 ita
856 2681 994 2751 torpebat.
1018 2679 1074 2733 Nos
1102 2680 1208 2740 autem,
1231 2674 1256 2730 si
1278 2674 1375 2753 decem

791 2751 891 2808 dicbus
909 2749 1093 2807 assiderimus
1108 2747 1235 2805 studiose
1252 2761 1303 2828 pro
1318 2744 1375 2800 alt-

792 2839 846 2894 quo
863 2828 1006 2894 rogantes,
1023 2829 1051 2877 et
1068 2838 1124 2877 non
1135 2818 1216 2893 potiti
1227 2818 1374 2882 luerrmus,

791 2894 961 2966 negligimus
976 2894 1011 2950 de
1024 2893 1134 2965 reliquo
1149 2891 1250 2947 eodem
1266 2889 1306 2945 uti
1322 2890 1376 2969 stu·

790 2966 848 3022 die.
863 2968 896 3021 Et
909 2964 1073 3022 hominibus
1088 2969 1167 3020 tauto
1180 2961 1296 3034 quidem
1307 2974 1375 3040 asst-

790 3037 891 3094 demus
907 3042 1034 3109 tempore
1045 3035 1211 3102 militantes,
1225 3037 1253 3089 et
1266 3032 1374 3113 aillietr,

790 3116 818 3165 et
835 3108 863 3164 in
877 3109 933 3165 llue
946 3107 1089 3165 multoties
1102 3108 1137 3164 ab
1151 3106 1213 3178 ipsa
1232 3120 1245 3160 s
1297 3118 1375 3184 excr-

790 3181 907 3247 dentes3
938 3177 1113 3236 Dominatori
1140 3194 1206 3234 vero
1232 3178 1375 3242 cementi,

790 3250 837 3309 ubi
845 3251 961 3308 omuino
971 3257 1013 3307 est
1021 3251 1146 3320 recipere
1158 3247 1376 3305 retributionem

791 3324 880 3379 mtrlte
898 3324 1036 3396 majorem
1051 3321 1206 3389 laboribus,
1223 3336 1280 3375 non
1295 3317 1375 3400 susti·

791 3412 890 3451 nemus
906 3396 1032 3452 assidere
1047 3410 1110 3451 cum
1125 3390 1236 3449 decenti
1262 3388 1373 3448 studrol

791 3469 824 3522 ut
838 3475 943 3538 quanto
968 3469 1028 3524 baec
1046 3464 1213 3539 supplicatio
1226 3462 1332 3535 digna?
1344 3463 1375 3516 ut

790 3538 813 3594 si
835 3539 902 3594 nibil
919 3539 1064 3610 suscipere
1085 3544 1170 3606 esset,
1195 3537 1248 3591 boc
1272 3535 1375 3616 ipsum,

790 3609 897 3665 scillcet
911 3611 1043 3666 continue
1066 3608 1092 3666 ei
1111 3608 1199 3680 loqui,
1215 3622 1312 3663 noune
1327 3620 1375 3661 ru-

792 3680 880 3735 tlnitis
892 3681 1011 3751 dignum
1029 3681 1110 3737 bonis
1125 3687 1201 3737 esset
1215 3677 1377 3737 estimare?

792 3752 846 3809 Sed
863 3751 1046 3822 laboriosum,
1058 3753 1110 3821 ais,
1123 3751 1258 3809 contiuua
1274 3750 1374 3808 oratio.

790 3826 824 3880 bt
842 3840 904 3895 quur
935 3823 984 3879 tibi
1011 3824 1104 3895 gratia
1122 3823 1220 3896 utique
1240 3829 1326 3894 esset,
1345 3827 1377 3878 ut

791 3896 816 3966 ej
822 3912 852 3951 us
866 3893 905 3951 rei
920 3896 1078 3967 susciperes
1093 3896 1264 3963 mercedem,
1281 3895 1304 3951 si
1319 3909 1376 3950 non

791 3966 934 4023 laboriosa
960 3968 1021 4023 baso
1052 3984 1097 4025 res
1123 3968 1218 4024 esset?
1237 3966 1375 4035 Quoniam

791 4042 866 4095 circa
895 4038 944 4094 illa
976 4040 1065 4109 stragis
1096 4041 1192 4096 anima
1221 4039 1376 4096 affectuose

791 4111 960 4182 disponitur,
976 4126 1025 4180 pro
1055 4112 1157 4182 quibus
1172 4110 1314 4167 laboravit
1334 4125 1341 4165 :
1359 4130 1374 4159 u

790 4183 851 4238 baec
871 4184 1087 4250 ctrpsostomas.
1109 4183 1265 4240 Considera
1290 4181 1375 4239 etiam

789 4253 864 4325 quod
879 4253 950 4309 sicut
969 4255 1105 4311 [lominus
1126 4253 1273 4327 requisivit
1295 4253 1375 4310 intir-

789 4341 878 4395 mum,
894 4325 917 4382 si
933 4324 1017 4382 vellet
1035 4342 1122 4383 sauus
1139 4326 1216 4391 lleri;
1234 4325 1273 4381 ita
1293 4324 1376 4382 nobis
