2880 4942
383 353 426 408 Db
456 354 647 412 italarum
674 357 708 412 lit
733 355 900 412 tbiaasis
928 357 1089 412 dinetus.
1321 353 1366 431 ᾧ,

104 459 707 532 deoperibus,quiaperlectioestassimila·

106 534 148 591 tio
158 532 301 605 magistri.
312 533 392 589 Unde
408 533 517 591 Dedezii
533 535 561 591 Si
572 536 706 605 Magister

105 620 166 663 non
179 620 246 660 suas
261 605 323 659 vult
346 603 491 662 vindicare
509 607 632 677 iuJurias
654 607 705 678 qni

105 677 183 734 Deus
197 683 250 743 est,
272 677 321 731 sed
338 677 413 745 ipsos
427 678 537 733 mavult
551 677 704 734 insectato-

104 763 152 805 res
174 747 311 820 patiendo
327 748 449 803 reddere
465 748 609 819 mitiores;
627 766 704 806 eam·

105 819 172 876 dem
194 835 313 876 necesse
336 826 378 874 est
403 819 612 891 dissipationi
640 821 704 892 puri

103 890 236 948 homines
246 898 322 959 sunt,
337 896 368 945 ut
382 893 509 961 regulam
525 892 705 964 perfectionis

104 968 282 1035 sequantur:
299 984 313 1015 o
330 964 391 1018 liaec
413 963 499 1019 Dedo.
525 965 584 1019 Moc
606 969 704 1020 autem

105 1033 215 1091 dictum
235 1034 347 1090 Domini
374 1036 404 1089 iii
424 1034 569 1106 proposito
593 1050 635 1091 est
654 1051 703 1091 ve-

105 1120 186 1176 rum,
202 1105 251 1161 ubi
270 1106 352 1162 dese
372 1105 508 1177 loquitur,
529 1107 579 1177 qui
593 1109 702 1163 estMa-

106 1178 198 1249 gistcr
205 1183 234 1232 et
242 1179 391 1245 Dominus,
403 1178 460 1232 imo
468 1179 551 1233 Pater
559 1179 701 1234 omnium:

107 1263 140 1304 se
155 1248 230 1304 enini
242 1248 310 1304 dicit
325 1249 490 1319 Magistrum
501 1257 530 1304 et
539 1251 700 1318 Dominum,

106 1319 258 1390 Apostolos
271 1327 367 1376 autem
384 1327 414 1376 et
427 1336 525 1377 eorum
542 1322 701 1378 imitatores

107 1406 199 1463 usque
222 1391 258 1447 ad
278 1392 364 1447 linem
384 1393 472 1448 seculi
493 1392 561 1447 dicit
575 1392 701 1463 discipu·

104 1461 167 1518 lum
187 1467 216 1518 et
244 1479 368 1519 serium.
400 1465 488 1535 liujus
516 1465 645 1535 Magistri
673 1472 702 1521 et

103 1534 221 1590 Domini
235 1535 354 1591 imitatio
368 1535 543 1591 esthamana
552 1536 699 1607 perfectio.

104 1605 187 1663 Unde
201 1605 242 1662 ait
255 1607 449 1675 Augustinus:
463 1627 477 1659 ii
494 1608 609 1664 Summa
622 1607 702 1664 Cbri-

103 1675 208 1734 stianae
233 1678 378 1751 religionis
407 1685 450 1734 est
478 1677 583 1734 imitari
615 1696 701 1751 quem

105 1748 185 1806 colis.
196 1770 211 1800 s
228 1751 290 1805 Non
303 1758 397 1805 autem
414 1750 483 1805 dicit
497 1751 551 1806 hoc
566 1752 702 1808 Dominus

104 1819 141 1875 de
165 1821 242 1889 alio;
263 1820 287 1877 si
310 1824 385 1877 euim
415 1821 550 1894 magister
569 1823 701 1880 indoctus

101 1889 204 1961 merit,
222 1909 280 1948 non
292 1893 397 1948 sollieit
410 1893 548 1964 discipulo
567 1895 701 1965 ignoran-

104 1961 147 2020 tia
160 1963 299 2036 magistri.
316 1972 344 2020 et
357 1967 380 2020 si
395 1967 528 2022 dominus
541 1967 627 2021 miser
640 1965 700 2022 iue-

103 2034 154 2103 rit,
174 2050 234 2091 non
248 2035 355 2092 suflicit
373 2052 455 2092 servo
477 2038 592 2092 miseria
607 2037 699 2094 domi-

104 2105 146 2162 ni.
159 2108 221 2175 Vel,
233 2108 388 2163 secundum
404 2109 633 2178 chrysostomum,
643 2125 701 2165 non

104 2180 265 2235 secundum
290 2196 323 2234 ea
347 2195 410 2247 guae
435 2196 500 2236 raro
521 2181 700 2252 contingunt,

104 2249 157 2306 sed
170 2250 208 2307 ab
222 2250 411 2321 amplioribus
423 2258 453 2307 ct
463 2252 499 2308 ab
511 2253 553 2307 his
564 2267 627 2323 quae
636 2262 702 2308 sunt

104 2320 136 2377 in
160 2321 301 2393 pluribus,
328 2325 445 2392 suscipit
468 2321 604 2380 Dominus
627 2325 701 2382 hunc

103 2408 278 2450 sermonem.
294 2396 329 2450 Et
342 2396 422 2450 addit
436 2413 442 2450 :
460 2397 569 2467 Sicrgo
580 2400 701 2467 patrem·

102 2466 243 2535 (emilius,
256 2466 397 2536 idestine,
410 2467 458 2539 qui
474 2471 620 2538 paternam
632 2485 701 2541 gero

103 2535 337 2605 sollicitudinem,
362 2540 449 2608 patris
470 2538 578 2595 babens
602 2547 699 2596 aucto-

102 2608 231 2677 ritatem,
245 2611 393 2665 Beelzebub
414 2614 590 2677 uocauauat,
608 2611 636 2665 id
659 2616 702 2667 est

103 2693 151 2735 me
175 2685 288 2750 operari
317 2680 347 2737 in
371 2681 529 2737 Beelzebub
558 2681 699 2752 dixerunt,

104 2756 316 2822 quantomagis
332 2754 491 2809 domesticos
505 2753 575 2822 ejus,
593 2752 701 2810 scilicet

103 2837 166 2892 iios,
183 2822 214 2878 in
226 2824 279 2879 hoc
294 2828 379 2880 etiam
391 2822 602 2882 dillamabunt?
620 2826 700 2892 Quod

103 2895 184 2950 enim
197 2897 324 2965 Apostoli
343 2901 468 2951 tacerent
482 2895 619 2953 miracula
641 2899 700 2952 vir-

104 2969 167 3022 tute
192 2966 342 3035 daemonis,
362 2983 436 3037 saepe
458 2968 591 3023 dixerunt
610 2967 700 3024 Judaei

107 3041 138 3092 et
152 3037 289 3107 Gentiles,
311 3049 341 3094 ut
356 3045 433 3108 patet
456 3037 651 3110 multipliciter
668 3056 701 3095 ex

105 3108 306 3180 Apostolorum
322 3110 468 3181 tegendis
479 3112 540 3166 Non
554 3127 622 3183 ergo
635 3112 703 3167 boni

109 3180 274 3237 contristari
290 3182 405 3240 debent.
420 3184 442 3237 si
458 3183 531 3238 torte
551 3184 587 3238 ab
601 3183 702 3254 aliqui-

108 3251 163 3309 bus
176 3256 272 3324 piaiis
292 3254 456 3310 bominibus
476 3254 537 3309 sine
558 3254 640 3325 culpa
653 3255 702 3310 de-

107 3323 243 3380 trabatur
261 3325 312 3393 eis,
328 3327 396 3394 quia
421 3326 458 3380 ad
477 3326 701 3381 consolationem

104 3401 233 3454 nostram
246 3411 298 3452 sua
310 3398 445 3453 Dominus
456 3396 703 3466 opprobriaaddo·

105 3482 173 3523 cere
194 3466 395 3539 dignatusest,
411 3471 526 3523 dicens:
544 3469 703 3538 Sipotrem-

104 3539 235 3607 familias
249 3541 398 3594 Beelzebub
411 3543 586 3602 uocauerunt,
598 3545 701 3608 guanto

106 3612 200 3679 magis
227 3610 387 3666 domesticos
411 3612 499 3682 ejus?
526 3613 598 3667 Sunt
624 3609 702 3666 enim

108 3681 225 3754 plurimi
248 3686 296 3754 qui
317 3690 401 3738 vitain
416 3684 558 3740 bonorum
578 3683 697 3739 tortasse

106 3753 231 3825 amplius
258 3755 377 3809 laudaut
405 3771 491 3826 quam
523 3754 638 3825 debent,
672 3759 702 3810 et

106 3825 172 3882 ideo
192 3841 228 3880 ne
242 3827 282 3880 eis
302 3826 388 3881 elatio
407 3828 440 3882 de
455 3827 537 3882 laude
552 3827 700 3897 subrepat,

106 3897 249 3968 permittit
267 3897 448 3969 omnipotens
473 3900 548 3954 Dens
568 3899 657 3954 malos
671 3899 701 3954 in

107 3968 318 4024 obtrectatione
334 3986 517 4042 prorumpere
532 3987 539 4037 3
563 3975 594 4024 ut
608 3969 632 4025 si
645 3985 702 4040 qua

108 4040 193 4112 culpa
208 4040 244 4095 ab
260 4056 310 4095 ore
326 4043 501 4098 laudantium
512 4043 541 4096 in
555 4042 640 4097 corde
655 4044 703 4096 bo-

106 4125 211 4168 norum
231 4116 368 4181 nascitur,
393 4129 442 4185 per
466 4113 702 4169 obtrectationem

107 4183 297 4239 maloruiuad
312 4187 507 4255 pianiientiam
522 4191 699 4241 revocentur.

108 4254 165 4312 Sed
180 4256 257 4310 inter
275 4259 363 4312 verba
376 4257 553 4312 laudantium
577 4262 606 4312 et
627 4255 702 4312 vitu-

108 4329 283 4398 perantium,
312 4329 348 4383 ad
374 4333 498 4385 mentem
522 4343 635 4399 semper
660 4343 702 4384 re-

766 479 884 519 currere
905 463 1062 530 debemus;
1085 468 1123 534 et,
1142 464 1165 519 si
1192 465 1221 521 in
1245 479 1278 521 ea
1297 479 1358 523 non

765 536 911 591 invenitur
927 536 1031 591 bonum
1050 537 1124 607 quod
1148 537 1182 592 de
1201 537 1285 592 nobis
1308 536 1355 593 di·

764 605 849 675 citur,
871 622 974 678 magna
990 607 1106 663 tristitia
1127 605 1155 662 iii
1172 608 1256 663 uobis
1271 623 1359 679 gene·

762 679 821 734 rari
835 679 939 744 debet;
959 686 987 732 et
1001 677 1033 740 si,
1051 680 1079 734 iii
1094 695 1128 733 ea
1143 695 1201 735 noii
1214 679 1359 737 invenitur

764 748 872 806 malurn
888 751 964 820 quod
976 751 1010 805 do
1027 751 1109 806 nobis
1123 750 1237 820 dicitur,
1254 751 1283 806 iii
1295 765 1358 807 ma·

763 821 1358 891 gnamiistitiamresileredebemus.Unda

760 892 926 962 dregoeue:
947 914 958 943 i
976 896 1005 948 ln
1031 909 1115 948 oiiine
1137 895 1212 965 quod
1241 895 1276 949 dc
1306 908 1355 950 no·

760 964 803 1020 bis
815 965 929 1034 dicitur,
944 980 1056 1034 semper
1081 964 1157 1019 taciti
1176 966 1210 1019 ad
1229 969 1355 1022 mentem

758 1050 906 1093 recurrere
926 1036 1062 1092 debemus
1081 1041 1109 1092 et
1128 1036 1294 1092 interiorem
1309 1041 1353 1092 te-

758 1113 840 1166 stem,
855 1124 887 1163 ac
894 1108 1019 1179 judicem
1033 1123 1172 1177 quaerere.
1186 1107 1259 1174 Quid
1273 1105 1351 1164 enim

758 1178 883 1248 prode-t,
896 1180 919 1233 si
936 1194 1034 1233 omues
1056 1179 1183 1246 iaudent,
1199 1194 1264 1234 eum
1280 1193 1351 1234 con·

757 1250 875 1305 scicntia
891 1265 942 1304 nos
960 1247 1097 1306 accuset?
1111 1251 1168 1304 Aut
1186 1250 1254 1320 quid
1274 1253 1352 1320 pote·

757 1321 796 1376 rit
810 1322 921 1381 obesse.
941 1319 964 1376 si
984 1337 1083 1375 omnes
1102 1319 1184 1375 nobis
1200 1321 1351 1392 derogent,

757 1398 785 1447 et
799 1393 860 1448 sola
886 1409 935 1448 uos
960 1393 1134 1447 consi-tentia
1162 1389 1350 1451 defendatis

755 1465 817 1521 haee
833 1465 989 1533 Gregorius.
1009 1464 1086 1519 Unde
1100 1470 1129 1520 et
1141 1464 1224 1520 Coto:

791 1537 857 1593 dum
873 1541 898 1592 te
913 1538 975 1606 guis
989 1537 1098 1601 laudat,
1108 1536 1199 1607 judea
1214 1539 1277 1591 tuus
1292 1549 1350 1593 esse

1183 1608 1348 1680 [momentus

790 1679 857 1735 Plus
870 1678 936 1734 eliis
944 1679 978 1734 de
993 1683 1027 1749 te,
1042 1696 1126 1750 guum
1136 1684 1167 1736 tu
1177 1680 1230 1736 tibi
1239 1680 1347 1822 ονῖἀοῖρ

1277 1766 1347 1809 nos.

756 1820 822 1890 Sed,
836 1826 867 1876 ut
884 1821 953 1877 dicit
970 1820 1044 1877 idem
1064 1822 1211 1890 Gregorius
1230 1839 1239 1876 ε
1258 1843 1272 1872 a
1293 1819 1347 1888 Qui

757 1908 814 1948 non
834 1899 911 1948 amat
926 1892 1058 1963 gloriam,
1071 1908 1128 1948 non
1145 1892 1233 1946 sentit
1245 1898 1348 1947 contu·

757 1963 881 2019 meliam.
899 1984 912 2014 o
926 1967 958 2018 lit
971 1965 1005 2018 de
1021 1963 1173 2018 virtutibus
1186 1962 1248 2017 aliis
1264 1968 1292 2016 et
1305 1961 1348 2018 ii-

758 2037 804 2092 tiis
823 2033 955 2089 similiter
977 2032 1126 2102 judicabis.
1151 2032 1238 2088 Valde
1253 2038 1349 2090 autem

756 2107 948 2180 periculosum
966 2111 1008 2158 est
1022 2106 1165 2160 bominem
1181 2104 1209 2158 in
1225 2117 1349 2174 praesen·

757 2179 796 2235 tia
822 2194 873 2234 sua
889 2175 1017 2241 laudari;
1038 2177 1104 2247 quia
1123 2181 1269 2246 oporteret
1281 2189 1348 2233 eum

756 2251 837 2307 valde
854 2248 955 2304 iortcin
977 2249 1005 2303 io
1028 2249 1085 2304 Deo
1102 2264 1176 2314 esse,
1192 2248 1270 2318 quod
1289 2262 1348 2305 non

756 2323 915 2379 elevaretur
938 2322 1014 2376 intus
1038 2322 1067 2376 in
1092 2321 1189 2390 corde,
1210 2325 1241 2375 ut
1259 2320 1346 2376 etiam

755 2393 878 2452 consulit
892 2396 1043 2448 Moroti'us:

834 2467 933 2532 Quales
945 2463 1112 2520 commendes
1126 2465 1228 2533 aspice,
1240 2479 1273 2518 rte
1282 2477 1349 2520 mota

781 2534 1346 2605 lucutiimtolicuutibipeccutupudorem.

756 2610 845 2682 lgitur
860 2609 929 2662 loco·
942 2606 1042 2678 gloriae
1057 2609 1082 2659 id
1097 2604 1309 2673 amplectimur,
1322 2604 1347 2660 si

755 2680 876 2737 Domino
901 2685 995 2733 nostro
1021 2676 1049 2731 iii
1068 2677 1227 2745 passionum
1246 2674 1345 2731 condi·

754 2751 882 2807 tionibus
908 2750 1102 2819 adaeiiiiaiiiur.
1126 2747 1196 2814 Quia
1223 2747 1348 2803 enimin

755 2824 821 2896 igne
837 2821 1028 2877 tribulationis
1047 2825 1161 2890 peccata
1176 2825 1345 2891 purgantur,

756 2895 819 2950 ideo
832 2896 906 2950 sicut
919 2902 986 2948 tuuc
1005 2893 1159 2958 Christum,
1177 2890 1225 2962 qui
1245 2894 1289 2947 est
1302 2906 1347 2947 ca·

757 2973 807 3038 put
834 2966 977 3029 Ecclesia,
1014 2964 1146 3019 ductibus
1184 2963 1346 3034 passionum

756 3040 830 3095 Deus
843 3040 988 3108 exposuit;
1004 3040 1045 3091 sio
1056 3043 1084 3091 et
1094 3051 1196 3104 corpus
1209 3039 1280 3108 ejus,
1296 3032 1347 3090 sci·

755 3110 821 3166 licet
835 3110 987 3164 Ecclesiam
1002 3124 1092 3176 suam,
1109 3123 1196 3178 usque
1211 3109 1240 3161 in
1260 3106 1349 3162 finem

756 3181 854 3243 seculi,
880 3180 1129 3251 adprobationem
1158 3185 1186 3233 et
1201 3177 1348 3250 purgatio·

758 3269 822 3309 nem
837 3251 967 3306 tribulari
981 3253 1129 3322 permittit.
1146 3250 1252 3319 Aspera
1271 3248 1347 3303 enim

756 3331 785 3379 et
797 3324 891 3379 dumis
905 3339 938 3376 ac
950 3322 1077 3376 sontibus
1090 3322 1173 3388 plena
1186 3325 1214 3374 et
1231 3317 1350 3374 horrida

757 3401 799 3450 est
819 3392 931 3447 virtutis
946 3395 1000 3446 iia.
1028 3396 1072 3447 Sic
1099 3390 1283 3456 Patriarchae,
1308 3388 1350 3443 sio

758 3464 918 3535 Propiietae,
935 3464 975 3518 sic
991 3462 1128 3534 Apostoli,
1142 3461 1182 3514 sie
1199 3462 1346 3531 Martyres,

756 3538 799 3593 sie
816 3538 997 3591 consessores
1012 3545 1040 3589 et
1057 3533 1197 3603 Virgines,
1212 3538 1241 3586 ct
1263 3535 1347 3613 quot·

756 3611 825 3680 quot
841 3607 1008 3677 placuerunt
1030 3608 1096 3671 Deo,
1114 3605 1280 3675 permultas
1295 3609 1348 3659 tri·

756 3678 914 3737 bulatiooes
927 3680 1062 3733 triiiisiere
1077 3676 1192 3746 fideles;
1209 3678 1248 3732 sic
1261 3675 1348 3733 etiam

755 3753 851 3809 omnia
864 3751 965 3807 Cliristi
982 3753 1109 3805 meiiibia
1123 3748 1259 3820 usquead
1270 3748 1348 3805 diem

752 3824 853 3897 judicii
872 3823 1083 3894 pertransibuut
1120 3822 1200 3877 Unde
1225 3819 1265 3875 ait
1290 3819 1349 3874 Au-

754 3899 902 3966 gustinus:
917 3915 931 3947 ii
943 3897 1040 3949 Multus
1055 3909 1153 3949 serius
1167 3891 1271 3948 Christi
1286 3891 1349 3945 sine

755 3969 940 4023 tribulatione
963 3975 1026 4033 est;
1052 3965 1075 4019 si
1102 3980 1169 4035 ergo
1189 3968 1271 4032 putas
1289 3973 1349 4014 non

755 4040 860 4095 habere
889 4043 1105 4108 persecutiones,
1130 4037 1258 4089 nondum
1284 4045 1350 4093 ,cie-

755 4112 818 4182 pisti
839 4125 899 4165 esse
917 4110 1101 4165 Cliristiiiniis.
1117 4125 1130 4156 o
1147 4105 1181 4157 Et
1196 4100 1346 4226 subjungit

757 4183 893 4238 Dominus
911 4178 1124 4236 concludendo:
1146 4176 1187 4253 Me
1201 4187 1274 4240 ergo,
1314 4185 1347 4227 ο·

756 4254 867 4310 mestici
883 4259 911 4307 ct
932 4253 1088 4307 imitatores
1115 4259 1169 4298 mci
1198 4244 1347 4299 timueritis

756 4340 810 4394 eos,
841 4325 949 4380 seilicet
982 4322 1186 4393 pei-secutores,
1219 4315 1348 4372 homines
