2880 4942
112 297 158 357 lm
482 293 599 349 rrum
626 293 744 348 rtnrrs
769 252 883 349 arsur
911 291 974 347 mx

122 407 254 463 nostram
266 417 320 475 per
331 398 540 458 humanitatem
554 402 645 458 laetus
661 404 706 457 est

123 474 207 533 nohis
221 472 382 548 proximum
399 477 427 529 et
445 477 488 529 tot
501 471 706 530 misericordie

120 562 213 677 {Egra
237 542 387 618 impendit,
401 544 478 602 unde
502 543 603 602 merito
625 542 705 616 diligi

177 621 215 675 et.

159 709 191 747 ra
207 691 409 747 hlrsnmconnms
435 705 467 744 ur
499 704 597 744 onnms
615 703 705 746 nurus

121 776 262 818 ronrlrro.
280 790 314 802 -
338 760 380 818 Ad
408 758 459 816 Del
479 758 554 815 enim
576 758 704 816 dilectio·

120 834 238 887 nemin
266 831 349 889 nohis
369 831 557 899 excitandam,
580 829 705 887 nntrien-

117 902 195 972 dam,
214 908 243 958 et
270 903 443 975 augendam,
465 901 535 958 nihil
561 901 602 958 ita
629 901 704 958 valet

118 972 190 1032 sicut
210 974 415 1031 beneficiorum
438 975 502 1045 ejus
525 974 658 1045 frequens
674 976 703 1029 et

119 1043 241 1116 diligens
255 1046 455 1102 consideratio.
472 1047 574 1116 hlagna
588 1048 632 1101 est
646 1043 702 1116 igi-

116 1120 163 1174 tur
178 1115 384 1186 misericordia,
398 1133 461 1188 quae
484 1118 492 1172 i
515 1115 589 1173 notis
605 1122 634 1172 et
655 1132 702 1172 ex·

117 1187 227 1245 traneis
246 1205 299 1245 nos
324 1186 468 1260 proximos
495 1133 582 1256 {acin
599 1203 704 1258 magna

117 1263 162 1316 est
176 1259 372 1317 misericordia
397 1275 548 1388 hagrquam
566 1258 623 1316 rita
639 1274 703 1330 pos·

375 1302 383 1329 i

121 1329 230 1388 sidetur
243 1333 367 1388 aeternat
383 1334 394 1388 l
449 1331 553 1458 quispe
577 1336 622 1388 est
633 1346 702 1402 pro·

118 1401 209 1458 ximus
223 1402 286 1470 tihi,
299 1402 344 1459 cui
369 1402 493 1459 miseren
514 1418 531 1457 o
552 1401 704 1474 appropin-

119 1489 208 1545 quas,
225 1473 273 1545 qui
289 1490 357 1531 vero
373 1473 442 1530 nulli
459 1472 622 1541 miseretur,
639 1470 702 1528 nul·

118 1543 177 1600 lum
201 1546 361 1615 proximum
386 1546 481 1602 hahet.
498 1547 530 1600 ln
556 1544 605 1600 illo
633 1559 702 1614 ergo

117 1615 253 1671 mandato
279 1618 412 1684 :Ditipes
436 1618 595 1686 promimum
614 1620 701 1678 tuum,

117 1689 190 1742 stent
223 1688 351 1758 teipsum,
380 1687 516 1744 Dominus
543 1685 703 1758 proximum

119 1755 251 1828 intelligit
275 1774 389 1814 omnem
408 1757 552 1814 hominem
568 1775 575 1826 ;
593 1756 640 1812 hic
656 1773 704 1813 an·

118 1831 188 1900 tem,
208 1845 274 1885 eum
303 1828 350 1901 qui
369 1829 468 1901 implet
488 1829 580 1900 legem
595 1836 705 1886 natura·

121 1898 189 1963 lem,
208 1899 300 1982 utqui
316 1900 384 1958 lacit
408 1901 456 1958 alii
481 1917 544 1973 quae
571 1899 625 1957 sihi
640 1898 705 1956 [leri

121 1970 192 2027 vult.
213 1973 264 2028 Ubi
293 1974 456 2029 Ambrosius
472 1990 510 2028 :a
535 1975 607 2042 Ergo
633 1988 703 2043 qno·

123 2042 202 2100 niam
225 2060 309 2100 uerno
331 2045 423 2115 magis
448 2043 604 2117 proximus,
618 2058 705 2125 quam

123 2114 170 2186 qui
197 2115 314 2171 vulnera
341 2121 440 2172 nostra
463 2115 582 2185 curavit,
608 2115 706 2187 diliga-

124 2201 188 2243 mus
215 2203 280 2242 eum
307 2187 387 2258 quasi
413 2190 583 2250 Dominum
608 2186 707 2255 diliga-

123 2272 187 2313 mus
204 2262 232 2313 et
251 2272 315 2312 eum
341 2257 421 2328 quasi
445 2258 616 2338 proximum,
635 2255 706 2312 nihil

126 2326 203 2382 enim
224 2333 267 2382 est
288 2333 347 2382 tam
372 2343 543 2400 proximum,
560 2343 644 2399 quam
664 2343 708 2383 ca-

125 2404 176 2468 put
191 2398 340 2466 membris;
356 2398 508 2468 diligamus
529 2398 614 2456 etiam
631 2413 707 2466 eum,

126 2467 174 2539 qui
200 2467 326 2525 imitator
350 2478 394 2526 est
413 2469 536 2539 Christi;
557 2469 709 2542 diligamus

126 2554 203 2607 eum,
228 2540 275 2610 qui
308 2540 412 2614 inopiae
439 2542 556 2600 alterius
582 2540 709 2614 corporis

127 2611 236 2668 unitate
256 2613 435 2685 compatitur.
450 2615 546 2686 Neque
569 2613 646 2670 enim
661 2629 708 2669 co·

125 2685 224 2754 gnatia
249 2684 316 2740 tacit
339 2684 510 2756 proximum,
524 2685 573 2742 sed
600 2683 710 2741 miseri-

124 2754 236 2820 cordia;
254 2756 321 2825 quia
340 2757 536 2813 misericordia
555 2757 709 2813 secundum

123 2830 255 2879 naturam
269 2827 405 2895 estnihil
420 2827 523 2884 etenim
537 2832 596 2883 tam
609 2844 707 2883 secun·

122 2892 191 2949 dum
200 2902 331 2951 naturam
341 2914 426 2968 quam
435 2899 536 2970 Jurare
548 2904 708 2955 consortem

122 2971 232 3022 naturae
249 2984 256 3020 ε
277 2988 292 3016 »
315 2969 377 3023 hanc
390 2970 553 3024 dormasius
568 2988 574 3027 :
599 2970 641 3025 Ad
655 2970 709 3025 hoe

123 3049 235 3107 qnoque
252 3038 411 3095 laciendum
427 3042 558 3096 hortatur
576 3057 630 3096 nos
647 3042 701 3096 An

120 3111 250 3188 quatinus
265 3109 362 3166 dicens
379 3128 385 3166 :
402 3132 416 3161 «
429 3113 518 3180 Nunc,
533 3127 596 3167 cum
611 3110 642 3167 in
655 3113 709 3168 hac

125 3183 193 3249 uta,
213 3179 243 3236 id
266 3188 310 3237 est
331 3181 361 3237 in
384 3183 438 3238 hac
451 3182 497 3238 via
513 3199 621 3254 sumus,
637 3182 709 3239 invi·

127 3265 188 3308 cem
206 3268 295 3308 onera
316 3259 414 3310 nostra
435 3259 605 3326 portemus:
624 3260 655 3310 nt
672 3253 711 3311 ad

127 3339 192 3382 eam
207 3324 292 3381 vitam
317 3341 381 3396 quae
402 3331 482 3382 caret
508 3325 587 3382 omni
612 3341 710 3394 onere,

128 3396 278 3468 peruenire
303 3396 453 3469 possimus.
472 3397 637 3454 Dilectionis
652 3398 713 3454 olli-

128 3466 202 3525 cium
218 3473 262 3524 cst
283 3467 403 3525 invicem
419 3486 507 3526 onera
532 3475 629 3526 nostra
650 3485 714 3540 por·

103 3559 107 3567 ·
131 3542 208 3605 tare,
228 3539 297 3595 nihil
319 3545 395 3596 enim
409 3541 449 3596 sic
464 3541 566 3614 prohat
578 3541 712 3609 amicum,

129 3612 370 3689 quemadmodum
394 3615 487 3668 oneris
507 3612 590 3667 amici
616 3619 713 3684 porta·

129 3683 178 3733 tro.
194 3681 289 3748 Neque
302 3681 360 3737 nlla
380 3698 426 3738 res
447 3682 607 3739 officiosum
627 3683 713 3737 istum

129 3746 267 3816 laborem,
287 3750 322 3805 ad
348 3753 518 3821 portandum
537 3768 624 3808 onera
642 3752 713 3808 alio-

131 3835 204 3881 rum,
222 3820 287 3874 lectt
303 3820 425 3878 libenter
440 3822 576 3893 impendi,
594 3822 648 3878 uisi
665 3838 713 3877 co·

152 3890 254 3970 itcmns
280 3897 387 3961 quanta
411 3908 462 3963 pro
487 3893 570 3949 nohis
596 3892 715 3974 pertulit

156 3977 279 4018 ominus.
295 3961 364 4017 llinc
392 3964 560 4031 admonens,
576 3972 616 4020 art
637 3966 713 4091 Agro-

130 4033 220 4091 stolus
239 4050 245 4088 :
262 4037 319 4089 lloo
332 4037 430 4090 sentite
446 4038 475 4090 in
493 4035 581 4101 cubic,
600 4053 653 4106 quo
688 4039 714 4092 et

130 4108 159 4161 in
175 4107 282 4162 Cluisto
303 4108 377 4161 Jcsu.
397 4104 466 4162 lluic
489 4105 654 4175 cogitationi
669 4123 714 4164 ac-

131 4175 205 4232 cedit
233 4177 318 4233 ctiam
343 4176 402 4247 illa,
424 4176 491 4248 quia
510 4176 641 4234 homines
668 4195 713 4236 su·

131 4261 211 4317 mus;
230 4254 258 4304 et
270 4248 347 4322 quod
361 4248 560 4322 egritudinem
574 4249 634 4308 sire
652 4249 712 4308 ani·

760 399 810 469 mi,
829 398 890 457 sive
910 396 1049 470 eorporis,
1064 413 1149 470 qiam
1176 397 1205 455 in
1227 398 1347 460 homine

760 471 817 529 alio
829 470 968 540 videmus,
985 469 1072 527 etiam
1094 486 1147 526 nos
1165 471 1274 529 habere
1293 489 1346 545 po-

760 542 877 612 tuimns,
892 549 942 600 ant
960 558 1122 615 possumus.
1139 545 1198 599 lloc
1215 559 1286 615 ergo
1298 560 1347 603 ex-

760 614 910 672 hibeamus
921 615 959 683 ei,
975 615 1057 686 cujus
1070 613 1268 672 infirmitatem
1283 632 1348 688 por·

760 689 822 743 tare
842 686 983 754 volumus,
999 685 1075 757 quod
1092 685 1190 743 abillo
1207 687 1348 746 vellemus

761 757 845 815 nobis
869 756 1008 826 exhiheri,
1031 757 1056 814 si
1086 759 1159 813 lorte
1186 774 1240 815 nos
1258 758 1290 816 in
1312 776 1347 817 eo

760 845 900 898 essemus,
914 834 943 885 et
963 828 973 884 i
994 845 1024 885 se
1042 845 1099 885 non
1117 833 1202 886 esset.
1222 830 1266 887 nd
1292 830 1348 889 hoc

797 900 884 958 rtinet
902 917 959 972 quo
997 899 1150 972 Apostolus
1165 901 1206 958 ait
1222 918 1229 956 ε
1248 902 1347 959 Omni·

778 989 811 1028 us
823 975 915 1028 omnia
927 975 1020 1039 faetus
1032 989 1103 1038 sum,
1115 978 1145 1027 nt
1159 988 1251 1028 omnes
1263 975 1349 1030 lumi·

760 1047 881 1114 !tearem,
896 1043 1047 1114 cogitando
1063 1042 1169 1099 scilicet
1184 1044 1213 1100 in
1229 1061 1263 1100 eo
1277 1043 1346 1102 titio

759 1131 791 1172 se
816 1131 878 1172 esse
906 1114 1042 1187 potuisse,
1066 1114 1141 1171 unde
1161 1114 1295 1186 cupiebat
1318 1121 1347 1173 et

759 1185 847 1243 alium
875 1185 1007 1243 liberare.
1031 1185 1138 1243 Deinde
1155 1186 1251 1253 etiam,
1276 1186 1348 1244 illud

761 1258 955 1340 cogitandum,
976 1257 1085 1314 nullum
1105 1273 1167 1313 esse
1189 1257 1347 1328 hominem,

762 1346 810 1402 qur
827 1346 884 1385 non
908 1329 999 1402 possit
1027 1330 1133 1386 hahere
1156 1329 1274 1400 aliquod
1294 1329 1347 1386 bo·

762 1417 841 1468 num,
854 1401 931 1472 quod
959 1407 991 1457 tu
1013 1417 1071 1457 non
1098 1402 1196 1468 habes,
1213 1400 1301 1457 etiam
1321 1399 1346 1457 si

761 1472 862 1540 lateat;
881 1471 912 1527 in
929 1488 994 1543 quo,
1014 1472 1076 1529 sine
1098 1471 1184 1528 dubio
1211 1471 1302 1543 possit
1320 1474 1349 1528 te

761 1560 824 1601 esse
839 1543 979 1614 superior,
996 1545 1070 1600 unde
1080 1515 1251 1616 Apostolus:
1269 1542 1350 1602 Nintt

759 1632 811 1687 per
833 1619 1039 1685 contentionem,
1059 1632 1147 1686 noque
1168 1632 1218 1686 per
1238 1617 1349 1671 manem

761 1688 891 1756 plemam,
919 1687 969 1743 sed
996 1686 1026 1742 in
1052 1686 1211 1743 humilitate
1233 1684 1348 1753 mentis,

762 1759 836 1814 alter
859 1757 980 1814 alterum
999 1757 1193 1814 existimantes
1220 1773 1254 1813 su
1275 1755 1348 1814 erio·

762 1845 824 1886 rem
846 1828 910 1885 sihi.
944 1832 1007 1911 lstae
1039 1829 1226 1911 cogitationes
1251 1772 1348 1899 Repri-

762 1907 874 1958 mentes
890 1907 993 1958 mentis
1011 1903 1185 1972 superbiam,
1201 1905 1229 1956 et
1247 1913 1350 1956 acuen-

763 1978 806 2028 tes
821 1972 978 2044 caritatem,
995 1971 1102 2028 sariunt
1121 1987 1208 2027 onera
1224 1969 1350 2026 fraterna

763 2043 893 2112 invicem,
907 2060 963 2099 non
978 2044 1069 2100 solum
1082 2060 1165 2113 aequo
1178 2042 1284 2110 animo,
1297 2039 1350 2098 sed

764 2115 850 2172 etiam
873 2113 1059 2171 libentissime
1077 2113 1209 2171 sustineri
1229 2131 1235 2168 :
1256 2134 1270 2164 υ
1288 2112 1351 2169 haee

764 2188 949 2254 Anquetinus.
968 2186 1048 2242 Unde
1063 2192 1091 2242 et
1106 2187 1252 2254 Greporius
1267 2203 1304 2247 a«
1320 2181 1349 2240 Si

765 2257 885 2328 quisque
899 2273 952 2313 sua
963 2257 1227 2327 incommodaque
1239 2256 1276 2312 ab
1285 2252 1351 2335 aliis

765 2333 926 2400 portantur,
935 2327 1111 2396 considerat,
1125 2344 1229 2398 eaquae
1242 2325 1351 2384 ahahis

766 2399 898 2467 sustinet,
917 2398 1006 2456 levius
1024 2404 1127 2471 portat.
1145 2421 1160 2449 »
1174 2400 1207 2454 Et
1220 2398 1348 2455 iterum:

767 2493 783 2522 «
798 2472 870 2539 Quia
896 2470 945 2527 illa
970 2471 1083 2527 interna
1109 2473 1186 2541 pacis
1215 2472 1295 2534 auio,
1316 2482 1350 2525 ex

767 2543 934 2599 Sanctorum
945 2541 1047 2598 civium
1057 2540 1350 2612 congregationecon·

767 2614 895 2683 struitur,
906 2615 1057 2669 Jerusalem
1067 2613 1187 2670 coelestis
1199 2613 1352 2682 edificatur

766 2691 797 2741 nt
813 2689 921 2741 civitas.
943 2687 1010 2752 Qum
1025 2692 1120 2741 tarneu
1142 2683 1170 2739 in
1197 2684 1250 2739 hac
1268 2697 1350 2754 pere·

767 2756 937 2827 griuationis
959 2763 1046 2823 terra,
1063 2757 1130 2812 dum
1152 2758 1189 2811 lla
1209 2752 1272 2810 ellis
1289 2767 1351 2825 pen

766 2827 881 2895 entitur,
895 2827 1127 2884 tribulationibus
1137 2771 1274 2895 tunffitur,
1289 2824 1351 2896 ejus

766 2898 875 2969 lapides
904 2899 1030 2970 quotidie
1064 2900 1250 2971 quadrantur.
1283 2897 1350 2962 Quae

767 2968 898 3027 videlicet
912 2970 1011 3027 civitas
1027 2971 1113 3026 hahet
1132 2969 1177 3026 hic
1192 2971 1219 3025 ln
1237 2969 1352 3025 Sancte

766 3057 829 3097 rum
859 3041 998 3110 motibus,
1016 3057 1151 3124 magnum
1173 3042 1234 3111 jam
1264 3036 1351 3095 aedifl·

766 3111 842 3168 cium
862 3129 954 3170 suum.
975 3117 1007 3169 ln
1022 3114 1143 3171 mdrticlo
1158 3111 1261 3183 quippe
1280 3109 1352 3236 lapis

766 3182 890 3256 lapidem
916 3189 1021 3256 portat,
1036 3191 1065 3241 et
1095 3183 1142 3255 qui
1166 3186 1261 3255 portat
1284 3186 1352 3261 ate

767 3271 842 3323 rum,
858 3258 1033 3327 portaturah
1049 3257 1150 3313 altero.
1173 3254 1217 3312 Sic
1231 3268 1306 3309 nunc
1322 3267 1352 3308 ru

767 3332 867 3383 sancta
881 3326 1006 3383 Ecclesia
1028 3326 1224 3397 unnsquisque
1245 3329 1275 3381 et
1289 3338 1352 3394 por-

767 3403 809 3454 tat
830 3399 962 3466 alterum,
978 3403 1007 3455 et
1028 3405 1157 3470 portatur
1185 3397 1221 3452 ab
1250 3395 1350 3451 altero.

767 3471 838 3526 Nam
867 3469 991 3526 vicissim
1021 3487 1051 3526 se
1079 3466 1351 3548 proninriutolerant,

768 3547 800 3597 ut
815 3557 867 3612 per
878 3558 927 3598 eos
940 3540 1092 3597 aedilicium
1103 3539 1229 3596 caritatis
1243 3540 1350 3608 surgat.

770 3612 860 3668 Omne
874 3617 973 3668 autern
989 3613 1101 3684 pondus
1120 3611 1235 3667 labrirae
1254 3608 1353 3665 lunda·

769 3689 896 3739 mentum
915 3691 1019 3755 portat,
1040 3683 1108 3753 quia
1118 3682 1292 3753 Redemptor
1301 3695 1352 3760 no-

771 3758 840 3821 ster,
856 3754 892 3810 de
911 3772 966 3826 quo
996 3755 1100 3811 Paulus
1127 3753 1280 3823 Apostolus
1291 3755 1352 3807 art:

768 3826 987 3881 Fundamentum
1001 3826 1081 3881 atiud
1093 3841 1169 3879 nemo
1180 3839 1282 3895 ponere
1294 3826 1354 3894 pot·

769 3901 819 3958 est,
838 3902 937 3966 preter
950 3897 981 3952 nl
991 3898 1065 3967 quod
1077 3903 1116 3952 est
1133 3898 1265 3967 positum,
1280 3891 1354 3964 quod

769 3972 809 4022 ert
826 3968 951 4024 Christus
977 3971 1065 4033 Jesuc,
1082 3965 1179 4023 omnia
1192 3972 1293 4022 nostra
1311 3968 1354 4020 to·

768 4037 860 4106 leret,
881 4038 978 4095 sedin
997 4041 1004 4094 i
1026 4055 1058 4095 so
1076 4039 1184 4094 malum
1207 4053 1264 4093 nou
1291 4033 1354 4105 luit,

768 4109 843 4180 quod
861 4109 976 4166 tolerari
1016 4109 1163 4167 ebuisset:
1183 4128 1196 4160 u
1211 4109 1274 4163 haee
1288 4107 1354 4164 ure-

767 4184 871 4249 porinc.
890 4182 929 4236 Ex
951 4179 996 4236 his
1018 4180 1113 4237 verbis
1132 4178 1262 4250 Gregorii
1277 4175 1355 4235 colli·

764 4251 850 4324 gitur,
870 4252 947 4325 quod
974 4258 1082 4325 quanto
1107 4252 1189 4325 plura
1212 4249 1276 4322 quis
1301 4263 1354 4323 pro
