2880 4942
101 317 146 373 tao
453 312 565 367 l'lllllAE
591 312 709 367 Plll'llS
736 309 841 365 dll’lll'
869 304 983 361 txvttl

100 421 250 493 Quiserge
269 416 323 475 erit
336 415 451 490 sapiens
466 416 514 488 qui
539 433 570 474 se
593 417 685 485 iallnt,
711 429 715 499 ι
744 411 933 481 convincitur,
957 410 981 469 si
997 428 1055 470 non
1087 412 1181 496 pascit
1206 429 1291 485 oves,
1318 415 1342 473 si

101 499 130 553 et
145 497 224 550 tanto
239 488 395 548 discrimini
411 488 593 545 committat?
614 490 685 570 ‚3⁵¹9
713 506 715 557 i
744 503 804 570 uon
822 483 922 567 vigilat
935 482 967 540 in
985 484 1114 542 custodia
1132 485 1244 569 gregis.
1261 486 1343 570 ludj-

100 566 177 649 quod
194 562 275 620 multi
294 560 391 618 dicant
408 560 472 628 hoc,
493 566 520 616 et
540 559 621 616 multi
637 559 685 616 alu
744 573 820 615 erum
836 555 1059 639 s1b10manducat·
1072 562 1100 614 et
1114 564 1253 615 vescitur.
1268 558 1342 626 Quid

104 653 137 695 tn
152 633 359 693 contrariumo
381 631 503 698 inentur,
519 632 575 688 hoe
593 629 688 687 solum
744 628 796 686 tibi
821 628 875 685 inst
898 642 959 683 reus
977 626 1087 684 deltcrae
1106 628 1247 700 sapiunt?
1268 629 1343 699 Quid

100 713 199 765 minen
212 703 332 762 mortale
346 648 383 759 ai
397 704 567 784 augustino,
587 702 687 783 docto·
713 700 716 731 ²
744 699 853 783 divitiae
872 643 929 755 dte
953 714 1044 781 caeeos
1064 700 1211 784 delectant
1230 701 1341 785 oculos,

100 794 166 837 rum
191 775 326 844 maximo,
347 773 503 847 judicatur,
530 789 593 831 eum
624 789 687 845 quis
745 773 850 844 qulbus
867 785 988 827 moreris
1007 775 1065 827 tam
1082 773 1342 844 graveJudtcrum,

101 844 313 907 incertitudinis
335 844 471 916 periculo,
488 850 538 902 aut
559 843 688 902 mortalis
745 847 803 900 tam
812 842 892 899 dura
902 840 1204 925 temetipsumobligas
1215 843 1342 902 rationi?

101 919 212 995 peccati
225 915 381 973 discrimini
406 933 438 973 se
459 915 620 974 committit.
643 915 689 974 Sic
746 913 883 972 Universa
897 914 1039 985 siquidem
1060 930 1150 987 usque
1166 915 1204 972 ad
1219 915 1342 973 novissi·

102 997 132 1049 et
155 988 240 1047 hodie
257 988 338 1045 multi
366 987 492 1060 religiosi
516 1005 573 1046 uon
596 988 690 1045 solum
715 1038 717 1079 Ι
745 1002 822 1043 mum
848 985 1037 1067 quadrantem
1061 985 1213 1069 exigeris-2
1238 1008 1253 1039 n
1277 989 1340 1046 baec

105 1060 250 1136 grangias,
270 1061 321 1117 sed
340 1063 368 1117 et
388 1059 533 1129 ecclesias,
554 1076 611 1117 non
629 1059 691 1116 siue
715 1082 717 1107 =
745 1057 914 1114 Bernartius.
929 1058 1083 1128 Ettterum,
1095 1059 1339 1130 superilloverbo

103 1131 458 1206 animarumpericulosibi
470 1131 690 1204 incorporando,
747 1130 827 1187 Oseae
850 1128 1000 1201 Prophetas
1018 1145 1025 1184 :
1042 1131 1157 1185 Peccata
1169 1132 1272 1203 populi
1286 1134 1342 1188 mei

103 1204 294 1279 multiplicare
306 1202 419 1261 solliciti
432 1210 508 1274 sunt,
519 1207 692 1276 exponentes
747 1201 908 1257 comedent:
925 1222 941 1282 gc
960 1198 1046 1282 Quasi
1062 1199 1149 1269 dicat,
1168 1201 1221 1270 ait,
1241 1217 1340 1274 pecca·

104 1294 136 1336 se
163 1276 272 1335 ericulo
282 1275 436 1333 reddeudae
451 1274 571 1333 rationis
581 1275 616 1331 de
627 1273 690 1331 ani·
747 1277 841 1329 torum
861 1276 953 1343 prena
970 1276 1095 1341 exigunt,
1111 1278 1141 1329 et
1155 1273 1340 1345 peccantibus

100 1294 203 1409 mazeus
217 1348 549 1419 ecelesiarum,quarum
564 1345 691 1405 decimas
747 1342 874 1401 debitam
897 1341 1118 1400 sollicitudinem
1142 1360 1200 1401 uon
1226 1343 1340 1418 impen-

101 1426 130 1479 οἱ
144 1422 253 1478 tructus
266 1416 438 1491 percipiunt.

140 1515 155 1563 7
178 1492 303 1559 Qumrnu
327 1504 419 1545 uiuunt
442 1505 600 1545 :barnerus
616 1506 690 1545 unsr-

103 1578 219 1618 nnvrns.
242 1592 265 1601 -
282 1560 416 1628 Quintum
432 1560 539 1616 malum
553 1564 606 1627 est,
623 1558 690 1632 quia

104 1630 234 1705 plerique
257 1629 288 1688 in
311 1629 458 1688 beneficiis
482 1647 539 1687 non
552 1630 689 1700 resident,

103 1707 132 1761 et
151 1704 257 1759 lructus
281 1718 380 1758 eorum
395 1700 585 1774 percipientes
608 1701 690 1759 debi-

103 1778 165 1831 tum
181 1788 232 1845 pro
257 1773 302 1829 bis
319 1772 447 1830 laborem
471 1773 514 1829 vel
541 1772 690 1830 servitium

103 1842 232 1903 eeclesiis
245 1861 304 1901 non
316 1844 495 1918 impendunt.
517 1844 648 1902 Gaudent
663 1850 691 1902 et

102 1933 136 1975 se
156 1916 346 1990 jactant,quia
369 1918 476 1974 habent
501 1922 543 1973 tot
567 1919 691 1974 llorenos

103 1988 159 2047 aibi
175 1994 358 2071 apportatos;
375 1989 426 2045 sed
449 1987 569 2046 timeant
584 2005 620 2046 ne
634 1988 692 2045 sint

104 2062 207 2118 liorem
226 2076 276 2118 eos
302 2062 338 2118 ad
361 2060 505 2118 infernum
530 2066 689 2133 portantes.

102 2132 221 2191 Frustra
242 2131 319 2189 enim
343 2149 374 2189 se
386 2133 495 2204 jactant
519 2133 626 2188 habere
640 2133 691 2189 be·

103 2204 239 2260 nelicium
258 2204 302 2259 vel
328 2203 500 2271 mercedum,
522 2204 604 2274 cujus
633 2218 692 2259 uon

105 2274 240 2332 exhibent
249 2272 456 2346 operationem.
470 2273 524 2329 Sed
540 2278 600 2329 esto
615 2274 691 2345 quod

103 2345 177 2401 tales
198 2345 322 2401 habeant
338 2342 591 2415 dispensationem,
606 2359 692 2415 super

104 2414 233 2473 absentia
256 2430 306 2472 seu
329 2430 388 2470 non
417 2413 586 2471 residentia:
612 2431 693 2472 num-

104 2485 174 2560 quid
188 2485 430 2560 dispensationem
442 2487 548 2543 habere
557 2492 692 2569 poterunt

102 2573 190 2632 super
203 2558 365 2632 peccatis'et
373 2556 457 2616 malis
468 2559 690 2631 committendis,

103 2645 167 2705 quae
180 2630 382 2689 inevitabiliter
396 2630 556 2702 sequnntur
577 2648 611 2688 ex
639 2648 690 2689 eo-

102 2714 168 2759 rum
182 2703 312 2761 absentia
324 2709 353 2761 et
366 2702 561 2776 negligentia?
575 2706 608 2760 Et
624 2703 689 2761 ideo

101 2772 177 2831 benc
193 2773 235 2830 eis
250 2781 335 2844 esset,
353 2774 377 2830 si
397 2777 535 2833 habereut
550 2774 691 2832 vicarium

102 2841 133 2901 in
158 2845 318 2914 tormentis,
352 2844 423 2902 sicut
460 2846 620 2902 excusando
659 2863 689 2903 se

100 2913 200 2971 dicunt
211 2915 318 2972 habere
333 2914 362 2970 in
375 2915 531 2972 benellciis.
542 2915 595 2983 Qui
612 2915 689 2974 enim

96 2984 230 3043 residere
248 2986 349 3042 nolunt
368 2984 396 3041 iu
414 2985 572 3055 beneficiis,
588 2986 690 3045 timere

102 3056 222 3126 habent,
248 3072 286 3113 ne
317 3056 498 3113 residentium
545 3064 691 3128 erpetuam

100 3126 207 3185 iaciant
221 3126 251 3184 in
264 3128 423 3186 tormentis.
436 3131 471 3185 Et
484 3128 513 3185 in
524 3072 580 3185 Eue
599 3129 691 3201 magis

101 3198 270 3283 delinquunt
288 3200 411 3273 praelati,
423 3206 451 3258 et
470 3217 567 3258 curam
583 3201 690 3258 habeu-

100 3275 145 3329 tes
161 3288 337 3343 animarum
359 3273 435 3345 quia,
457 3290 489 3330 cx
506 3272 620 3330 illorum
640 3272 690 3332 ab·
716 3332 719 3343 ,

101 3344 203 3411 nentia,
231 3346 323 3417 majus
360 3346 487 3429 sequitur
519 3345 689 3418 periculum.

748 1414 828 1472 dunt.
858 1415 946 1482 Quem
967 1414 1049 1471 dabis
1072 1414 1143 1471 mibi
1161 1415 1198 1473 de
1219 1432 1340 1474 numero

747 1485 977 1614 praepositorum,
992 1485 1041 1557 qui
1056 1502 1113 1543 non
1129 1486 1194 1559 plus
1211 1487 1341 1560 invigilet

748 1556 927 1640 subitorum
964 1556 1139 1640 evacuandis
1175 1559 1340 1643 marsupiis,

747 1645 833 1701 quam
858 1635 934 1684 vitus
963 1634 1051 1685 exstrr
1071 1629 1178 1687 audis?
1200 1632 1264 1701 Ubi,
1293 1648 1340 1705 qm

747 1701 855 1758 orando
867 1702 963 1758 flectat
972 1645 1130 1782 icamddbi
1147 1703 1194 1773 qui
1205 1702 1340 1775 praedieet

747 1789 854 1829 annum
875 1772 1043 1845 placabilem
1062 1774 1204 1830 Domino?
1221 1774 1340 1833 Leviora

746 1844 900 1916 loquimur,
912 1842 1045 1914 graviora
1059 1844 1172 1916 gravius
1185 1853 1288 1904 manet
1297 1848 1340 1919 ju·

747 1915 863 1973 dicium.
878 1914 1000 1972 llinistri
1034 1916 1129 1973 uidem
1143 1917 1249 1975 Christi
1261 1924 1340 1987 suut,

748 1993 777 2044 et
793 1984 921 2043 serviunt
941 1986 1022 2043 Antic
1044 1989 1124 2045 risto.
1144 1989 1283 2047 Honorati
1301 1989 1341 2047 in·

748 2058 897 2116 eeduntde
911 2057 995 2115 bouis
1015 2059 1139 2130 Domini,
1154 2059 1203 2133 qui
1219 2060 1340 2119 Domino

748 2132 886 2186 honorem
909 2145 967 2186 non
983 2129 1136 2188 lecerunt:
1159 2154 1174 2182 u
1192 2132 1256 2190 haee
1271 2136 1340 2191 Ber-

747 2202 863 2258 nerdus.
885 2202 960 2258 Sunt
977 2206 1073 2259 autem
1091 2202 1206 2275 quidam
1224 2204 1273 2276 qui
1292 2220 1340 2263 oc·

749 2271 851 2342 cledis,
870 2276 899 2330 et
917 2271 1018 2330 ovibus
1036 2273 1096 2331 suis
1114 2274 1240 2347 propriis
1258 2276 1340 2334 dera-

747 2343 833 2413 lictis,
861 2342 926 2401 aliis
951 2344 1116 2402 deserviunt
1137 2346 1269 2404 eeclesiis
1296 2346 1340 2407 vel

747 2415 904 2489 praedicant
927 2416 1060 2488 populis;
1085 2418 1135 2475 sed
1159 2434 1212 2491 per
1229 2420 1284 2477 boc
1304 2419 1342 2477 de

747 2487 922 2559 negligentia
954 2487 1150 2560 ecelesiarum,
1182 2495 1211 2547 et
1244 2490 1341 2550 ovium

748 2575 867 2616 suarum
884 2575 941 2616 nen
958 2567 1156 2619 excusantura
1178 2562 1216 2619 ud
1233 2564 1340 2632 Deum

750 2630 819 2704 quia
831 2631 953 2689 reddent
976 2631 1118 2715 rationem
1147 2577 1183 2690 de
1209 2633 1344 2693 omnibus

749 2719 841 2773 usque
868 2703 905 2759 ad
929 2719 1116 2761 novissimum
1136 2706 1340 2777 quadrantem.

749 2775 879 2845 Allegant
900 2774 987 2832 etiam
1006 2776 1177 2849 quandoque
1196 2794 1256 2835 non
1274 2776 1342 2836 resi·

749 2846 860 2915 dentes,
874 2847 950 2919 quod
968 2846 998 2904 in
1015 2847 1144 2905 ecclesiis
1156 2864 1257 2905 eorum
1272 2854 1340 2907 sunt

749 2917 871 2974 rebelles
897 2924 926 2975 et
945 2918 1069 2991 tyranni,
1097 2920 1140 2978 vel
1166 2919 1300 2979 infideles
1315 2926 1343 2979 et

749 2988 1342 3116 hujuscemodi.lnquosemetipsosmagia

749 3076 781 3117 re
802 3067 937 3131 arguunt,
963 3061 1030 3133 quia
1057 3062 1153 3120 vident
1180 3065 1289 3135 lupum,
1315 3068 1343 3122 et

750 3131 871 3203 lugiunt,
895 3147 959 3189 cnm
982 3137 1077 3191 tamen
1100 3151 1153 3207 pro
1177 3134 1294 3193 illerum
1313 3140 1340 3193 et

749 3202 882 3260 Ecclesiae
904 3203 1026 3261 utilitate
1049 3206 1190 3264 deberent
1204 3212 1274 3264 tunc
1286 3223 1340 3281 po·

748 3273 805 3332 tius
820 3274 957 3332 residere.
974 3277 1020 3333 Sic
1046 3284 1076 3334 et
1100 3277 1184 3334 bodie
1198 3277 1282 3336 multi
1309 3277 1340 3338 in

716 3346 719 3445 j
748 3346 887 3417 religione
903 3363 1002 3404 curam
1016 3348 1178 3406 animarum
1188 3350 1339 3419 habentes,

101 3416 188 3475 Pauci
212 3417 328 3490 quidem
346 3433 379 3474 ex
397 3436 439 3476 ers
466 3423 609 3491 pastores,
640 3418 691 3475 scd
716 3448 719 3471 ι
748 3418 915 3487 claustrum,
937 3418 1018 3490 quasi
1038 3436 1196 3490 carcerem,
1217 3420 1341 3494 lugiunt,

99 3486 184 3547 multi
200 3488 371 3549 mercenarii
393 3494 470 3559 sunt,
486 3488 554 3561 quia
574 3506 630 3546 non
648 3491 690 3547 lu·
716 3482 718 3567 l
748 3495 777 3546 et
790 3506 853 3546 cum
868 3492 955 3547 Satan
967 3491 1174 3550 circumeundo
1188 3497 1298 3550 terram
1315 3500 1343 3551 et

100 3560 365 3640 crumanimarrrm,
378 3562 427 3618 sed
443 3562 604 3619 meccedem
620 3566 691 3618 tem·
716 3576 718 3647 q
747 3562 973 3634 perambulando
999 3580 1073 3633 eam,
1090 3562 1173 3636 quasi
1192 3563 1258 3694 vaffi
1283 3565 1342 3623 dis·

98 3630 208 3703 perulis
223 3632 377 3700 commodi,
393 3640 441 3689 aut
452 3633 588 3701 lucri,vel
604 3634 692 3690 hono·
748 3639 876 3703 currunt,
892 3650 994 3706 parum
1012 3636 1147 3693 timentes
1168 3652 1224 3708 quo

1249 3679 1257 3705 2
1272 3636 1342 3709 tiga-

96 3706 295 3831 Besmquaecuut.
308 3701 373 3758 lstis
386 3704 461 3759 bene
471 3703 604 3788 congruit
616 3704 689 3761 illud
715 3706 718 3757 l
747 3704 784 3761 tis
798 3704 877 3776 vagis
889 3707 1131 3779 compedibus,
1148 3707 1343 3781 projiciantur

171 3771 246 3834 ordi,
263 3770 311 3826 ubi
319 3771 359 3828 ait
374 3789 381 3828 :
401 3775 472 3831 «Vm
486 3775 551 3843 tibi,
565 3774 687 3831 clericel
715 3808 718 3851 p
748 3777 777 3831 in
790 3777 924 3833 tenebras
938 3778 1202 3836 exteriores.Primi
1220 3780 1341 3852 quiden

99 3858 178 3903 mors
206 3840 236 3899 in
265 3842 332 3910 olla,
367 3859 445 3900 mors
470 3844 500 3901 in
525 3844 689 3927 hujusmodi
745 3846 893 3917 religionis
918 3855 1026 3920 patres,
1055 3852 1140 3907 urbes
1173 3857 1203 3907 et
1231 3851 1341 3924 palatin

97 3913 220 3973 deliciis.
239 3915 361 3972 Peccata
380 3913 455 3972 enim
474 3918 570 3989 populi
591 3932 688 3972 come·

99 3985 154 4055 dis,
170 3985 240 4045 acsi
256 3986 373 4059 propria
388 3985 483 4044 miuus
497 3989 630 4045 sulllcere
644 3987 687 4043 vi·
714 4020 716 4025 ·

99 4057 244 4117 derentur.
259 4062 392 4133 Sumptus
407 4059 687 4131 ecelesiasticosgra-

99 4127 138 4185 tis
152 4129 258 4188 babere
271 4136 299 4188 te
314 4138 447 4205 reputas;
463 4133 513 4189 sed
528 4133 634 4190 bonum
651 4129 686 4187 ti·

745 3918 954 3990 relinquentes,
980 3921 1164 3980 solitudinem
1187 3924 1338 3993 petebant,

745 3990 873 4072 diceutes
887 4008 951 4049 eum
963 3995 1149 4065 Hieronymo:
1165 4013 1180 4047 e
1196 3994 1339 4067 Oppidum

745 4063 815 4118 miln
839 4078 936 4120 career
953 4070 1007 4135 ost,
1026 4071 1055 4122 et
1077 4064 1200 4123 solitudo
1219 4066 1339 4139 paradi-

745 4150 803 4191 sus.
817 4153 831 4187 n
846 4135 901 4191 Sed
911 4134 958 4191 isti
971 4136 1047 4209 vagi,
1057 4136 1241 4195 solitudinem
1251 4137 1340 4198 dese·

97 4197 128 4256 bi
142 4208 204 4258 erat
217 4202 307 4275 magis
322 4206 419 4262 ledere
436 4211 464 4262 et
480 4202 652 4262 mendicare.
669 4224 684 4254 n
712 4230 715 4253 ε
743 4210 850 4274 rentes,
859 4207 944 4264 urbes
953 4213 982 4265 et
990 4208 1338 4282 palatiaquaerunt,quasi

97 4270 132 4329 tn
145 4270 249 4332 iterum
264 4293 271 4333 ε
287 4298 301 4329 a
319 4276 459 4352 indignus
477 4276 551 4337 lacte
567 4281 596 4335 et
619 4275 685 4335 lana
711 4288 715 4349 ξ
743 4274 819 4335 intra
833 4293 865 4336 se
879 4278 1007 4339 dicentes
1023 4299 1030 4339 :
1046 4281 1174 4342 solitudo
1186 4281 1258 4341 mibi
1273 4298 1337 4341 car·
