2880 4942
248 361 289 416 llll
316 361 445 416 subdis
472 359 598 414 stetten
626 359 666 413 llll
693 360 791 414 GOELO
818 360 1075 427 denuntiatam,
1105 364 1175 418 did.
1286 365 1331 420 221

99 469 166 528 liter
182 465 308 537 noxium,
324 465 392 539 quia
405 464 478 523 sicut
492 471 646 537 exaggerat
660 464 689 522 in
738 463 875 547 serviunt,
890 463 937 536 qui
953 465 1107 539 utrobique
1123 484 1153 525 se
1170 468 1331 544 ingerendo

99 539 218 600 alterius
246 538 332 596 eorde
356 536 512 606 tristitiam,
526 536 568 593 ita
589 539 618 592 iu
637 553 688 594 suo
739 553 780 593 ers
802 536 938 606 illudunt;
959 553 1081 609 quorum
1103 539 1251 598 illusiones
1271 559 1329 600 non

100 629 159 671 non
194 609 334 684 permittit
364 608 514 681 exstingui.
552 608 689 666 Nonnulli
738 607 926 677 incurrerent,
941 608 965 665 si
980 610 1216 681 nonssctam,sed
1231 629 1328 671 veram

103 699 225 757 quoque,
246 698 309 739 eum
338 679 490 737 tristificati
510 679 625 750 luerint,
645 678 689 736 vel
739 679 928 737 bumilitatem
949 684 978 737 et
999 680 1147 739 caritatem
1173 684 1328 755 baberent,

102 755 179 825 irati,
194 756 230 812 ab
245 752 306 826 ipso
319 752 405 810 etiam
430 751 613 825 pertinaciter
627 753 690 809 abs·
739 750 806 835 quia
827 767 879 808 nec
901 758 968 809 tuno
986 752 1022 809 ad
1044 757 1153 811 tantam
1175 753 1330 827 impatien-

100 826 192 885 tinent
213 824 284 883 cibe.
299 827 329 881 ln
357 840 415 897 quo
440 823 523 896 plane
549 821 690 895 sacrilegii
740 827 809 880 tram
830 823 1007 881 devenirent.
1020 825 1065 895 ut,
1080 825 1156 898 quod
1169 825 1263 883 adbuc
1277 843 1329 899 pe-

102 898 210 956 orimeo
234 895 382 954 evidenter
409 895 555 952 incurrunt
579 894 691 966 iejunia
737 894 854 967 ineest,
870 896 942 953 tales
957 911 1033 968 saepe
1049 897 1157 971 absque
1175 897 1272 955 lratris
1290 899 1330 956 ol-

99 968 218 1038 seilicet,
236 984 300 1040 quae
325 966 378 1024 soli
405 969 475 1048 Deo,
493 981 544 1038 pro
559 938 691 1048 bumilia·
740 965 1328 1049 leusireeoqeiliationenontantummodo

99 1040 178 1099 tione
198 1038 293 1097 cordis
311 1044 340 1095 et
358 1042 526 1110 purgatione
545 1041 690 1106 vlnerum,
741 1037 831 1095 solem
850 1038 980 1095 occidero
998 1038 1105 1109 sinunt,
1123 1041 1173 1097 sed
1190 1041 1328 1099 accedere

102 1118 169 1169 sunt
185 1109 346 1181 specialiter
361 1108 517 1175 offerenda,
529 1124 580 1181 pro
595 1107 693 1165 diabo-
740 1125 799 1165 non
815 1115 948 1166 verentur
963 1110 1122 1185 adflaltare3
1138 1116 1167 1169 et
1183 1113 1224 1169 sic
1242 1128 1329 1170 aece-

101 1181 157 1240 lico
174 1185 286 1239 tumore
301 1181 465 1237 tolerantes.
482 1180 563 1247 Quod
576 1180 632 1237 tale
649 1184 693 1236 est
741 1180 841 1237 dentes
851 1181 991 1251 iudicium
1005 1182 1061 1238 unt
1071 1184 1239 1240 manducent
1252 1190 1278 1241 et
1290 1186 1331 1240 bi-

100 1269 134 1310 ae
154 1255 176 1310 si
201 1252 346 1309 orationes
365 1257 450 1324 atque
474 1250 613 1308 sacrificia
634 1267 691 1308 non
743 1252 820 1308 baal.
836 1254 870 1309 Et
885 1251 1004 1325 insuper
1020 1268 1038 1309 a
1052 1252 1165 1311 diabolo
1185 1255 1328 1326 excecati,

101 1327 172 1393 Deo,
190 1325 240 1380 sed
257 1322 435 1381 daemonibus
453 1322 592 1393 delerant,
613 1322 692 1379 illam
742 1323 915 1395 quandoque
929 1340 960 1381 se
973 1326 1134 1383 excusando
1149 1324 1246 1384 dieunt
1262 1344 1270 1384 ε
1284 1326 1328 1384 Ni·

101 1410 215 1467 quoque
230 1394 382 1452 llosaicam
395 1393 619 1466 increpationem
632 1410 692 1451 me·
740 1394 781 1450 hil
796 1396 933 1453 adversus
947 1394 1034 1453 alium
1049 1396 1198 1467 habemus,
1216 1415 1274 1455 non
1288 1398 1330 1455 in·

100 1472 219 1524 reantur
235 1467 355 1524 audire:
372 1468 583 1522 immolaverunt
596 1467 694 1522 demo·
741 1465 912 1538 telligentes,
928 1467 1006 1540 quia,
1023 1469 1179 1525 secundum
1193 1472 1329 1543 Evange-

102 1541 176 1604 niis,
204 1544 230 1595 et
248 1556 302 1594 aon
320 1542 392 1605 Deo,·
411 1539 467 1593 diis
495 1553 563 1619 quos
583 1540 694 1606 tenore
741 1536 823 1606 lium,
832 1538 979 1595 attendere
987 1540 1104 1608 debent,
1116 1541 1139 1596 si
1150 1539 1222 1597 alins
1232 1543 1331 1599 adver-

105 1611 172 1666 bont
188 1627 195 1667 :
213 1631 224 1661 ι
242 1610 303 1666 haec
317 1609 364 1666 ubi
378 1624 475 1680 supra.
486 1609 607 1691 sicergo
622 1624 692 1680 prae·
742 1624 790 1665 sus
809 1625 859 1666 eos
878 1609 946 1681 quid
965 1610 1062 1668 habet.
1085 1611 1182 1680 Aufer,
1200 1612 1330 1683 Domine,

103 1680 171 1738 dicti
191 1680 288 1737 miseri
308 1686 366 1738 tam
383 1695 517 1752 perverse
541 1678 691 1752 litigando,
744 1695 780 1752 op
801 1679 928 1738 rebrium
957 1680 1057 1739 talium
1088 1698 1288 1754 perversorum
1314 1700 1333 1741 a

103 1768 190 1826 quam
205 1752 346 1811 malitiose
368 1751 488 1810 tacendo
514 1749 693 1809 demonibus
743 1696 883 1826 religione
898 1768 1045 1812 serrorum
1063 1759 1188 1813 tuorum.

655 1944 785 2005 ennato

139 2108 161 2166 0
177 2123 244 2166 vera
256 2105 358 2179 virtus,
373 2106 444 2181 ejice
457 2124 475 2167 a
489 2123 535 2166 me
551 2106 726 2166 daemonium
743 2125 795 2183 per
811 2106 1033 2166 contritionem!
1050 2108 1072 2168 0
1087 2109 1212 2168 Verbum
1228 2109 1333 2182 Patris,

102 2194 174 2237 sana
189 2185 300 2237 mutum
325 2196 378 2253 por
397 2179 625 2237 contessioneml
642 2178 778 2238 Ointima
798 2180 855 2249 lux,
871 2180 1003 2238 illumina
1021 2197 1128 2238 caeeum
1150 2197 1203 2254 per
1218 2181 1333 2239 satista-

103 2250 242 2308 ctioneml
259 2253 303 2320 Et,
323 2258 353 2309 ut
371 2251 452 2309 tortis
480 2257 607 2309 armatus
626 2268 672 2308 me
686 2268 745 2309 nou
763 2251 917 2325 possideat,
933 2252 1067 2310 universa
1089 2268 1171 2310 arma
1189 2254 1262 2326 ejus,
1278 2252 1333 2310 sci·

104 2321 171 2379 licet
185 2323 260 2379 vires
286 2323 388 2381 animae
404 2340 474 2380 meae
490 2323 641 2381 interiores
655 2327 684 2380 et
698 2323 825 2397 corporis
843 2340 943 2381 sensus
956 2323 1111 2382 exteriores
1129 2325 1158 2381 in
1172 2330 1253 2382 tunm
1267 2341 1335 2382 con·

103 2399 183 2451 verte
202 2395 381 2477 obsequium.
395 2396 467 2468 Opto
482 2395 569 2452 etiam
587 2401 616 2452 ct
634 2393 777 2465 desidero,
792 2399 867 2453 Deus
881 2396 1029 2462 altissime,
1043 2400 1085 2478 nt,
1101 2396 1335 2468 quotiescumque

101 2465 244 2536 malignus
251 2465 367 2538 spiritus
381 2467 586 2524 abominandas
598 2465 786 2538 cogitationes
797 2467 981 2595 blasphemiae
994 2467 1064 2524 mihi
1078 2467 1238 2533 immiserit,
1249 2469 1335 2525 toties

101 2552 134 2593 ex
150 2544 215 2594 voto
230 2537 360 2595 omnium
374 2537 583 2596 desideriorum
595 2554 724 2595 meorum
739 2538 854 2596 inellabi
867 2539 892 2595 is
905 2539 968 2596 laus
984 2544 1013 2595 et
1024 2537 1181 2612 gratiarum
1193 2538 1268 2596 actio
1282 2538 1332 2597 tibi

100 2607 139 2737 qt
158 2606 188 2664 in
206 2616 359 2682 perpetuas
382 2608 568 2680 eternitates,
588 2615 617 2669 et
637 2609 816 2683 blasphemia
831 2626 884 2669 sua
902 2626 999 2669 secum
1024 2610 1061 2667 sit
1082 2608 1112 2666 in
1131 2609 1332 2689 perditionem.

129 2694 206 2738 men.
1133 2708 1136 2721 ·

579 2999 716 3073 CAPUT
730 2997 867 3075 LXXIV

102 3231 141 3277 bu
161 3232 271 3280 Junms
293 3232 405 3282 sltttltltt
424 3234 463 3278 bu
484 3234 569 3282 COELO
590 3236 817 3295 QUAERENTIBUS,
841 3238 880 3282 ΕΤ
904 3237 943 3281 ΒΕ
966 3237 1081 3282 srlltlw
1102 3234 1241 3282 lautino
1264 3234 1336 3281 01⁴1ss

607 3336 718 3383 mucro
731 3338 771 3383 AB
788 3337 846 3383 uls.

583 3496 709 3555 Matthaei
719 3514 781 3572 cap.
795 3498 855 3555 llll.

144 3684 320 3741 ilunaonnn
344 3701 424 3741 srenn
446 3701 480 3741 ns
500 3701 575 3742 cono
595 3703 695 3744 aaran·
747 3685 846 3744 racula
859 3682 964 3744 Christi
982 3699 1080 3758 parva,
1097 3700 1132 3743 eo
1151 3686 1227 3814 quod
1242 3689 1336 3757 erant,

104 3771 170 3811 arna
187 3772 259 3811 uma
274 3773 411 3813 rnrsnrro.
427 3788 463 3798 -
480 3756 580 3815 Finitis
598 3765 695 3816 autem
746 3763 778 3817 ut
802 3755 1003 3827 communiter,
1027 3756 1103 3815 circa
1119 3756 1149 3815 in
1163 3756 1275 3827 eriora;
1291 3764 1336 3816 ut·

103 3825 200 3907 verbis
215 3827 473 3886 Dominiadversus
485 3830 695 3903 blasphemiam
745 3835 812 3904 pote
834 3829 910 3886 circa
924 3828 1061 3887 sanitates
1076 3845 1229 3903 corporum
1248 3836 1277 3886 et
1302 3828 1338 3886 si·

103 3897 270 3954 Scribarum
288 3903 317 3955 et
337 3901 559 3971 Pharisaeorum,
580 3904 695 3974 quidem
747 3901 836 3959 milia.
860 3900 927 3958 ldeo
945 3903 1113 3974 querebant
1134 3903 1170 3960 eb
1197 3917 1231 3958 eo
1254 3899 1339 3974 sigua

104 3983 140 4025 ea
159 3972 199 4024 eia
218 3970 408 4041 procaciores,
428 3973 557 4030 volentes
574 3972 696 4046 experiri
747 3973 809 4029 fleri
838 3972 970 4030 circaeo
1007 3989 1058 4031 ora
1085 3971 1230 4043 coelestia,
1264 3973 1337 4028 torte

104 4039 281 4098 voluntatem
312 4043 426 4125 Cirristi,
443 4049 472 4101 et
495 4060 597 4117 capere
619 4061 695 4115 eum,
748 4060 853 4101 manna
869 3989 1099 4126 descenddmmt
1115 4051 1244 4127 tempore
1259 4044 1338 4115 bloy-

103 4114 304 4183 respoaderuat
323 4130 360 4183 er,
380 4117 500 4172 dieentes
520 4136 529 4171 ε
549 4119 695 4186 depictor,
748 4117 792 4184 si3
812 4116 857 4172 vel
876 4132 978 4173 sonare
1007 4120 1143 4183 tonitrua,
1163 4119 1237 4171 sicut
1265 4120 1338 4170 lem-

105 4183 234 4240 oolumac
252 4200 270 4239 a
289 4190 314 4240 te
335 4189 447 4254 stanam
465 4189 569 4253 video,
590 4187 698 4245 scilicet
747 4202 818 4315 Bone
833 4187 983 4255 Samuelis,
997 4187 1075 4257 quod
1091 4201 1227 4267 magnum
1241 4184 1295 4241 luit
1308 4184 1339 4242 in

106 4269 165 4311 non
193 4255 335 4328 quodcum
357 4273 404 4327 ue,
427 4258 478 4315 sed
505 4260 539 4315 de
565 4262 639 4326 celo,
666 4263 699 4317 ut
772 4258 903 4317 alestina
929 4263 1057 4339 tempore
1083 4262 1201 4327 aestatis,
1223 4260 1340 4330 propter

106 4324 176 4385 alibi
202 4331 329 4388 notatur.
374 4329 531 4403 eputabant
546 4330 624 4389 enim
642 4330 696 4390 mi·
748 4328 1243 4402 delectummateriae,etpotentiam
1253 4344 1339 4403 agen-
