2880 4942
277 339 319 396 D}
345 339 475 398 obesus
500 340 714 400 babollatis
739 346 759 401 b
786 343 930 400 118lest
958 342 1125 399 Obsssssis.
1287 345 1318 400 i'l

563 668 701 744 CAPUT
725 671 843 744 XLVII

254 905 294 952 na
317 903 458 953 nunnus
482 905 710 956 nnuonmms
733 910 755 955 a
779 910 936 959 anatona
963 910 1149 959 oasess1s.

306 1094 431 1153 itattbaei
444 1109 506 1168 cap.
521 1096 593 1167 vill,
602 1097 689 1155 Marci
703 1112 765 1169 cap.
779 1099 803 1155 V
815 1104 844 1156 et
856 1097 940 1157 Luca
950 1113 1012 1171 cap.
1026 1099 1099 1156 vill.

131 1317 141 1352 ι
171 1294 318 1353 ,Βιιιιοιιιιι
360 1309 459 1350 eonem
499 1308 682 1354 aonmmnrnn
739 1297 874 1355 idestde
897 1295 1036 1366 claustris,
1051 1295 1198 1367 inquibus
1214 1299 1322 1355 mundo

88 1368 239 1434 camerari,
257 1382 335 1423 cums
360 1382 513 1423 rnasnurm
541 1383 681 1431 rononnn-
738 1368 843 1427 morlui
861 1369 965 1425 debent
983 1383 1055 1436 esse,
1071 1373 1099 1424 et
1116 1369 1169 1424 boc
1182 1367 1218 1424 ad
1233 1384 1320 1442 nego·

88 1457 152 1497 ran.
173 1469 207 1482 -
222 1439 293 1495 Cum
312 1443 406 1495 autem
420 1441 539 1496 lesusel
551 1440 680 1511 discipuli
737 1443 776 1499 tia
790 1441 931 1499 secularia
951 1439 995 1495 vel
1019 1439 1139 1507 inutilia,
1160 1455 1210 1496 seu
1234 1442 1320 1498 etiam

89 1513 152 1583 ejus
170 1510 410 1580 transfretassent,
424 1516 542 1567 etmare
556 1511 679 1570 Galiiaeae
736 1514 821 1583 mala,
848 1512 1014 1570 exercenda.
1041 1515 1078 1568 Ει
1102 1527 1160 1568 ecee
1187 1512 1319 1570 virtulem

87 1581 296 1652 transivissent,
328 1586 461 1638 venerumt
484 1585 515 1639 in
541 1586 679 1653 repionem
736 1586 786 1642 Dei
804 1586 969 1648 sentientes,
993 1590 1079 1666 atque
1105 1600 1137 1640 ex
1156 1599 1260 1656 magno
1287 1584 1320 1640 ti·
1423 1648 1430 1663 ο

88 1654 299 1717 Gerasenorum,
325 1669 386 1724 quae
410 1659 451 1710 est
478 1662 573 1713 contro
597 1656 677 1713 Gali·
736 1673 824 1722 more,
841 1673 898 1713 non
914 1671 947 1713 ea
963 1654 1134 1720 bumilitate,
1147 1661 1210 1711 ante
1224 1657 1321 1713 lesum

88 1727 179 1782 team
212 1724 317 1807 Gerasa
350 1724 454 1809 quippe
486 1733 528 1783 est
557 1728 678 1800 insignis
734 1729 923 1799 procidentes,
952 1743 1017 1784 eum
1053 1727 1255 1797 adoraverunt,
1293 1732 1323 1784 et

88 1797 189 1854 civitas
204 1796 328 1864 drabrae,
345 1800 400 1853 sita
414 1802 493 1853 trans
507 1800 676 1869 lordanem,
733 1801 930 1866 elomuoenoel,
963 1799 1071 1855 scilicet
1110 1800 1211 1866 coacti,
1251 1814 1320 1855 voce

86 1871 167 1942 juxte
184 1872 310 1924 montem
327 1868 443 1932 Galaad,
463 1869 492 1924 in
511 1887 567 1942 quo
582 1871 678 1928 Laban
733 1887 847 1944 magna.
863 1872 898 1926 Ut
912 1869 989 1926 enim
1005 1870 1047 1925 ait
1058 1869 1185 1923 Hilarius
1202 1891 1209 1925 ι
1226 1888 1241 1921 ιι
1255 1871 1319 1925 Νοιι

89 1939 306 2011 comprehendit
330 1939 442 2008 lacob;
463 1940 492 1994 in
517 1942 593 1997 tribu
618 1943 677 1999 bia·
734 1949 778 1997 est
791 1939 943 1998 uoluntatis
958 1939 1107 2003 confessio,
1132 1939 1181 1993 sed
1196 1940 1320 1994 necessi·

88 2027 182 2080 nasse,
195 2026 254 2066 non
268 2009 353 2084 longe
366 2016 495 2082 astagno
508 2013 677 2087 Tiberiadis,

88 2099 124 2140 ex
143 2082 271 2154 opposito
291 2081 409 2164 Galillaeja
432 2085 534 2210 staffno
557 2082 677 2155 interja-

89 2160 221 2225 cente,a
250 2167 307 2224 qua
333 2157 447 2210 civiate
497 2156 678 2212 enominatur

87 2224 169 2297 regio
184 2225 401 2281 Gerasenorum.
426 2226 474 2289 st,
485 2241 546 2282 oum
562 2226 676 2284 denari

88 2301 158 2353 esset
189 2300 329 2351 aierem
350 2310 484 2365 opressus,
502 2305 678 2356 occurrerant

87 2371 114 2424 ei
131 2368 186 2424 duo
214 2367 345 2424 bomines
368 2367 504 2424 timonio
534 2371 675 2443 babentes,

86 2441 155 2497 aevi
165 2441 274 2495 nimis:
303 2439 371 2510 quia
395 2438 425 2496 in
450 2454 480 2496 se
506 2447 534 2497 et
552 2439 582 2497 in
606 2442 677 2499 alios

85 2510 252 2580 saeviebant,
274 2526 333 2566 non
353 2510 420 2581 quia
437 2512 607 2569 daemoniaci
624 2514 676 2570 ali-

85 2582 156 2655 quid
171 2582 289 2664 possint,
309 2582 364 2638 nisi
382 2588 521 2653 quantum
546 2584 621 2641 Deus
635 2585 678 2642 eis

86 2659 252 2726 permitt1t3
280 2655 323 2708 ito
347 2657 378 2710 ut
406 2669 483 2718 nono
513 2661 605 2726 posset
626 2673 678 2728 per

85 2729 163 2783 oium
179 2725 259 2780 illam
272 2726 402 2794 transire,
417 2725 471 2782 boc
484 2728 561 2783 enim
582 2726 677 2784 inten-

86 2797 159 2854 dunt
195 2797 344 2852 sevientes
376 2794 407 2853 in
442 2811 494 2853 nos
522 2798 676 2871 daemones,

86 2869 199 2925 seilicet
219 2867 368 2924 obstruere
396 2867 479 2924 nobis
505 2869 580 2926 viam
598 2871 674 2942 ritas,

87 2944 217 2997 nerones
246 2939 281 2995 de
307 2943 499 3011 monumentis,
527 2939 676 3013 inquibus

86 3010 258 3069 babitabant
271 3018 300 3068 et
318 3009 491 3069 domicilium
520 3013 673 3071 habebant.

87 3083 155 3140 ideo
174 3081 205 3138 in
223 3082 413 3140 monumentis
431 3083 596 3156 Gentilium,
626 3085 674 3143 ubi

87 3170 210 3226 corpora
221 3169 321 3211 eorum
337 3154 447 3226 sepulta
459 3161 552 3226 erant,
566 3156 674 3214 daemo-

87 3240 141 3283 nes
180 3225 361 3297 babitabant,
374 3231 520 3299 tamquam
549 3228 675 3286 habituri

87 3313 176 3370 super
214 3311 332 3368 corpora
370 3313 469 3356 eorum
506 3306 675 3371 potestatem

87 3375 151 3442 post
162 3368 317 3441 judicium,
330 3384 416 3439 super
428 3385 548 3441 quorum
565 3373 677 3427 animas

85 3446 257 3515 potestatem
275 3442 334 3512 jam
349 3440 504 3498 habebant.
520 3443 553 3496 ln
577 3456 677 3496 monu-

85 3512 193 3570 mentis
217 3512 303 3568 etiam
328 3512 482 3584 aliquando
507 3511 676 3568 daemoniaci

85 3583 219 3641 habitant
234 3605 241 3640 ι
258 3587 290 3640 ιιι
314 3599 366 3666 per
386 3584 440 3640 boc
459 3583 602 3641 daemones
616 3588 675 3640 ter·

84 3671 182 3713 rorem
211 3654 376 3712 bominibus
393 3655 428 3711 de
456 3655 605 3713 animabus
624 3655 672 3711 de·

86 3726 251 3785 iunctorum
272 3725 416 3800 ingerant.
439 3732 470 3784 et
493 3729 579 3785 etiam
606 3727 674 3799 quia

85 3800 116 3855 in
130 3799 252 3855 mortuis
271 3798 416 3870 operibus,
430 3798 459 3854 id
471 3804 515 3856 est
534 3800 563 3856 in
576 3815 675 3871 plecca-

85 3871 126 3927 ιιι
137 3869 315 3926 delectantur
328 3876 357 3927 et
370 3870 513 3942 gaudent3
528 3871 577 3943 qui
587 3870 674 3928 etiam

85 3940 288 3998 vinciebantur
300 3939 418 4012 catenis
437 3947 466 3999 et
480 3943 674 4015 compedibus,

86 4019 117 4071 et
140 4013 232 4084 ruptis
260 4012 381 4071 vinculis
404 4027 421 4068 a
441 4013 565 4071 ebantur
581 4012 611 4070 in
624 4013 673 4070 de·

85 4089 166 4142 serto
183 4099 201 4140 a
217 4083 404 4141 damonibus.
447 4083 454 4096 '
485 4085 592 4142 similes
609 4090 674 4142 sunt

85 4154 156 4213 mnii
169 4156 308 4239 religiosi,
323 4171 395 4228 quos
408 4153 522 4214 vincula
536 4155 673 4214 obedien·

85 4227 135 4284 tiae
169 4231 198 4284 et
215 4227 450 4284 constitutionum
482 4243 539 4286 non
559 4233 675 4300 possunt

85 4302 199 4369 tenere,
223 4297 294 4371 quin
306 4305 408 4357 exeant
422 4299 458 4357 de
471 4301 675 4373 monumentis,

148 4395 221 4450 Vm
235 4395 303 4451 lesu
320 4395 442 4460 Cumara
457 4395 551 4450 'lom
568 4396 610 4450 11.

736 2014 800 2068 tatis
814 2013 948 2080 extorsio,
963 2011 1029 2082 quia
1045 2011 1147 2065 timent
1169 2010 1231 2080 ejus
1252 2025 1322 2078 prae·

734 2085 884 2140 sentiam.»
902 2083 1095 2140 cmmooerant
1102 2095 1170 2152 ergo
1180 2080 1321 2137 dicentes:

734 2156 808 2223 Quid
832 2155 911 2212 nobis
936 2158 962 2210 et
988 2154 1050 2217 libi,
1083 2155 1147 2209 lesu
1169 2153 1226 2208 Fili
1239 2155 1318 2209 Dei?

735 2228 819 2295 Quasi
840 2228 990 2284 dicerent:
1011 2225 1084 2281 Nibii
1099 2231 1141 2281 est
1166 2240 1317 2284 commune

735 2300 785 2356 tibi
800 2305 829 2356 et
840 2299 922 2357 nobis
936 2315 944 2367 3
960 2304 991 2353 tu
1018 2298 1100 2364 Deus,
1122 2312 1172 2352 nos
1186 2296 1291 2352 diaboli
1309 2314 1318 2365 ;

735 2377 765 2427 lu
784 2369 908 2437 humilis,
924 2386 976 2427 nos
998 2369 1137 2442 superbi;
1163 2374 1194 2423 tu
1218 2369 1320 2427 venisti

734 2443 854 2511 salvare,
874 2458 927 2499 nos
952 2442 1081 2512 perdere.
1104 2439 1184 2496 Unde
1207 2439 1322 2509 Aposto-

735 2515 779 2570 lus
794 2531 801 2569 :
819 2515 885 2582 Qua
897 2514 1038 2570 conventio
1054 2511 1161 2568 Christi
1174 2510 1319 2583 addeliol,

735 2586 837 2654 idest,
860 2584 896 2641 ad
918 2582 1062 2639 diabolum
1085 2577 1206 2644 inuita,
1231 2589 1319 2652 certe,

755 2657 803 2712 uia
828 2655 954 2713 cbristus
991 2653 1089 2709 omnia
1121 2650 1189 2706 iacit
1213 2651 1286 2709 bene
1310 2671 1320 2725 3

735 2672 866 2786 diabolus
888 2726 984 2782 omnia
1006 2724 1091 2780 maie.
1111 2723 1212 2794 Supra,
1238 2724 1319 2780 dubi-

733 2805 798 2858 tans
826 2799 917 2856 dixit:
944 2799 977 2856 Si
1001 2798 1078 2854 illius
1102 2797 1153 2852 bei
1177 2811 1227 2865 es;
1262 2797 1321 2865 bic,

734 2872 862 2928 eruditus
875 2870 1035 2939 tormentis,
1059 2868 1168 2933 asserit,
1184 2870 1249 2924 lesu
1262 2872 1319 2925 Fili

732 2946 784 3000 Dei
794 2962 803 3010 ς
820 2957 903 3015 poena
916 2943 993 2999 enim
1013 2941 1109 2998 oculos
1127 2939 1227 3012 aperit,
1249 2955 1323 3011 quos

733 3016 817 3085 culpa
842 3015 957 3071 claudit.
972 3016 1033 3070 Non
1052 3018 1246 3085 cognoverunt
1260 3011 1321 3069 daee

733 3101 833 3143 mones
849 3102 882 3143 ex
900 3092 978 3143 certa
1003 3085 1124 3141 seientia
1142 3084 1238 3139 lesum
1258 3100 1320 3140 ess·

733 3157 835 3216 Filium
846 3157 1005 3221 Deisedex
1018 3156 1189 3227 conjecturis
1202 3156 1320 3225 quibus·

732 3230 797 3286 dam
812 3229 1012 3301 opinabantur,
1028 3233 1196 3283 nontamen
1214 3226 1249 3283 de
1266 3226 1321 3284 boc

733 3301 813 3359 certi.
843 3301 923 3358 Unde
953 3300 1129 3369 Aupostinos
1154 3315 1165 3353 :
1201 3314 1216 3348 ι
1240 3296 1320 3363 Quod

733 3373 878 3428 daemones
887 3370 1012 3427 clamant
1023 3388 1030 3427 :
1043 3368 1118 3436 Quid
1126 3367 1206 3423 nobis
1217 3370 1243 3422 et
1256 3367 1320 3431 tibi,

732 3445 798 3499 lesu
815 3442 871 3496 Fili
885 3443 963 3495 Dei?
988 3441 1080 3511 magis
1105 3453 1139 3493 ex
1158 3435 1320 3508 suspicione

734 3526 820 3586 quam
834 3528 867 3567 ex
882 3509 1044 3583 cognitione
1067 3508 1168 3565 dixisse
1184 3508 1319 3564 credendi

732 3590 810 3642 sunt:
825 3584 859 3641 si
870 3584 942 3639 enim
956 3583 1153 3653 conuenissent,
1168 3596 1320 3653 numquam

731 3658 878 3715 nominum
893 3655 989 3725 ploriae
1001 3656 1241 3727 prompsissent.»
1257 3653 1320 3711 latis

733 3729 843 3785 duobus
869 3727 1052 3785 daemoniacis
1080 3743 1113 3783 er
1136 3727 1239 3785 timore
1266 3728 1320 3783 Do·

732 3801 802 3858 mini
828 3800 1011 3857 adorantibus
1043 3805 1071 3856 et
1104 3799 1319 3868 confitentibus,

731 3871 838 3928 similes
851 3876 917 3928 sunt
930 3872 979 3945 qui
1001 3871 1104 3928 timore
1119 3871 1258 3944 gebenna
1274 3885 1322 3941 po·

732 3943 788 4000 tius
809 3957 895 4016 quam
917 3958 1015 4000 amore
1036 3941 1153 4015 jnstiriae
1179 3943 1237 3998 Deo
1264 3953 1322 3994 ser-

732 4015 813 4071 viunt
841 4031 849 4083 3
878 4017 927 4084 qui
951 4015 1042 4087 magis
1068 4014 1176 4071 babent
1205 4008 1320 4065 oculum

731 4086 877 4143 sinistrum
896 4086 932 4142 ad
945 4087 1118 4169 gehennam,
1134 4081 1178 4137 vel
1193 4081 1229 4136 ad
1245 4092 1320 4134 eom·

733 4158 850 4214 modum
869 4158 1075 4220 transitorium,
1099 4166 1185 4225 quam
1204 4148 1319 4230 oculum

733 4229 862 4285 dextrum
876 4229 913 4285 ad
928 4229 1030 4286 culum
1045 4231 1073 4283 et
1086 4219 1320 4283 incommutabile

732 4300 851 4364 bonum,
878 4314 937 4356 non
952 4297 1043 4371 gratis
1068 4295 1194 4353 colentes
1216 4293 1317 4349 Deum.
