2880 4942
146 338 192 390 28‘2
380 407 386 417 .
488 336 598 391 lllltdt
626 336 744 392 illlis
770 334 874 389 CAPUT
901 334 1045 388 cxxxiii

148 445 231 503 detur
245 445 319 503 rolla
339 461 404 503 enm
430 444 578 517 scripsisse
599 463 606 501 z
634 447 731 512 Terra,

147 523 235 588 terra,
254 520 376 576 absorbe
397 517 473 574 viros
493 520 560 573 istos
579 516 734 574 abdicatus.

148 591 211 660 Vel,
229 593 384 648 secundum
401 591 577 646 Anibrosinm
603 606 609 644 :
636 592 733 653 Terra,

151 669 257 720 terram
272 663 403 720 accersas!
416 662 474 731 Vel,
486 662 642 718 secundum
654 678 736 733 quos·

154 737 229 804 dam,
244 735 335 809 primo
351 752 380 790 se
395 734 543 801 inclinans,
554 736 667 806 scripsit
677 750 737 789 rcr-

151 809 188 865 ba
202 809 262 863 brec
278 826 286 862 :
303 808 400 876 Terra,
416 811 503 873 terra,
520 811 607 876 terra,
623 823 682 862 rnen
697 810 736 863 est

150 882 373 950 aquileiensium
385 885 424 934 est
430 879 579 949 judicium,
590 894 684 936 meum
694 883 737 936 est

147 950 277 1026 judicare
288 949 368 1008 illum
379 951 421 1008 rel
429 951 506 1008 illam
512 969 521 1023 ;
532 954 656 1009 secundo
668 967 736 1008 vero

151 1040 181 1081 se
197 1025 347 1092 inclinans,
368 1023 481 1097 scripsit
499 1042 506 1081 ε
526 1026 613 1081 Terra
630 1029 736 1081 terram

150 1101 279 1167 accusat3
300 1113 388 1152 meum
411 1102 505 1153 aulem
522 1101 562 1153 est
584 1097 734 1168 judicium.

149 1168 738 1241 Vel,secundumGlossemscribebatpec-

152 1245 216 1299 cala
225 1257 335 1310 eorum,
346 1248 376 1299 ut
387 1257 435 1298 eos
448 1243 611 1298 ostenderet
626 1244 738 1314 ineptos

150 1314 185 1370 ad
198 1316 280 1385 hujus
289 1313 437 1371 sententiae
449 1313 661 1382 executionem
674 1330 737 1384 cquae

151 1385 192 1442 illi
205 1387 332 1458 legentes
346 1402 404 1458 prae
419 1385 588 1442 verecundia
599 1386 736 1442 exierunt.

152 1459 186 1513 El
205 1464 266 1513 crat
288 1458 336 1513 illu
360 1460 498 1525 scriptura
519 1457 631 1514 Domini
651 1462 738 1513 tantae

151 1529 276 1597 virtutis,
293 1529 369 1601 quod
385 1529 504 1601 quilibet
519 1545 617 1585 eorum
635 1546 738 1601 cogno·

151 1602 248 1657 scobat
266 1604 294 1656 in
309 1616 343 1657 en
359 1605 474 1673 peccata
489 1617 549 1658 sua.
563 1603 624 1657 Non
635 1601 739 1658 scribe-

151 1672 200 1729 bat
225 1687 278 1744 per
303 1673 424 1743 singula,
450 1673 499 1729 sed
525 1674 618 1745 patuit
645 1673 739 1730 lacere

151 1743 256 1800 virtute
276 1743 380 1813 divina,
399 1745 473 1817 quod
491 1744 520 1801 in
535 1744 631 1816 aliqua
646 1746 739 1815 figura

151 1817 188 1874 ab
201 1833 235 1873 co
250 1822 403 1889 protracta,
418 1817 537 1889 quilibet
549 1833 648 1875 eorum
663 1817 739 1874 ride·

151 1893 195 1946 ret
210 1906 260 1946 suu
277 1892 393 1962 propria
409 1895 533 1963 peccata,
550 1895 648 1946 elnon
671 1892 736 1948 alia.

151 1965 188 2019 El
202 1965 301 2019 iterum
317 1978 345 2018 se
361 1965 510 2033 inclinans,
527 1963 672 2033 scribebat,
690 1979 737 2020 ca·

152 2033 217 2091 dem
234 2035 338 2105 denuo,
355 2037 384 2091 ln
406 2040 490 2092 terro.
506 2037 587 2104 Quasi
607 2034 711 2092 diceret
729 2052 736 2092 ε

154 2105 182 2163 Si
199 2105 254 2163 ista
271 2114 313 2163 est
327 2107 480 2181 peccatrix,
497 2114 525 2163 ot
544 2124 593 2164 ros
608 2107 739 2164 similiter

152 2177 222 2235 estis
238 2186 409 2251 peccatores.
428 2182 532 2236 Eadem
547 2180 639 2236 denuo
657 2181 738 2234 incli-

152 2256 237 2307 natus
251 2250 413 2321 scripsit,ut
423 2253 586 2308 ostenderet
601 2252 738 2323 majorem

151 2325 300 2379 sentcntiae
315 2339 373 2379 suae
390 2323 565 2384 lirmitalem.
583 2330 612 2379 et
626 2340 674 2379 cos
688 2339 739 2380 sun

152 2395 260 2451 visione
275 2393 408 2467 indignos
423 2411 496 2452 esso.
509 2395 598 2463 Unde,
610 2412 673 2452 cum
689 2410 739 2452 eos

150 2467 210 2525 zelo
223 2466 342 2540 justitiae
358 2466 553 2540 percussisset,
570 2484 625 2523 non
642 2472 682 2524 est
696 2467 739 2523 di-

151 2549 255 2612 gnatus
282 2556 330 2596 cus
356 2540 520 2609 attendere3
542 2540 592 2596 sed
609 2541 739 2598 obtutum

150 2614 187 2670 ab
201 2613 241 2668 eis
253 2612 355 2668 avertit
368 2630 374 2670 :
387 2612 482 2685 inquo
497 2612 580 2668 docet
590 2629 651 2680 nos,
666 2614 740 2669 sicut

151 2686 232 2756 prius
251 2690 315 2740 ante
332 2684 541 2756 surreptionem
556 2684 683 2755 alterius,
701 2685 740 2740 ila

149 2762 261 2828 etpost,
274 2756 465 2829 uomet-ipsos
478 2756 624 2813 humiliter
639 2757 739 2814 inves-

151 2828 252 2899 tigare.
274 2844 309 2882 ne
326 2828 401 2883 idem
418 2829 460 2882 thl
476 2830 583 2898 aliquid
600 2827 693 2884 simile
711 2830 740 2884 in

151 2897 235 2955 nobis
250 2900 296 2953 sit.
313 2899 461 2955 inclinavit
473 2915 514 2965 se,
525 2908 550 2956 et
561 2899 669 2955 vultum
684 2899 739 2956 alio

151 2969 234 3026 vertit
256 2969 397 3042 benignus
416 2971 554 3027 Dominus
577 2973 664 3028 etiam
709 2988 739 3026 ro

151 3039 263 3099 aennulis
278 3051 305 3099 ct
318 3042 490 3100 adversariis
505 3041 574 3112 suis,
588 3043 667 3115 quasi
684 2989 739 3099 gis-

151 3115 296 3187 simulans,
319 3119 348 3169 ul
365 3131 382 3171 a
399 3113 520 3172 stultitia
541 3130 593 3172 sira
612 3115 739 3172 declina-

151 3192 226 3258 rent,
243 3194 271 3243 et
285 3191 314 3243 ut
328 3203 425 3244 corum
440 3188 621 3245 verecundiae
638 3205 740 3247 consu·

148 3260 220 3329 lens,
237 3259 358 3317 liberam
378 3259 498 3318 exeundi
519 3261 681 3318 incultilem
699 3261 741 3318 eis

150 3335 246 3403 daret3
276 3349 350 3405 quos
378 3332 462 3391 citius
493 3331 620 3391 exituros
654 3350 740 3406 quam

149 3406 233 3479 plura
252 3406 480 3478 interrogaturos
499 3406 686 3477 praevidebat.
712 3405 740 3463 si

151 3477 228 3535 enim
243 3494 291 3534 eos
306 3478 467 3536 intueretur
482 3479 511 3536 in
536 3480 620 3548 facie,
649 3476 740 3551 magis

150 3552 353 3607 erubescerent
371 3555 468 3623 exirc3
487 3553 531 3608 lac
549 3551 690 3621 similiter,
708 3567 740 3607 nc

152 3621 278 3703 conlusis
303 3623 433 3694 condole,
456 3628 484 3681 et
508 3625 537 3680 in
558 3623 658 3681 laciem
683 3622 741 3680 noli

155 3708 306 3764 respicere.

187 3769 203 3834 d
218 3765 360 3835 Qurnrncr,
376 3782 522 3830 nuraounu
532 3785 610 3825 duros
622 3785 741 3837 runicus,

153 3855 216 3894 τωο
229 3854 391 3901 ursoumanc
402 3856 497 3895 nnucr.
513 3843 609 3896 -llic
625 3840 741 3897 instrui-

154 3926 219 3967 mur
238 3925 270 3966 οη
290 3908 395 3966 Christi
421 3910 531 3968 actione
561 3912 692 3984 qualitor,
714 3912 742 3969 in

150 3983 314 4055 judicandis
351 3981 544 4055 proximorum
575 3984 740 4054 defectibus,

153 4054 246 4111 lldelis
266 4052 385 4126 quisque
402 4055 505 4112 debeat
522 4072 552 4113 se
569 4058 685 4113 habere.
699 4059 741 4113 dd

155 4127 230 4198 quod
246 4127 392 4186 sciendum
407 4128 499 4201 quod:
514 4128 647 4201 -primo
658 4129 743 4186 debet

154 4198 240 4257 homo
255 4205 321 4258 ante
339 4202 436 4259 oculos
455 4200 549 4259 cordis
573 4208 690 4275 peccata
715 4207 743 4259 et

156 4270 283 4351 delectus
297 4275 428 4346 proprios
447 4274 582 4344 scribere,
598 4279 629 4331 ut
646 4273 686 4330 sic
701 4290 743 4332 se-

156 4356 250 4413 ipsum
268 4343 392 4415 judicet;
421 4350 449 4403 et
475 4350 541 4404 lunc
565 4343 679 4420 dignior
707 4344 743 4404 stt

98 4548 149 4624 h

791 441 863 501 alios
875 441 1013 514 indicare.
1034 442 1163 511 eraestio
1181 459 1189 501 ε
1207 445 1317 502 Utrum
1332 461 1395 519 pec-

792 521 871 572 cator
884 517 972 587 possit
978 514 1119 588 Judicare,
1132 521 1163 572 et
1173 517 1397 588 reprehendere

791 588 884 645 alios?
898 587 940 644 Ad
953 588 1027 659 quod
1043 587 1203 645 dicendum
1221 592 1305 661 quod
1318 592 1395 663 judi·

792 677 860 717 cans
879 664 925 716 aul
949 665 991 716 est
1006 659 1134 717 irretitus
1152 660 1255 718 solum
1272 679 1395 721 commu·

793 733 876 789 nibus
894 734 1017 805 peccatis
1032 738 1061 788 et
1075 732 1201 803 levibus,
1219 739 1253 790 et
1277 741 1346 792 ωηο
1360 737 1393 795 nd

793 805 1005 876 corripiendum
1017 821 1073 861 non
1088 805 1227 862 redditur
1237 805 1392 879 indignus3

792 882 841 934 aut
855 879 957 933 eodem
974 882 1087 948 peccato
1102 877 1148 934 rel
1165 879 1277 952 majori
1291 881 1328 936 de
1339 897 1392 953 quo

793 948 911 1022 corripit
927 950 1025 1018 aliurn,
1041 954 1069 1006 et
1087 954 1156 1006 tunc
1172 960 1228 1007 aut
1246 958 1390 1023 peccatum

793 1020 973 1094 corripientis
992 1026 1034 1078 est
1057 1021 1262 1087 manifestum.
1280 1033 1330 1082 aut
1346 1041 1388 1081 oc·

793 1093 899 1150 cultum
918 1111 924 1149 :
942 1093 965 1150 si
981 1098 1023 1150 est
1033 1093 1235 1165 manifestum,
1253 1101 1324 1153 tunc
1337 1113 1387 1154 non

792 1170 883 1240 potest
899 1167 1040 1238 corripere
1049 1173 1167 1238 propter
1177 1168 1305 1239 proximi
1316 1185 1389 1226 scan-

792 1239 888 1295 dalum
901 1255 907 1305 ;
921 1236 945 1295 si
960 1239 1112 1306 occultum,
1129 1245 1181 1296 aut
1198 1240 1239 1296 de
1257 1257 1292 1297 eo
1306 1241 1385 1314 poeni·

793 1315 843 1377 tet,
854 1316 955 1366 ettunc
970 1315 1063 1382 polest
1073 1326 1138 1367 cum
1155 1312 1385 1371 humilitatecor·

793 1381 885 1454 ripere
896 1381 977 1450 alios,
993 1389 1023 1438 ut
1035 1387 1062 1437 ct
1073 1383 1125 1454 ipsi
1139 1383 1177 1440 de
1190 1385 1254 1442 suis
1271 1387 1385 1457 peccetis

793 1457 972 1526 poeniteaut;
989 1462 1038 1509 aut
1054 1471 1112 1510 non
1125 1456 1265 1528 poenitet,
1282 1464 1310 1516 el
1324 1465 1383 1515 tuuc

794 1526 871 1582 nullo
895 1527 979 1584 modo
1001 1525 1103 1598 dignus
1127 1533 1170 1584 cst
1192 1529 1272 1587 alios
1297 1546 1382 1604 repre

793 1599 928 1655 bendere.
946 1599 1021 1657 Talis
1051 1599 1125 1656 enim
1154 1603 1303 1672 correctio
1332 1619 1382 1660 non

792 1670 921 1743 procedit
935 1687 968 1728 ea
983 1670 1110 1740 caritate,
1126 1673 1171 1729 vel
1187 1673 1253 1730 vitii
1270 1674 1384 1732 detesta-

793 1746 881 1813 tione,
901 1743 968 1816 quia
991 1745 1061 1799 alias
1089 1743 1167 1813 tirius
1194 1745 1383 1804 detestaretur

793 1813 823 1870 in
843 1832 872 1871 se
890 1831 976 1885 quam
995 1815 1023 1870 in
1048 1815 1114 1885 elio,
1132 1833 1185 1874 nec
1199 1818 1291 1876 bomo
1306 1819 1383 1878 debet

793 1889 857 1970 plus
874 1887 993 1970 diligere
1009 1887 1168 1970 proximum
1182 1905 1275 1962 quarn
1288 1899 1381 1950 semel·

793 1975 887 2030 ipsum
902 1978 908 2029 ;
934 1976 990 2016 rmo
1008 1977 1036 2016 m
1051 1961 1104 2017 boc
1116 1977 1183 2019 casu
1198 1962 1230 2019 in
1247 1980 1308 2037 quo
1327 1965 1381 2038 ipse

794 2032 881 2088 alium
906 2034 1025 2103 judicat,
1041 2033 1168 2103 seipsum
1195 2036 1379 2094 condemnat.

794 2105 827 2160 Et
842 2105 894 2160 bac
908 2110 1003 2161 aulem
1022 2105 1202 2178 propriorum
1224 2109 1384 2166 defectuum

794 2175 1023 2233 consideratione
1050 2178 1207 2234 innascitur
1226 2181 1382 2251 humilitas,

794 2254 821 2303 ct
841 2249 900 2304 haec
917 2249 1061 2306 humilitas
1077 2250 1198 2307 docetur
1214 2250 1247 2308 iu
1267 2251 1382 2311 inclina·

792 2322 870 2376 tione
891 2322 1002 2377 Domini
1017 2323 1149 2378 deorsum
1165 2326 1312 2406 usquead
1330 2331 1383 2382 tec·

793 2408 866 2449 ram.
883 2394 1072 2463 -Secundo,
1088 2395 1172 2451 debet
1183 2402 1273 2453 ettam
1289 2398 1383 2467 homo,

794 2470 947 2593 antequam
962 2465 1048 2522 alium
1063 2468 1212 2540 corripiat,
1231 2485 1298 2526 cum
1313 2485 1385 2527 sum·

794 2553 840 2593 ma
882 2537 1030 2594 iscretione
1047 2537 1206 2610 disquirere
1233 2540 1313 2598 duo:
1330 2541 1385 2616 pri·

794 2625 851 2678 mo,
873 2625 1003 2681 personae
1029 2609 1258 2681 dispositionem,
1274 2629 1313 2671 an
1333 2614 1385 2671 sci-

793 2680 1386 2753 lieetsiesitdispositusutexhocemen-

794 2754 887 2819 delur,
901 2760 949 2810 aut
965 2770 1041 2819 norn3
1059 2755 1193 2827 secundo,
1208 2756 1277 2814 lacti
1291 2759 1383 2831 quali·

793 2830 881 2882 talem
903 2832 930 2882 et
952 2825 1205 2898 circumstantiam,
1220 2846 1258 2885 an
1277 2831 1386 2888 scilicet

794 2898 897 2954 lactum
912 2900 986 2969 quod
1003 2898 1187 2971 reprehendit
1210 2899 1242 2957 in
1265 2902 1334 2971 alio,
1350 2902 1384 2960 sit

794 2971 949 3026 secundum
970 2986 999 3026 se
1024 2971 1140 3039 rnalum,
1158 2976 1187 3028 ct
1213 2978 1282 3031 tunc
1303 2976 1386 3032 debet

794 3046 953 3112 corripere;
968 3048 1016 3099 aul
1036 3043 1071 3099 ad
1088 3044 1270 3115 unumnbet,
1283 3051 1318 3103 ut
1333 3048 1384 3105 sci-

795 3113 861 3170 licet
876 3116 947 3171 bene
963 3115 1024 3170 lieri
1047 3115 1137 3187 possit
1159 3120 1188 3172 et
1215 3118 1303 3189 male,
1318 3124 1385 3177 tunc

795 3194 839 3243 est
857 3185 886 3242 in
908 3186 1054 3243 meliorem
1071 3195 1180 3259 partem
1197 3187 1384 3262 interpretan-

795 3259 872 3315 dum.
886 3290 919 3299 -
933 3259 1037 3326 Tertio,
1050 3260 1135 3316 debet
1148 3259 1310 3333 disquirere
1326 3280 1384 3337 pro-

797 3333 888 3404 priam
915 3329 1120 3401 inlcntioncm,
1151 3348 1188 3388 an
1213 3334 1326 3392 scilicet
1354 3352 1384 3393 ex

796 3401 914 3460 caritate
929 3410 1076 3460 moveatur
1086 3404 1121 3460 ad
1133 3404 1218 3462 talem
1233 3407 1383 3482 correptio

795 3492 873 3546 nem,
894 3476 937 3532 rel
961 3492 994 3532 ex
1018 3475 1160 3547 passione,
1181 3476 1225 3534 rel
1241 3494 1275 3535 ex
1295 3481 1383 3565 suspi-

796 3547 893 3618 cione;
906 3550 941 3606 de
956 3548 1060 3605 talibus
1072 3547 1190 3619 judiciis
1208 3553 1384 3610 temerariu-

796 3619 901 3676 dicitur
916 3619 984 3678 alibi
1001 3642 1008 3679 ι
1025 3623 1117 3681 Nolite
1131 3620 1274 3696 judicare,
1290 3631 1323 3683 nt
1336 3641 1384 3683 non

793 3692 971 3764 judicemini.

833 3765 994 3822 5Can1srus
1016 3783 1152 3823 uunruneu
1169 3785 1332 3828 annaneane
1347 3788 1384 3828 sr-

797 3854 988 3895 senrconmran
1018 3856 1195 3895 nturrrm.—
1223 3841 1267 3899 llli
1293 3849 1385 3901 autent

798 3910 851 3966 hoc
865 3912 1008 3967 audientes
1020 3928 1120 3969 omnes
1136 3929 1209 3969 unus
1222 3921 1287 3987 posi
1302 3918 1385 3973 aliun

797 3982 922 4049 coibant,
945 3988 1012 4054 quia
1038 4000 1136 4041 ornrtes
1163 3995 1333 4059 peccatores
1359 4003 1385 4045 sa

798 4069 860 4110 csse
876 4055 1011 4118 sciebant,
1029 4057 1104 4127 quod
1125 4062 1153 4113 et
1174 4062 1234 4131 ipso
1255 4060 1385 4119 abscessu

798 4126 833 4183 de
849 4142 879 4182 se
894 4126 1015 4183 confessi
1028 4133 1113 4199 sunt;
1129 4133 1295 4204 incipientes
1312 4151 1329 4189 a
1350 4148 1385 4189 se

798 4198 940 4280 nidoribus,
961 4203 1022 4255 tum
1046 4199 1114 4273 quia
1137 4203 1320 4272 gravioribus
1335 4204 1384 4262 im·

798 4270 893 4400 pileati
916 4275 1000 4354 erant
1019 4273 1145 4357 peccatis
1162 4280 1191 4332 et
1209 4275 1385 4349 criminibus,

811 4356 858 4400 um
875 4356 942 4414 quia
960 4343 1064 4404 molius
1075 4347 1291 4419 cognoscebant
1303 4347 1385 4423 aequi-
