2880 4942
138 327 169 381 6⁴2
524 319 633 373 Pllllltll
661 320 780 376 Plutls
809 321 912 374 Chl’ll'l
939 319 995 374 tlt

782 442 814 483 se
825 425 957 497 diligunt.
968 429 996 480 ut
1007 426 1064 482 Deo
1075 424 1168 483 minus
1177 427 1314 499 serviant,
1329 429 1376 489 vel

802 502 896 554 enitus
921 512 938 553 a
959 496 1006 552 Dei
1027 497 1142 554 servilio
1168 515 1199 555 se
1227 505 1373 561 avertant.

782 515 862 627 finde
875 567 1002 640 loquitur
1015 568 1059 624 bic
1073 569 1108 626 de
1124 571 1304 642 separatione
1314 573 1373 646 spi-

140 430 222 490 lundi
234 429 348 497 haheo;
366 430 397 483 ut
424 422 633 506 baptizatuslin
657 440 724 481 seu·

139 503 226 577 guine
249 518 313 558 meo
332 498 404 555 alios
428 496 567 566 baptizem
587 512 617 551 tn
632 512 677 566 eo,
694 501 725 553 ut

140 591 191 634 eos
208 589 300 646 magrs
316 571 343 627 in
360 585 453 625 meum
476 570 630 624 accendam
645 584 724 625 amo·

139 662 212 705 rem.
232 644 305 702 Nihil
322 641 397 698 enim
411 640 542 710 estquod
558 638 598 694 ita
612 638 723 709 excitet,

138 723 168 777 et
180 717 316 774 accendat
332 729 383 768 nos
393 713 428 769 ad
440 710 614 782 diligendum
625 713 724 780 Deum,

138 788 211 847 sicut
230 787 305 859 quod
327 800 426 856 passus
445 789 488 839 est
515 799 565 854 pro
589 782 680 845 nobis.
696 787 725 839 et

137 859 168 918 in
185 857 326 929 sanguine
341 872 391 912 suo
407 853 473 910 lavit
496 870 579 911 nosa
601 853 724 926 peccatis

139 930 256 989 nestris.
279 930 312 984 Ut
337 932 432 983 auum
449 924 517 981 dirit
534 928 697 982 Ambrosius
715 942 723 982 :

139 1025 154 1053 a
168 1004 260 1059 Tanta
281 1007 324 1057 est
347 997 456 1054 Domini
473 996 609 1068 dignatio,
629 1003 659 1054 ut
677 996 722 1053 in·

136 1072 291 1131 fundendae
308 1070 390 1127 nobis
411 1069 580 1138 devotionis,
603 1074 632 1125 et
651 1085 722 1125 con·

136 1144 312 1203 summaodae
332 1140 513 1213 perfectionis
536 1140 566 1196 in
587 1139 679 1208 nobis,
694 1145 723 1197 et

137 1216 316 1274 maturandae
330 1229 380 1285 pro
401 1212 482 1269 nohis
504 1211 647 1268 Passionis
662 1217 722 1268 stu·

137 1287 215 1346 hum
233 1286 286 1344 sibi
303 1288 395 1341 inesse
410 1289 538 1340 testetur.
556 1305 569 1335 o
587 1283 664 1340 Unde
680 1299 723 1340 se·

136 1359 232 1432 qttilur
248 1362 299 1414 :Et
315 1357 448 1427 quornodo
461 1361 592 1419 coarcter,
609 1355 652 1410 vel
669 1370 720 1410 en·

135 1444 199 1504 gor,
212 1435 240 1486 et
254 1427 416 1494 contristor,
434 1444 519 1496 usque
533 1429 598 1481 dum
610 1428 720 1496 perfiet·

137 1506 211 1564 etur.
221 1517 271 1573 per
284 1499 457 1561 Passionem,
466 1496 719 1569 meusbaptismus,

136 1576 165 1629 et
183 1571 331 1627 hominum
345 1569 432 1635 salus,
453 1568 480 1623 id
496 1575 539 1624 est
553 1572 659 1639 qrramto
672 1568 721 1624 de·

138 1641 244 1700 siderio
271 1641 373 1697 allecto
390 1638 549 1695 orationem
571 1654 663 1695 meam
694 1643 723 1695 et

136 1713 302 1771 Passionem
316 1727 366 1782 pro
379 1712 469 1766 salute
477 1711 590 1781 generis
602 1709 720 1767 humani

135 1783 342 1842 consummari!
355 1783 438 1850 Quasi
449 1782 557 1838 diceret
570 1800 577 1838 :
590 1782 718 1839 Multum.

135 1856 190 1913 Per
215 1858 268 1912 boc
293 1872 360 1928 crgo
389 1853 555 1925 intelligitur
588 1869 721 1926 magnum

134 1927 309 1985 desiderium
330 1928 391 1998 ejus
410 1925 576 1997 perficiendi
592 1932 720 1982 nostram

133 1999 265 2063 salutem,
282 2016 333 2071 pcr
352 2015 432 2054 suam
447 1998 622 2054 Passionem.
641 1998 721 2055 Unde

133 2070 201 2128 alibi
216 2072 376 2127 :Desiderio
391 2071 547 2125 desideravi
558 2072 607 2125 hoe
616 2071 721 2125 Pascite

132 2143 301 2198 manducare
317 2142 466 2206 eolriscum,
484 2147 513 2197 ut
538 2140 606 2195 mihi
629 2141 721 2196 unire-

133 2212 203 2269 mini
234 2229 285 2284 per
315 2211 505 2267 dilectionem.
537 2211 615 2266 Unde
644 2211 720 2266 idem

134 2283 298 2339 Ambrosius
316 2301 324 2335 :
342 2303 356 2331 α
372 2283 439 2336 Cum
456 2281 533 2336 enim
551 2279 578 2334 in
604 2296 634 2335 se
650 2280 719 2335 nihil

133 2352 233 2410 habuit
259 2352 334 2423 quod
357 2350 477 2419 doleret,
494 2350 599 2406 nostris
624 2356 720 2408 tamen

132 2425 292 2495 angebatur
303 2422 447 2491 aerumnis
461 2428 489 2478 et
504 2428 631 2494 tempore
645 2437 719 2479 mor·

132 2494 170 2554 tis
178 2495 341 2552 moestitiam
352 2495 555 2566 praetendebat,
567 2510 652 2565 quam
661 2510 720 2550 nou

133 2582 165 2626 ex
180 2574 257 2624 metu
272 2567 370 2623 mortis
382 2584 451 2637 sua,
465 2566 514 2623 sed
526 2582 560 2622 ex
576 2581 655 2622 mora
669 2581 720 2623 no-

132 2642 200 2697 strae
214 2638 418 2710 redemptionis
432 2644 624 2709 assumpserat
638 2654 645 2693 :
659 2638 720 2695 haec

132 2712 305 2768 Ambrosius.
322 2732 336 2761 »

169 2802 183 2839 a
200 2785 323 2839 Dournns
338 2797 455 2836 ceantur
471 2798 525 2836 uon
545 2797 641 2847 raceu,
659 2797 718 2836 urr-

133 2869 201 2909 rene
215 2870 304 2908 venir.
326 2883 355 2892 -
378 2854 410 2908 Ut
430 2851 611 2907 autemdicit
630 2853 716 2916 Dede,

132 2925 275 2997 quomodo
291 2929 354 2994 post
370 2921 514 2994 Daptisma
528 2938 587 2978 suae
608 2923 719 2979 Passio-

131 2994 186 3063 nis,
204 3001 268 3065 post
283 2993 356 3064 ignis
374 2992 530 3065 spiritualis
549 2991 716 3063 adventum,

131 3070 208 3123 terra
225 3066 260 3121 sit
279 3081 389 3132 arsura,
412 3064 548 3132 declarat,
566 3065 715 3121 subdens:

130 3139 221 3197 Nolite
236 3138 380 3198 arbitrari,
395 3135 477 3191 idest
490 3136 577 3191 nolite
590 3136 660 3192 lalso
671 3137 717 3207 ju·

130 3208 204 3265 dicio
228 3207 345 3265 rationis
366 3205 489 3279 opinari,
510 3211 577 3278 quie
598 3211 718 3263 vermem

129 3283 248 3349 mittere,
264 3280 293 3335 id
312 3284 355 3335 est
375 3295 538 3351 procurare,
556 3279 598 3335 rel
613 3279 717 3336 conflr-

129 3362 219 3422 mare‚
231 3369 325 3423 pacem
335 3355 364 3407 in
375 3359 486 3414 terram,
498 3350 526 3407 id
545 3355 587 3408 est
602 3367 719 3408 concor·

130 3423 207 3482 diam
221 3440 317 3497 pravae
330 3423 520 3497 colligationis
533 3439 582 3479 seu
597 3422 719 3480 carnalis

129 3495 296 3553 allectionis.
319 3499 379 3555 Noa
405 3499 465 3550 rent
492 3511 586 3566 pacem
612 3495 720 3553 scilicet

129 3566 217 3622 telem
238 3571 353 3632 mittere,
381 3567 427 3638 qui
453 3583 585 3637 guerram
613 3567 719 3624 cousti-

129 3635 195 3704 tuit,
210 3642 239 3691 et
255 3637 399 3692 bominem
415 3637 560 3693 inimicum
573 3637 622 3693 Dei
637 3637 718 3705 iacit;

129 3705 372 3773 coaptaremus
397 3715 440 3763 est
460 3708 670 3779 separationem
691 3714 720 3763 et

129 3775 326 3849 precisionem
340 3778 412 3848 ejus,
423 3794 485 3847 nuce
499 3793 597 3849 pacem
611 3777 720 3834 inducit

130 3853 159 3905 et
189 3847 335 3903 homiuem
371 3851 428 3904 Deo
462 3848 618 3920 coniungit.
650 3851 721 3904 Veni

129 3917 235 3978 etenim
245 3935 373 3990 sepmere
381 3921 525 3983 bominem,
537 3918 565 3975 id
576 3925 619 3976 est
629 3918 718 3975 illium

130 3992 263 4049 adversus
283 3998 391 4057 pertrem
410 4006 500 4052 stram.
515 3997 540 4046 et
560 3992 648 4061 fitium
667 3990 717 4046 ad-

128 4080 223 4121 versus
235 4069 349 4119 matrem
361 4079 450 4123 sutem.
463 4069 488 4118 et
511 4079 610 4119 nurum
622 4063 718 4118 aduer-

129 4151 399 4203 sussocrumsuom,
425 4133 454 4189 id
479 4139 534 4204 est,
559 4135 717 4191 secundum

131 4207 278 4264 Glossam:
301 4207 366 4263 Veni
389 4205 514 4278 privatos
532 4205 626 4262 carnis
646 4206 716 4262 alle·

132 4283 194 4336 etus
217 4279 406 4352 exstinguere,
423 4277 527 4350 quibus
541 4276 582 4336 ita
596 4276 717 4336 invicem

783 641 888 708 rituali,
909 639 1015 696 scilicet
1037 641 1072 696 ab
1099 657 1197 699 amore
1213 645 1374 704 amicorum

782 712 958 780 inordinato,
973 729 1028 767 non
1042 712 1076 768 dc
1091 715 1241 785 corporali,
1256 717 1372 787 quande

782 791 825 840 est
847 785 908 840 siue
932 784 1104 840 contumelia
1124 786 1267 843 Creatoris
1282 790 1311 844 el
1326 787 1373 845 ol·

782 857 881 923 lensa;
897 861 922 911 et
936 859 1042 910 inimici
1053 859 1181 918 trorninis.
1195 858 1243 930 qui
1261 857 1374 917 scilicet

782 927 822 985 sic
843 934 990 998 separatus
1006 934 1048 982 cst
1072 931 1108 985 ab
1134 928 1207 996 aliis,
1231 930 1275 986 vel
1300 930 1370 1000 lide,

781 1000 824 1055 rel
840 999 988 1068 religione,
1000 1005 1027 1054 et
1043 998 1181 1067 moribus,
1198 1007 1264 1057 sunt
1279 1002 1372 1059 dome·

780 1069 991 1141 clericionem
1015 1070 1100 1126 etium
1123 1078 1189 1128 ante
1208 1072 1371 1144 separatio·

779 1159 856 1203 nem.
872 1143 924 1198 etsi
950 1141 1103 1198 carnaliter
1121 1143 1254 1214 diligunt,
1269 1150 1371 1203 tamen

779 1214 964 1286 spiritualiter
976 1214 1162 1280 odiunt,dum
1179 1215 1371 1275 cursumritae

778 1285 934 1358 spiritualis
954 1285 1122 1355 impediunt.
1141 1317 1173 1327 —
1198 1287 1305 1343 Deinde
1320 1303 1368 1345 os·

778 1358 869 1414 tendit
885 1356 1022 1412 Dominus
1037 1357 1152 1412 modum
1166 1374 1222 1429 quo
1234 1360 1311 1415 veuit
1323 1375 1369 1416 se·

777 1444 878 1501 parare
897 1427 1038 1483 bominem
1057 1429 1092 1484 ab
1110 1428 1220 1497 amicis,
1241 1436 1270 1486 et
1286 1428 1369 1512 ponit

777 1500 901 1570 quinque
917 1498 1121 1569 impedimenta
1132 1500 1324 1571 perfectionis,
1339 1506 1370 1559 et

776 1572 900 1641 sequelae
929 1570 1044 1636 ctntstt,
1062 1588 1125 1640 nuae
1153 1572 1282 1630 volentes
1302 1588 1370 1631 eum

776 1640 869 1710 senui,
889 1657 1038 1697 removere
1056 1642 1171 1698 debent.

812 1714 952 1769 3Pn1uuu
980 1730 1180 1770 1urnnrusunuu
1209 1732 1368 1773 rennuente·

775 1803 819 1842 tus
834 1802 865 1840 nr
885 1802 1011 1846 scopate
1034 1788 1142 1842 Cnnrsn
1160 1806 1165 1843 :
1184 1804 1368 1845 rnonnnrnres

776 1874 986 1919 rnoernouonuu
1002 1874 1074 1913 nuon
1101 1889 1136 1898 —
1150 1858 1252 1926 Incipit
1272 1859 1368 1940 apri·

776 1945 823 1985 mo
837 1927 1060 1997 impedirrrendo,
1074 1929 1150 1999 quod
1166 1929 1368 1987 estinordtna-

776 2006 821 2057 tus
841 2017 922 2056 amor
938 2000 1175 2072 propinquorum,
1203 2001 1238 2057 de
1253 2018 1309 2072 quo
1325 2001 1370 2059 sie

776 2071 839 2128 ait:
868 2074 922 2139 Qui
936 2079 1012 2126 rernm
1039 2077 1156 2141 putrem,
1177 2079 1226 2128 eret
1249 2078 1369 2130 matrem

775 2145 818 2198 vel
833 2146 932 2211 prtum,
950 2149 1000 2196 rud
1016 2145 1103 2209 filium
1121 2145 1185 2212 plus
1214 2160 1297 2212 rpuem
1313 2160 1368 2214 me,

775 2214 850 2284 qutul
877 2213 909 2266 fit
939 2212 1141 2280 multipliciter,
1158 2228 1221 2268 cum
1246 2220 1370 2286 propter

774 2300 824 2339 eos
839 2283 874 2336 ad
892 2283 977 2337 tidem
994 2298 1050 2337 non
1061 2285 1148 2349 verrit,
1161 2283 1202 2337 rel
1213 2291 1367 2354 acceptam

774 2353 901 2421 dimittit,
918 2354 960 2409 vel
981 2353 1099 2408 mortale
1120 2359 1266 2423 peccatum
1286 2370 1369 2414 com-

775 2423 873 2492 mittit,
886 2424 927 2480 vel
940 2432 1030 2480 status
1041 2424 1083 2480 sui
1099 2423 1223 2495 periculo
1237 2442 1267 2481 se
1282 2443 1369 2499 expo-

775 2496 827 2562 nit,
844 2513 897 2551 mm
912 2502 951 2551 cst
968 2513 1008 2550 me
1020 2496 1132 2563 dtpnus,
1150 2512 1195 2552 me
1210 2495 1319 2553 scilicet
1334 2498 1369 2558 in

776 2568 880 2625 munde
906 2568 1011 2623 habere
1032 2567 1183 2638 hospitem,
1207 2566 1367 2639 injudicio

775 2644 889 2707 testem,
904 2638 934 2693 in
949 2654 1038 2708 regno
1052 2646 1307 2695 remuneratorem.
1318 2641 1370 2698 Se·

775 2710 898 2767 cundum
917 2710 992 2765 enim
1013 2712 1211 2778 dupusttoum,
1233 2715 1368 2782 peccator

775 2781 861 2838 eliam
876 2798 930 2836 non
946 2787 988 2836 est
1002 2782 1106 2851 dignus
1122 2797 1194 2852 pane
1209 2798 1266 2852 quo
1279 2782 1369 2840 vesci·

775 2859 831 2910 tur.
848 2852 932 2919 Quasi
950 2851 1057 2909 diceret
1073 2853 1227 2908 Dominus:
1241 2852 1286 2909 Sic
1302 2853 1368 2912 veni

774 2940 908 2995 separare
923 2923 1068 2979 bominem
1079 2939 1095 2978 a
1105 2930 1184 2995 patre
1199 2923 1368 2999 velaminis,

775 3011 831 3050 non
846 2993 913 3065 quin
931 3000 1040 3064 patrem
1054 2995 1163 3065 diligat,
1175 3002 1204 3051 et
1216 2995 1244 3050 iu
1261 3012 1365 3067 paren·

774 3066 959 3136 lespietalem
973 3073 1065 3121 servet
1076 3083 1082 3132 ;
1095 3067 1145 3121 sed
1162 3083 1196 3121 ne
1212 3072 1368 3138 paternam

773 3137 908 3209 pietatem
921 3153 980 3192 suae
991 3137 1086 3205 saluti,
1102 3137 1204 3193 divinae
1219 3138 1368 3223 religioni,

774 3225 807 3264 ac
831 3207 945 3280 pietatis
965 3209 1051 3263 cultur
1075 3216 1247 3280 anteponat;
1269 3217 1298 3266 et
1318 3212 1367 3268 ubt

774 3283 847 3352 patri
861 3280 901 3335 rel
920 3279 1001 3335 matri
1016 3296 1072 3334 non
1088 3285 1181 3351 polest
1193 3281 1302 3337 servari
1315 3283 1367 3340 ho·

775 3369 829 3408 nor
841 3358 889 3407 aut
905 3351 1006 3423 pietas,
1020 3350 1081 3407 sine
1095 3353 1204 3408 ollensa
1219 3352 1268 3408 Dei
1284 3353 1367 3425 etja-

774 3430 855 3480 ctura
870 3423 992 3495 propriae
1008 3423 1120 3490 salutis,
1138 3428 1204 3479 tunc
1220 3423 1317 3480 odium
1333 3423 1366 3482 in

774 3512 841 3553 suos
858 3497 948 3567 pietas
967 3501 1009 3551 est
1029 3493 1058 3550 iu
1080 3497 1178 3561 Deum,
1194 3499 1222 3551 et
1241 3495 1366 3553 salubri-

775 3572 819 3623 ter
836 3569 1033 3636 relimpuuutur
1048 3572 1130 3637 pater
1144 3574 1172 3621 et
1186 3569 1366 3639 mater,quie

774 3638 969 3710 prael'erendus
977 3644 1019 3692 est
1031 3645 1167 3693 creaturae
1177 3639 1304 3694 Creator.
1315 3639 1365 3696 Ca·

775 3708 844 3763 ritas
855 3708 930 3763 enim
942 3708 1363 3780 sirestordinata,quodhomo

773 3778 859 3834 debet
886 3781 973 3833 Deum
1000 3778 1118 3849 diligere
1145 3797 1179 3837 su
1201 3796 1233 3836 er
1252 3780 1362 3852 omnia,

773 3848 859 3905 etiam
873 3865 959 3919 super
969 3849 1110 3920 seipsum;
1123 3858 1151 3907 et
1163 3797 1226 3908 iseo
1236 3869 1289 3925 pro
1300 3852 1363 3910 nul·

773 3919 1362 3992 liusquautornmqueamorerelamicilia

773 3993 859 4048 dehet
872 3991 1023 4056 retardari,
1041 3992 1109 4063 quin
1123 4001 1313 4066 prosequatur
1326 4010 1362 4052 ea

773 4079 837 4134 quse
852 4070 994 4132 pertinent
1008 4064 1044 4119 ad
1067 4065 1205 4122 honorem
1222 4066 1282 4123 Dei.
1299 4067 1358 4125 Sub

774 4137 842 4203 Deo,
856 4142 883 4190 et
900 4148 1015 4206 propter
1030 4138 1117 4191 Deum
1130 4137 1267 4209 quidquid
1284 4152 1362 4194 ama·

773 4212 820 4262 tur
835 4207 990 4262 arctandum
1005 4212 1057 4262 est.
1072 4208 1149 4264 Unde
1161 4211 1359 4280 Hieronymus:

775 4299 791 4332 o
805 4277 857 4336 Hic
876 4279 946 4336 ordo
966 4277 1085 4336 inomni
1106 4281 1211 4338 ellectu
1225 4296 1361 4340 neeesse·
