2880 4942
132 352 161 407 12
498 348 608 402 cuiun
634 347 755 403 einais
782 348 887 401 CAPUT
913 347 995 401 XLVI

171 476 186 513 n
215 458 303 512 Tritos
340 472 534 512 niscircnoiinu
564 473 719 512 censensu-

135 526 716 598 nima.—Timentesergodi'soipuliojus,

136 599 212 657 etin
233 598 356 669 periculo
377 598 470 669 positi,
490 605 660 655 accesserunt
672 616 720 654 re·

136 677 282 727 curreutes
307 669 344 724 ad
366 685 437 737 eum,
469 675 494 726 et
518 673 722 726 suscitaverant

136 757 205 807 eum,
222 741 340 795 dicentes
356 758 362 795 :
379 743 500 803 Domine,
520 744 601 797 solea
613 757 673 810 nos,
690 748 720 796 tu

136 812 210 869 enim
232 818 320 880 potes,
336 817 364 867 ct
378 828 428 867 nos
447 813 624 884 inillgemus;
654 814 722 883 quia

131 884 266 955 per-imus,
288 890 316 937 et
337 884 364 937 lii
383 883 507 952 periculo
521 884 663 940 constituti
677 901 722 939 su-

135 969 207 1010 nius.
251 952 302 1007 Ubi
331 954 484 1023 Oiipaies:
515 976 529 1009 u
562 955 723 1012 Overaees

136 1025 285 1095 discipulil
307 1026 482 1081 salvatorem
505 1028 649 1082 vobiscum
671 1030 723 1083 ba-

134 1094 216 1163 betis,
236 1101 265 1151 ct
278 1097 433 1166 perieulum
454 1098 578 1168 timetis;
594 1099 653 1153 vita
671 1115 721 1152 ito-

134 1165 242 1223 biscum
274 1174 325 1233 ost,
356 1175 384 1223 et
410 1168 445 1223 de
480 1176 570 1224 morte
609 1170 720 1225 solliciti

135 1238 218 1294 estis!
237 1258 250 1289 u
280 1239 314 1292 Et
329 1238 391 1292 ideo
405 1240 479 1309 quod
496 1240 643 1296 dixerunt:
657 1241 720 1297 Sui·

135 1325 172 1364 aa
187 1326 252 1377 -uos,
271 1308 382 1364 fiduciae
403 1310 473 1377 l'uit;
501 1310 567 1382 quia
587 1314 720 1382 perimite,

136 1380 395 1462 pusillaniuiitatis;
413 1380 489 1450 quud
514 1382 722 1439 suscitaverunt

136 1450 319 1507 infidelitatis.
339 1450 457 1519 l’ropter
471 1454 546 1519 quod
574 1453 721 1522 increpati·

135 1520 171 1576 do
186 1520 255 1575 dicit
267 1524 306 1574 eis
319 1524 417 1577 Jesits:
441 1521 514 1586 Ouid
533 1524 627 1578 timidi
645 1527 721 1587 estis,

135 1591 247 1647 modicae
273 1592 339 1660 fidei
349 1594 363 1645 l
378 1593 463 1658 Quasi
478 1590 602 1650 diecret:
621 1596 649 1651 Si
669 1595 721 1649 ha·

136 1661 241 1719 heretis
270 1663 366 1733 iidem,
398 1678 453 1717 nou
489 1664 637 1734 timeretis,
672 1666 721 1720 sed

137 1732 267 1789 faceretis
289 1735 363 1803 quod
385 1733 504 1801 velletis,
525 1740 554 1789 et
567 1742 675 1792 'ventos
695 1743 723 1791 et

135 1819 214 1861 mare
248 1805 406 1873 placaretis.
434 1805 486 1860 Ubi
503 1808 644 1874 cyrillus:
661 1830 674 1857 α
690 1809 722 1863 lii

136 1890 193 1947 quo
209 1877 333 1931 ostendit
343 1876 418 1947 quod
431 1878 566 1933 timorem
584 1895 641 1934 non
654 1879 723 1934 tacit

136 1948 325 2005 tentationum
344 1947 481 2015 inductio,
507 1949 556 2004 sod
571 1949 721 2006 imbecilli·

132 2024 177 2077 tas
201 2021 313 2074 inentis.
337 2018 415 2075 Sicut
435 2021 512 2075 enim
532 2036 633 2077 aurum
654 2039 720 2092 pro-

133 2090 219 2146 batur
242 2090 271 2145 iu
297 2092 374 2159 igne,
398 2091 438 2146 sie
462 2091 491 2146 iu
516 2094 721 2149 tentationibus

135 2159 216 2215 fides.
234 2178 248 2211 ii
268 2162 424 2231 Redarguit
441 2177 509 2231 crgo
535 2164 562 2215 iii
588 2165 629 2217 eis
652 2166 718 2227 (luo,

134 2229 269 2285 scilieet:
305 2231 409 2284 metitis
445 2230 719 2302 pusillanimitatem,

137 2300 204 2371 quia
229 2314 284 2353 non
302 2300 443 2356 debebant
468 2304 578 2371 timere,
595 2319 628 2356 eo
645 2318 719 2372 prae·

136 2378 227 2439 sente,
256 2385 341 2439 ouem
367 2371 557 2426 viiteroottot
582 2372 720 2430 miracula

137 2440 241 2510 lairere,
256 2450 286 2496 ei
299 2440 344 2497 cui
359 2442 545 2511 quiadbaerct
559 2458 651 2511 perire
663 2459 719 2499 non

136 2517 244 2585 potest,
273 2529 307 2569 ae
332 2510 398 2568 fidei
424 2514 628 2584 modicitatem,
654 2517 720 2585 quia

135 2599 194 2642 non
206 2584 362 2641 credebaut
380 2599 444 2641 euin
459 2592 570 2641 tantuin
593 2602 672 2656 posse
690 2588 718 2641 in

133 2654 317 2726 dormiendo,
339 2664 475 2727 quantum
504 2657 532 2712 in
559 2655 719 2727 vigilando,

135 2727 178 2785 vel
192 2736 300 2783 trintum
318 2726 347 2782 in
364 2729 447 2795 mari,
461 2734 599 2799 quantum
620 2730 648 2784 in
663 2738 720 2785 ter·

132 2812 175 2855 ra.
191 2800 397 2867 Argumentum
410 2799 477 2854 binc
492 2799 637 2867 babemus,
654 2800 721 2871 quia

132 2868 246 2925 modica
269 2870 334 2939 fidei
358 2878 410 2938 esi,
431 2868 481 2941 qui
502 2872 530 2925 iu
549 2870 720 2927 adversitate

133 2938 225 3007 tantis,
243 2956 392 3010 pressurae,
403 2946 431 2995 et
445 2942 491 3013 biij
497 2943 604 2997 usmodi
618 2943 721 2997 consti-

132 3014 221 3079 tutus,
238 3018 407 3081 murmurat,
423 3012 516 3081 timet,
529 3020 559 3068 et
570 3012 721 3083 impatien-

133 3087 179 3137 ter
193 3082 259 3138 tert.
287 3083 365 3140 Uude
392 3085 464 3140 tides
477 3099 597 3140 niaxuue
621 3100 718 3141 iieces·

134 3150 211 3209 saria
229 3158 272 3209 est
296 3153 325 3208 in
344 3156 475 3224 perieulis
492 3172 499 3212 ε
516 3158 579 3213 Hac
591 3161 631 3213 est
642 3160 719 3212 enim

134 3226 252 3279 victorio
266 3240 327 3295 qua
351 3228 439 3283 uincit
457 3228 601 3298 mundum,
627 3228 655 3283 id
676 3235 719 3284 est

133 3297 234 3352 mundi
259 3298 396 3370 pericula,
412 3298 481 3368 fides
496 3306 601 3357 nostra.
616 3301 652 3357 Ut
665 3316 717 3355 au-

134 3372 192 3425 tem
206 3368 274 3424 dicit
285 3369 468 3427 Ambrosias:
485 3390 500 3424 o
520 3372 614 3427 leonia
626 3387 721 3427 serva-

134 3443 182 3495 tur
209 3440 239 3495 iii
261 3442 411 3513 apostolis,
442 3447 473 3498 ut
499 3444 629 3499 advertas
658 3459 719 3499 sine

133 3510 292 3567 tentatione
316 3514 460 3569 neminem
474 3530 554 3584 posse
568 3531 602 3570 ex
612 3516 666 3571 boc
680 3517 720 3571 iii·

133 3585 172 3637 tei
187 3584 327 3638 curriculo
342 3584 515 3655 demigrare,
531 3587 599 3655 quis
613 3585 719 3641 eiicrci·

134 3650 205 3706 tium
220 3652 288 3707 lidei
301 3655 422 3709 tentatio
437 3661 491 3710 est.
513 3654 639 3726 subjecti
651 3670 720 3725 ergo

133 3736 232 3777 eunius
247 3721 383 3791 nequitiae
405 3724 560 3793 spiritualis
580 3726 721 3795 procellis,

132 3792 184 3847 sed
201 3792 283 3864 quasi
296 3796 454 3872 ¹pervigiles
477 3797 722 3868 nautaeguberna·

134 3868 228 3919 torem
242 3870 406 3920 excitemus.
423 3884 438 3919 u

168 3937 187 3991 ὅ
201 3934 418 3997 Tniuouinuras
428 3952 493 3993 iiim
503 3936 646 3995 anmsro
655 3956 720 3996 nen·

133 4018 206 4064 nire.
218 4036 253 4049 -
267 4010 342 4063 Tune
353 4023 469 4081 serpens
482 4010 562 4067 lesus
575 4014 722 4084 imper-uuit
736 4006 740 4017 '

134 4080 223 4135 restis
256 4082 284 4135 et
316 4082 390 4136 muri
418 4082 611 4155 sarientibus,
648 4085 722 4141 sicut

135 4146 272 4206 Dominus
297 4158 449 4222 creature,
477 4152 572 4212 dixit:
598 4157 670 4213 'lace
694 4162 723 4212 et

134 4218 313 4293 obmutesce3
350 4232 380 4280 et
404 4232 525 4283 cessarit
556 4234 720 4300 tempestas,

138 4292 165 4345 rt
189 4292 320 4361 {auersi
341 4296 536 4369 tranquillitos
552 4314 665 4371 muana,
680 4300 722 4359 ita

84 4572 218 4632 fl„

774 454 851 525 quod
867 470 920 510 nec
940 452 1042 509 semita
1068 467 1121 509 nec
1137 451 1289 523 vestigium
1307 451 1362 509 ali·

776 527 855 596 cujus
869 524 1039 580 turbationis
1053 531 1233 591 remancrct;
1252 525 1293 579 sic
1307 525 1362 581 ita·

775 613 830 667 que
855 598 1001 666 utriusque
1024 612 1083 652 suae
1108 602 1229 660 naturae,
1252 595 1362 652 scilieet

775 670 881 724 divinae
894 676 923 722 et
941 669 1085 737 humanae,
1100 668 1247 722 veritatem
1265 666 1360 722 Domi·

776 757 828 796 nus
847 739 930 797 lesus
954 739 1081 794 Christus
1102 739 1295 810 dignatusest
1314 738 1361 795 hic

775 811 1362 877 commendareouasirnimlioinonatcni

776 883 913 949 aseendit,
942 884 989 936 scil
1005 882 1085 953 quasi
1101 882 1173 936 Deus
1188 897 1266 937 marc
1291 896 1362 937 con·

776 956 894 1021 turbat3
910 953 990 1024 quasi
1004 955 1090 1009 bomo
1109 953 1137 1006 iii
1153 953 1216 1007 iiai'i
1244 952 1362 1022 dormit,

775 1026 824 1079 scd
841 1027 919 1095 quasi
937 1026 1010 1079 Deus
1027 1023 1118 1078 ventis
1134 1030 1161 1078 et
1187 1023 1258 1078 mari
1277 1025 1365 1095 impe·

777 1102 830 1155 rai,
846 1100 875 1152 et
889 1112 986 1151 eorum
996 1097 1121 1151 furorem
1136 1094 1223 1148 verbu
1238 1099 1362 1151 coercet.

775 1170 845 1223 b'am
859 1168 985 1223 sentiunt
1002 1168 1151 1223 Domitium
1165 1166 1362 1233 mandantem,

775 1254 896 1309 quorum
932 1244 1027 1293 taimen
1058 1236 1230 1295 insensibilis
1262 1243 1364 1293 iiatura

776 1312 910 1375 videtum
928 1310 1002 1364 unde
1020 1308 1154 1363 dicuutur
1172 1309 1228 1363 ileu
1244 1307 1364 1363 obedire

777 1382 944 1447 inanimata,
973 1379 1040 1449 qula
1067 1381 1128 1434 solo
1149 1379 1237 1434 uerbo
1263 1379 1298 1433 de
1319 1376 1364 1434 bis

776 1451 845 1505 l‘acit
860 1451 936 1521 qililtl
952 1450 1185 1519 rult,soeundum
1201 1464 1285 1519 quem
1300 1464 1364 1505 mo·

777 1522 845 1576 dum
857 1521 992 1592 loipicndi
1007 1523 1080 1576 solet
1092 1520 1147 1576 diei
1165 1522 1283 1575 uiatoria
1295 1521 1364 1576 obe·

776 1593 857 1647 diens
871 1593 912 1647 iel
929 1594 1094 1648 inobediens
1109 1592 1268 1647 mellicium.
1281 1594 1366 1648 Petro

776 1665 909 1733 boiaiues,
923 1664 1079 1719 secundum
1089 1666 1295 1732 lilerottytauiit,
1307 1676 1366 1718 non

776 1734 917 1804 discipuli,
946 1737 994 1790 sed
1021 1743 1116 1790 neuim
1146 1744 1174 1789 el
1196 1735 1282 1789 ceteri
1317 1734 1366 1804 qui

775 1813 859 1861 eraut
876 1808 904 1862 in
918 1807 996 1875 uati,
1012 1809 1113 1861 mit-uti
1126 1811 1201 1873 stitit,
1215 1822 1247 1860 ex
1261 1804 1364 1861 effectu

774 1878 907 1933 virtutem
934 1877 1048 1933 deitatis
1062 1880 1123 1946 ejus
1146 1881 1363 1949 coguoscenteS,

774 1964 806 2005 ac
827 1951 914 2005 etiam
941 1952 1121 2016 cantitantes,
1137 1956 1166 2003 ct
1191 1947 1361 2003 admirando

774 2020 921 2077 diceutes:
948 2021 1046 2088 Qualis
1072 2026 1113 2075 cst
1137 2021 1191 2082 bic,
1220 2025 1249 2073 et
1274 2033 1364 2089 quan·

774 2100 828 2161 tus,
844 2094 872 2147 id
896 2100 938 2147 est
951 2107 1037 2161 quam
1062 2106 1191 2159 magnus,
1216 2105 1302 2157 quam
1314 2104 1366 2160 po·

774 2169 847 2223 tens,
869 2168 896 2216 ct
917 2169 1033 2229 quantae
1059 2160 1205 2229 diguitatis
1231 2164 1260 2211 et
1284 2165 1365 2226 potc-

773 2231 874 2285 statis!
893 2231 977 2295 Quasi
994 2230 1138 2283 dicerent:
1153 2229 1213 2282 b'oii
1225 2233 1268 2280 est
1279 2230 1364 2284 bomo

774 2316 870 2370 purus,
899 2301 948 2355 sed
977 2315 1061 2354 verus
1085 2300 1169 2353 Deus.
1198 2299 1249 2352 ubi
1278 2298 1365 2369 Cbrp·

772 2377 926 2426 costumas:
943 2390 957 2421 o
973 2371 1094 2426 Somnus
1110 2369 1266 2435 bominem,
1283 2376 1365 2425 tran·

773 2442 900 2512 quiiiitas
925 2442 1013 2497 ileum
1034 2441 1212 2509 ostendebat,
1238 2442 1301 2496 ideo
1320 2440 1363 2497 di·

773 2520 841 2569 cuiit
861 2530 868 2567 :
891 2514 988 2580 Qituli's
1018 2518 1058 2567 est
1089 2514 1161 2568 bic:
1192 2510 1260 2582 quia
1290 2512 1364 2569 sicut

773 2585 859 2640 bomo
887 2584 1002 2655 duruiit,
1027 2589 1100 2639 sieut
1128 2584 1201 2638 [leus
1226 2581 1365 2640 miracula

772 2656 848 2713 iacit.
858 2656 944 2711 »Tria
954 2672 1023 2727 ergo
1035 2653 1222 2723 admirantur,
1236 2661 1264 2708 et
1274 2653 1365 2711 hoini-

773 2743 838 2783 nein
852 2726 1051 2795 dormientem,
1067 2732 1096 2781 et
1110 2728 1199 2781 Deum
1219 2728 1363 2795 imperan-

772 2805 841 2867 tem,
852 2802 882 2852 et
896 2806 1056 2853 ereaituram
1073 2798 1266 2853 obedientem.
1283 2797 1364 2854 Unde

772 2872 882 2926 addunt
909 2890 916 2926 :
943 2870 1015 2936 Quia
1039 2871 1161 2923 vestiet
1183 2884 1269 2939 more,
1298 2883 1363 2939 quae

773 2941 949 2996 insensibilia
977 2946 1054 3010 suut,
1092 2939 1222 2995 obedierit
1256 2942 1293 3008 ci,
1325 2940 1363 2996 ad

772 3024 873 3067 nutuin
898 3012 1093 3083 obsequendo,
1124 3021 1199 3067 sieut
1230 3015 1362 3067 creatura

773 3084 903 3139 Creatori
930 3099 994 3139 suu.
1019 3084 1050 3137 bi
1066 3098 1123 3153 quo
1150 3083 1361 3153 reilarguuntur

773 3163 913 3211 creaturae
943 3154 1108 3224 rationales,
1133 3169 1198 3224 quae
1216 3169 1274 3208 uon
1291 3152 1360 3210 obe-

773 3227 857 3281 diunt
875 3226 1014 3295 Creatori,
1033 3241 1098 3280 cuni
1113 3233 1252 3280 creaturae
1265 3225 1361 3280 insen·

773 3296 870 3354 sibiles
894 3298 1029 3353 obediant
1058 3298 1093 3352 ei.
1118 3298 1169 3362 Qui
1186 3312 1254 3367 ergo
1284 3294 1361 3366 prius

774 3370 912 3426 miracula
947 3370 976 3425 in
1004 3375 1082 3424 terra
1118 3369 1193 3434 tecit,
1220 3367 1307 3423 etiam
1329 3367 1361 3423 in

775 3443 847 3497 mari
872 3444 968 3497 iacere
988 3442 1087 3510 voluit,
1104 3446 1136 3495 ut
1150 3440 1288 3494 Dominus
1301 3444 1360 3494 ter·

774 3528 815 3567 rte
830 3520 859 3568 et
873 3514 961 3568 iiiaris
984 3519 1132 3582 appareat,
1149 3517 1177 3566 et
1197 3512 1226 3564 iu
1248 3508 1362 3582 signum

774 3586 852 3653 quod
867 3587 928 3639 tota
943 3583 968 3637 ei
982 3581 1070 3637 sciuit
1080 3583 1157 3637 orbis
1174 3582 1318 3653 machina,
1333 3585 1365 3639 et

775 3662 878 3708 cuneta
903 3654 940 3707 ad
954 3662 1054 3709 nutum
1066 3669 1149 3711 suuni
1163 3659 1230 3710 suut
1253 3659 1362 3713 creata.

776 3725 831 3779 Per
859 3726 913 3780 hec
936 3730 1033 3781 autem
1063 3728 1141 3798 quod
1168 3742 1186 3782 a
1216 3725 1362 3796 discipulis

776 3796 912 3852 excitatus
926 3802 956 3852 et
966 3806 1082 3870 rogatus
1095 3814 1144 3854 eos
1155 3798 1297 3866 liberavit,
1315 3812 1362 3854 os·

777 3870 905 3923 tenditur
929 3878 1005 3940 quod
1023 3884 1137 3940 semper
1152 3870 1212 3924 uult
1237 3868 1363 3941 rogaris

776 3938 878 4009 nobis;
891 3956 967 4010 saepe
980 3943 1057 3996 enim
1071 3942 1187 4010 exponit
1206 3955 1259 3995 iios
1280 3954 1363 4011 preti·

774 4013 857 4080 suris,
871 4014 938 4083 quis
951 4014 1010 4068 vult
1024 4020 1054 4068 ut
1068 4028 1134 4067 eum
1148 4027 1273 4083 oremus,
1286 4008 1365 4070 etsie

775 4086 931 4139 liberemur
946 4084 982 4139 ab
1006 4084 1071 4140 illis.
1089 4084 1168 4140 Uuue
1188 4092 1267 4155 patet
1286 4082 1364 4156 quod

776 4155 864 4211 inulto
880 4156 981 4211 uielior
994 4161 1038 4210 cst
1051 4154 1143 4210 oratio
1157 4171 1244 4227 quani
1264 4151 1362 4212 lectis.

775 4228 937 4307 Secundum
945 4227 1175 4299 chrysostomum,
1187 4228 1316 4285 Christus
1326 4224 1368 4285 se·

773 4304 824 4371 cit,
839 4299 870 4355 in
898 4300 983 4371 mari,
996 4314 1130 4373 magnam
1158 4302 1366 4367 turbationem,
