2880 4942
98 306 144 364 tlt
413 310 525 365 latuit
553 311 668 366 claris
696 311 800 364 electa
828 312 1009 367 lxxxviii

94 417 266 488 tentatibus,
281 422 331 476 aut
344 416 535 477 locutionibus
554 419 598 476 vel
614 418 758 491 operibus,
775 418 855 491 quasi
868 417 1025 491 lapidibus
1043 424 1078 479 te
1095 437 1116 479 a
1134 436 1184 481 me
1206 422 1340 496 expellam:

102 490 152 547 sed
163 504 276 565 semper
294 498 322 548 to
337 491 521 564 pergratiam
536 492 564 547 in
580 508 626 548 me
638 491 769 550 habitare
784 490 917 549 seutiam.
932 494 1051 551 Amen.

535 822 674 898 carm
698 822 898 898 LXXXVIII

298 1028 335 1074 nn
353 1026 585 1077 amoenioribus
608 1028 833 1089 PHAssiSfflfflffl,
850 1022 1169 1077 abrinconensem

622 1131 805 1176 HANDATUH.
864 1143 865 1147 ’

442 1264 567 1324 Matthaei
582 1282 644 1340 cap.
659 1266 705 1323 XV
720 1269 749 1323 et
767 1260 855 1323 blanci
869 1279 932 1338 cap.
948 1260 1013 1322 vn.

138 1453 147 1486 1
178 1433 255 1487 Vnae
280 1432 481 1486 Pnancseonuu
504 1446 684 1497 uenitnenrio,

741 1427 880 1485 fructibus
901 1443 955 1485 sua
975 1442 1075 1500 opera
1092 1443 1252 1502 purgare:
1270 1428 1341 1484 abac

99 1501 685 1568 arciricus-rmussisenes—Qniacero
739 1502 824 1557 Beda.
846 1499 892 1555 isti
921 1506 1032 1571 gerunt
1052 1509 1166 1573 typum
1187 1499 1340 1569 eorumuui

100 1574 216 1641 Scrilun,
237 1576 284 1644 qui
300 1576 438 1644 putabant
452 1590 483 1630 se
498 1575 604 1629 liabece
623 1590 685 1644 per·

101 1645 253 1701 lectionem
273 1645 408 1711 scientiae,
427 1650 455 1700 et
474 1643 621 1712 Pharisaei,
638 1644 686 1716 qni

103 1716 277 1774 simulabant
299 1733 329 1772 so
355 1718 462 1773 babere
480 1715 688 1788 perfectionem

102 1789 179 1857 vitm,
196 1787 346 1846 Dominum
362 1791 458 1845 lesum
474 1788 621 1860 intemplo
641 1805 686 1844 re·

100 1862 278 1934 prehendere
299 1876 356 1917 non
384 1867 545 1933 potuerunt.
570 1863 687 1917 venien-

102 1941 144 1990 tes
157 1936 192 1991 ab
208 1934 393 2005 ierosolymis
417 1934 445 1990 in
460 1933 606 1991 Galilaeam
622 1947 687 1989 eum

97 2005 298 2078 insequuntur.
322 2010 353 2063 ln
378 2023 434 2090 quo
457 2007 546 2063 nimia
569 2010 689 2077 apparet

102 2078 213 2135 malitia
227 2094 414 2151 eorumquae
430 2078 636 2135 descendentes
651 2078 687 2134 ab

100 2152 258 2208 Jerusalem
273 2152 386 2208 civitate
402 2156 511 2218 sancta,
527 2150 690 2221 relinquen-

102 2228 145 2278 tes
163 2224 311 2294 templum,
340 2224 534 2294 sequebantur
556 2238 643 2289 eum;
659 2225 688 2276 et

102 2294 168 2365 quia
184 2297 311 2350 seniores
326 2294 423 2366 populi
439 2300 467 2350 et
487 2293 568 2364 Legis
591 2294 688 2349 diaeta-

100 2382 148 2422 res
163 2372 255 2433 erant,
270 2372 298 2421 et
314 2380 372 2422 nen
398 2367 432 2422 ad
456 2366 615 2433 sciendum,
638 2364 689 2420 sed

101 2439 136 2495 ad
152 2438 420 2511 reprehendendum
439 2438 588 2494 Dominum
606 2452 690 2493 vene·

105 2516 180 2580 rainl,
203 2511 381 2567 observando
402 2513 431 2566 el
460 2509 635 2579 insidiando,
657 2512 691 2565 ut

102 2597 166 2640 euni
187 2588 322 2655 caperent
343 2585 371 2638 in
386 2598 517 2639 sermone
533 2582 575 2636 cel
603 2581 687 2636 laeto.

103 2654 194 2719 Unde,
216 2663 246 2711 at
264 2656 364 2711 saitem
384 2670 417 2712 ex
437 2653 584 2728 discipulis
601 2652 688 2725 blagi-

100 2731 202 2793 strum‚
224 2733 369 2798 tamquam
392 2731 615 2799 contemptorem
633 2726 690 2781 do—

100 2799 199 2854 ctrinm
214 2798 358 2854 seniorum
373 2803 504 2865 arenant,
524 2802 553 2854 et
569 2797 609 2852 sle.
624 2811 689 2853 eum

102 2869 207 2941 populo
224 2868 492 2934 actiosunireddant,
504 2868 633 2924 videntes
650 2865 691 2923 di·

104 2939 228 3010 scipulos
253 2940 314 3009 ejus
345 2939 506 2994 communia
521 2939 690 3005 Gentilibus,

102 3026 159 3066 non
179 3010 244 3066 lotis
259 3008 397 3071 nianibus,
420 3011 606 3079 mandueace3
624 3013 690 3082 quia

101 3080 692 3140 ludaeicoinmuniatientilibusimmunda

103 3156 285 3228 reputabant,
300 3159 363 3211 tiana
378 3160 550 3209 accesserant
574 3155 611 3210 ud
630 3170 692 3209 eum

103 3229 248 3284 dioecetes:
272 3228 362 3295 (latare
383 3227 518 3298 discipuli
531 3229 575 3282 tui
594 3231 690 3282 trana-

104 3301 271 3370 prediuntar
280 3300 446 3355 traditiones
459 3301 618 3354 seniorum?
630 3301 691 3359 Nea

105 3377 176 3429 enim
192 3372 288 3428 taient
304 3388 414 3440 aracaeus,
428 3388 489 3428 eccm
501 3388 601 3441 punem
616 3387 694 3425 anon·

105 3446 218 3500 dicerint.
232 3443 282 3500 Ubi
294 3445 388 3499 Itedu:
404 3464 417 3496 a
435 3442 601 3515 spiritualia
615 3442 692 3498 enim

105 3517 313 3588 Prophetarum
337 3517 425 3572 verba
450 3515 603 3571 carnaliter
618 3513 691 3571 aeci·

104 3590 226 3659 pientes,
247 3603 310 3658 qua
325 3587 366 3642 illi
391 3589 426 3644 de
442 3588 535 3644 cordis
550 3592 578 3643 et
597 3585 693 3658 operis

105 3658 291 3728 castigatione
318 3659 521 3730 praecipiebant
541 3659 691 3714 dicentest

102 3732 259 3797 baracensi,
280 3732 377 3785 meandi
392 3736 489 3799 estote3
507 3737 535 3787 et
553 3748 559 3786 :
576 3731 694 3787 Munde-

103 3803 184 3871 mini,
202 3801 251 3870 pai
265 3802 348 3868 sertis
370 3805 575 3867 cosaileucini;
587 3802 632 3857 isti
658 3802 693 3858 da

104 3875 165 3930 salo
184 3888 304 3943 corpere
320 3871 441 3928 lavando
457 3875 620 3931 seruabant.
639 3876 693 3931 Su-

103 3945 268 4018 perstitiosa
281 3960 349 4016 ergo
365 3945 512 4000 bominum
529 3944 643 4001 traditio
657 3946 694 4002 ob

104 4017 336 4073 manducantium
359 4032 462 4088 panem
479 4016 606 4100 praecipit
630 4033 692 4074 ere·

105 4089 185 4145 brius
204 4089 320 4158 lacare;
354 4089 406 4146 sed
431 4105 622 4145 necessarium
651 4093 695 4146 est

102 4161 210 4231 eosqui
223 4178 326 4233 panem
340 4162 375 4218 de
387 4161 459 4218 ecula
473 4161 695 4218 descendentem

101 4232 274 4316 participare
301 4234 478 4303 desiderant,
496 4235 599 4290 erebro
616 4234 694 4290 elee-

106 4319 242 4377 mosynis,
261 4306 404 4377 lacrymis,
430 4310 459 4362 et
487 4305 555 4365 aliis
573 4305 695 4378 iustitiae

742 1574 804 1642 pius
819 1572 911 1629 zelant
922 1573 1209 1644 transgressionem
1226 1573 1341 1629 bumana-

742 1643 1342 1716 rumtraditionumquamdiviuorumpac·

742 1720 900 1788 ceptorum,
920 1717 984 1788 plus
1017 1717 1230 1775 decretalium
1274 1728 1341 1787 quan

743 1788 972 1858 Evengeliocum,
999 1788 1071 1860 plus
1100 1789 1341 1847 consuetudinum

743 1877 827 1933 qaiaam
843 1860 1004 1917 utilitatum.
1014 1861 1077 1916 Per
1090 1861 1171 1918 istos
1187 1861 1276 1919 etiem
1287 1857 1340 1938 cnut

743 1941 803 1989 tum
820 1931 956 1988 sollicitos
974 1933 1009 1989 de
1035 1932 1198 1991 munditia
1223 1934 1339 1989 exteriori

743 2012 771 2061 et
793 2004 935 2061 modicum
960 2004 996 2060 de
1021 2004 1181 2069 interiori.
1205 2005 1339 2082 signantur

743 2075 899 2148 hypocritas
914 2075 1106 2146 etsimulati;
1126 2083 1293 2149 arguentes
1302 2074 1340 2130 alr

744 2165 776 2204 os
791 2149 826 2204 de
840 2147 960 2216 levibus,
976 2162 1043 2203 eum
1056 2154 1165 2205 tamen
1179 2149 1244 2206 sint
1256 2148 1337 2205 iniecti

743 2221 888 2293 gravibus,
905 2219 1032 2276 videntes
1048 2219 1204 2279 festucam
1227 2220 1258 2278 in
1278 2220 1338 2276 alte·

744 2291 804 2348 rius
830 2293 922 2360 oeulo,
938 2297 968 2348 et
994 2307 1054 2347 uon
1083 2294 1209 2350 trabem
1229 2292 1261 2349 iu
1284 2305 1336 2367 sue

744 2363 794 2420 His
817 2380 928 2435 qnoque
961 2361 1072 2420 similes
1098 2363 1337 2434 santumnium

744 2437 843 2491 velient
865 2434 971 2492 habere
988 2434 1137 2492 exteriora
1154 2433 1337 2513 pulchram·

743 2508 851 2564 teriora
868 2512 964 2564 autem
985 2507 1096 2563 habent
1121 2506 1241 2566 loetida.
1258 2507 1337 2565 Diser-

744 2580 802 2652 puli
827 2585 924 2636 autem
947 2576 1061 2635 Domini
1076 2578 1221 2637 instructi
1235 2595 1269 2637 ea
1283 2590 1336 2650 qua

745 2651 856 2708 virtutis
870 2656 980 2707 tantum
998 2652 1065 2707 sunt
1080 2651 1216 2722 operari,
1231 2667 1289 2707 uon
1302 2649 1334 2704 lo-

745 2723 781 2780 tis
794 2722 926 2780 manibus
947 2722 1177 2793 manducabant,
1203 2722 1334 2796 quiahoc

744 2813 802 2853 non
817 2794 962 2867 pertinere
981 2793 1018 2850 ad
1037 2793 1200 2852 veritatem
1220 2792 1332 2851 vitain·

745 2868 922 2937 telligebant.
932 2867 1013 2923 Unde
1023 2863 1094 2921 dieit
1106 2867 1330 2936 chrysostomus:

747 2962 761 2992 a
779 2940 846 2996 Ideo
861 2945 957 2996 antem
973 2934 1107 3008 diseipuli
1125 2954 1191 2995 non
1205 2937 1272 2996 lotis
1282 2951 1332 2993 ma·

747 3011 830 3068 nibus
846 3010 1069 3077 manducabant,
1083 3009 1157 3081 quia
1168 3011 1233 3082 jam
1248 3022 1332 3081 super·

746 3087 804 3139 ilua
818 3081 1022 3154 despiciebant,
1038 3096 1073 3137 ea
1087 3082 1189 3139 solum
1201 3098 1266 3155 quae
1279 3082 1332 3137 suut

746 3154 907 3211 necessaria
921 3152 1106 3210 attendentes
1122 3170 1130 3222 ;
1147 3158 1181 3210 et
1195 3169 1288 3225 neque
1301 3152 1330 3207 la·

746 3226 807 3282 cari
825 3242 920 3297 neqcie
940 3242 998 3281 non
1012 3223 1103 3281 lavari
1128 3241 1186 3297 pro
1203 3227 1267 3298 lege
1288 3224 1329 3280 br·

747 3297 914 3367 bentes,sed
928 3302 959 3352 nt
976 3296 1330 3367 coiitiugebatulterutruu

746 3369 893 3426 iacientes.
912 3367 963 3436 Qui
982 3367 1060 3424 enim
1075 3376 1107 3424 et
1122 3371 1224 3440 ipsum
1242 3380 1329 3445 neces·

746 3442 853 3499 sarium
869 3440 965 3497 eibum
990 3441 1233 3510 contemnebant,
1251 3437 1330 3511 quali·

747 3513 880 3570 tereirca
904 3513 958 3567 liae
986 3510 1116 3568 studium
1144 3510 1328 3569 habereuttn

747 3589 780 3641 Et
793 3585 860 3657 quia
873 3586 936 3640 haee
959 3581 1088 3651 traditio,
1107 3582 1222 3641 seilicet
1240 3584 1330 3655 jubere

747 3673 848 3713 maricis
863 3656 963 3723 lavari,
975 3670 1033 3711 non
1049 3658 1114 3721 erat
1127 3658 1280 3713 contraria
1292 3654 1332 3711 Le·

755 3729 793 3795 ri;
815 3728 878 3784 ideo
896 3726 1031 3783 Dominus
1045 3724 1133 3782 aliam
1153 3727 1331 3784 traditionem

746 3748 813 3871 begi
827 3799 1000 3856 crocitraciam
1012 3796 1090 3854 ducit
1104 3797 1135 3853 iu
1151 3798 1296 3859 medium:
1310 3798 1333 3874 el

748 3871 829 3944 quasi
849 3871 960 3927 eiacum
980 3870 1059 3925 clavo
1080 3871 1254 3940 retundens,
1273 3867 1334 3925 dicit

747 3962 797 4002 eos
809 3944 944 4010 definere,
975 3940 1020 3998 uia
1037 3939 1185 3998 iaciebant
1197 3947 1334 4013 transgre-

748 4015 777 4074 di
791 4015 957 4072 mandatum
992 4011 1080 4069 omini
1095 4010 1334 4086 proptermanda·

748 4095 809 4146 lunt
820 4086 982 4144 bominum:
996 4085 1072 4157 quod
1089 4101 1150 4143 non
1164 4083 1335 4163 eratlaeien-

749 4163 828 4229 ciunt,
844 4158 910 4231 quia
927 4156 1334 4223 seeundumllemurdam,n1·

749 4233 789 4291 leil
799 4235 890 4305 placet
906 4233 963 4287 Deo
976 4228 1177 4302 quodcumque
1191 4228 1221 4287 ei
1234 4225 1333 4289 obtule

750 4305 801 4376 ris,
820 4304 950 4378 neglecto
970 4317 1015 4374 eo,
1033 4298 1113 4373 quod
1131 4300 1253 4361 teneris.
