<?xml version="1.0" encoding="UTF-8"?>
<!DOCTYPE html PUBLIC "-//W3C//DTD XHTML 1.0 Transitional//EN"
    "http://www.w3.org/TR/xhtml1/DTD/xhtml1-transitional.dtd">
<html xmlns="http://www.w3.org/1999/xhtml" xml:lang="en" lang="en">
 <head>
  <title>
</title>
<meta http-equiv="Content-Type" content="text/html;charset=utf-8" />
  <meta name='ocr-system' content='tesseract 3.04.00' />
  <meta name='ocr-capabilities' content='ocr_page ocr_carea ocr_par ocr_line ocrx_word'/>
</head>
<body>
  <div class='ocr_page' id='page_1' title='image "./vitajesuchristi00ludogoog_0269.png"; bbox 0 0 2880 4942; ppageno 0'>
   <div class='ocr_carea' id='block_1_1' title="bbox 21 1007 606 1081">
    <p class='ocr_par' dir='ltr' id='par_1_1' title="bbox 21 1007 606 1081">
     <span class='ocr_line' id='line_1_1' title="bbox 21 1007 606 1081; baseline -0.024 -8"><span class='ocrx_word' id='word_1_1' title='bbox 21 1020 25 1031; x_wconf 95' lang='lat'><em>&#39;</em></span> <span class='ocrx_word' id='word_1_2' title='bbox 103 1013 259 1079; x_wconf 87' lang='lat' dir='ltr'><strong>Christum,</strong></span> <span class='ocrx_word' id='word_1_3' title='bbox 282 1009 349 1081; x_wconf 91' lang='lat' dir='ltr'><strong>quia</strong></span> <span class='ocrx_word' id='word_1_4' title='bbox 374 1007 552 1081; x_wconf 90' lang='lat' dir='ltr'><strong>gloritlcatur</strong></span> <span class='ocrx_word' id='word_1_5' title='bbox 567 1024 574 1061; x_wconf 74' lang='grc' dir='ltr'>ε</span> <span class='ocrx_word' id='word_1_6' title='bbox 592 1028 606 1057; x_wconf 85' lang='grc'><strong>»</strong></span> 
     </span>
    </p>
   </div>
   <div class='ocr_carea' id='block_1_2' title="bbox 110 330 982 397">
    <p class='ocr_par' dir='ltr' id='par_1_2' title="bbox 110 330 982 397">
     <span class='ocr_line' id='line_1_2' title="bbox 110 330 982 397; baseline -0.005 -8"><span class='ocrx_word' id='word_1_7' title='bbox 110 343 157 397; x_wconf 72' lang='lat'><strong>260</strong></span> <span class='ocrx_word' id='word_1_8' title='bbox 457 333 564 387; x_wconf 77' lang='lat' dir='ltr'><strong>lalus</strong></span> <span class='ocrx_word' id='word_1_9' title='bbox 591 330 709 388; x_wconf 80' lang='lat' dir='ltr'><strong>rtlttls</strong></span> <span class='ocrx_word' id='word_1_10' title='bbox 735 332 840 386; x_wconf 76' lang='lat' dir='ltr'>CAPUT</span> <span class='ocrx_word' id='word_1_11' title='bbox 868 333 982 386; x_wconf 76' lang='lat' dir='ltr'>LXXIX</span> 
     </span>
    </p>
   </div>
   <div class='ocr_carea' id='block_1_3' title="bbox 104 433 693 735">
    <p class='ocr_par' dir='ltr' id='par_1_3' title="bbox 104 433 693 735">
     <span class='ocr_line' id='line_1_3' title="bbox 111 433 691 510; baseline -0.024 -7"><span class='ocrx_word' id='word_1_12' title='bbox 111 443 258 510; x_wconf 85' lang='lat' dir='ltr'><strong>Dominus,</strong></span> <span class='ocrx_word' id='word_1_13' title='bbox 272 438 339 510; x_wconf 90' lang='lat' dir='ltr'><strong>quia</strong></span> <span class='ocrx_word' id='word_1_14' title='bbox 354 450 418 494; x_wconf 89' lang='lat' dir='ltr'><strong>cum</strong></span> <span class='ocrx_word' id='word_1_15' title='bbox 428 434 555 506; x_wconf 78' lang='lat' dir='ltr'>magistri</span> <span class='ocrx_word' id='word_1_16' title='bbox 567 433 691 506; x_wconf 83' lang='lat' dir='ltr'>plebium</span> 
     </span>
     <span class='ocr_line' id='line_1_4' title="bbox 111 506 693 585; baseline -0.015 -16"><span class='ocrx_word' id='word_1_17' title='bbox 111 506 693 585; x_wconf 77' lang='lat' dir='ltr'><strong>viunriappetnnt,bominembestiaepost-</strong></span> 
     </span>
     <span class='ocr_line' id='line_1_5' title="bbox 107 580 691 661; baseline -0.024 -15"><span class='ocrx_word' id='word_1_18' title='bbox 107 589 224 661; x_wconf 88' lang='lat' dir='ltr'><strong>ponunt.</strong></span> <span class='ocrx_word' id='word_1_19' title='bbox 239 583 317 639; x_wconf 89' lang='lat' dir='ltr'><strong>Unde</strong></span> <span class='ocrx_word' id='word_1_20' title='bbox 326 581 594 648; x_wconf 74' lang='lat' dir='ltr'><strong>aitchrpsostomus:</strong></span> <span class='ocrx_word' id='word_1_21' title='bbox 609 600 622 628; x_wconf 74' lang='grc' dir='ltr'>α</span> <span class='ocrx_word' id='word_1_22' title='bbox 638 580 691 633; x_wconf 85' lang='lat' dir='ltr'><strong>lle-</strong></span> 
     </span>
     <span class='ocr_line' id='line_1_6' title="bbox 104 649 690 735; baseline -0.022 -19"><span class='ocrx_word' id='word_1_23' title='bbox 104 676 141 716; x_wconf 93' lang='lat' dir='ltr'><strong>ue</strong></span> <span class='ocrx_word' id='word_1_24' title='bbox 167 655 236 713; x_wconf 90' lang='lat' dir='ltr'><strong>dicit</strong></span> <span class='ocrx_word' id='word_1_25' title='bbox 257 651 432 735; x_wconf 64' lang='lat' dir='ltr'><strong>hypocritam</strong></span> <span class='ocrx_word' id='word_1_26' title='bbox 447 649 603 722; x_wconf 76' lang='lat' dir='ltr'>principem</span> <span class='ocrx_word' id='word_1_27' title='bbox 623 664 690 719; x_wconf 82' lang='lat' dir='ltr'><strong>syu-</strong></span> 
     </span>
    </p>
   </div>
   <div class='ocr_carea' id='block_1_4' title="bbox 95 720 691 4365">
    <p class='ocr_par' dir='ltr' id='par_1_4' title="bbox 95 720 691 4365">
     <span class='ocr_line' id='line_1_7' title="bbox 101 720 691 803; baseline -0.019 -17"><span class='ocrx_word' id='word_1_28' title='bbox 101 746 212 803; x_wconf 82' lang='lat' dir='ltr'><strong>agogae,</strong></span> <span class='ocrx_word' id='word_1_29' title='bbox 242 742 308 797; x_wconf 83' lang='lat' dir='ltr'><strong>quia</strong></span> <span class='ocrx_word' id='word_1_30' title='bbox 334 722 435 778; x_wconf 85' lang='lat' dir='ltr'><strong>taciem</strong></span> <span class='ocrx_word' id='word_1_31' title='bbox 464 721 588 777; x_wconf 88' lang='lat' dir='ltr'><strong>habebat</strong></span> <span class='ocrx_word' id='word_1_32' title='bbox 611 720 691 791; x_wconf 80' lang='lat' dir='ltr'><strong>logis</strong></span> 
     </span>
     <span class='ocr_line' id='line_1_8' title="bbox 100 792 690 865; baseline -0.02 -6"><span class='ocrx_word' id='word_1_33' title='bbox 100 799 237 865; x_wconf 89' lang='lat' dir='ltr'><strong>cultoris;</strong></span> <span class='ocrx_word' id='word_1_34' title='bbox 256 811 338 852; x_wconf 90' lang='lat' dir='ltr'><strong>mous</strong></span> <span class='ocrx_word' id='word_1_35' title='bbox 352 810 419 849; x_wconf 82' lang='lat' dir='ltr'><strong>vero</strong></span> <span class='ocrx_word' id='word_1_36' title='bbox 434 794 496 864; x_wconf 89' lang='lat' dir='ltr'><strong>ejus</strong></span> <span class='ocrx_word' id='word_1_37' title='bbox 511 799 572 848; x_wconf 91' lang='lat' dir='ltr'><strong>crat</strong></span> <span class='ocrx_word' id='word_1_38' title='bbox 584 792 690 847; x_wconf 83' lang='lat' dir='ltr'><strong>versuti</strong></span> 
     </span>
     <span class='ocr_line' id='line_1_9' title="bbox 102 865 691 935; baseline -0.019 -6"><span class='ocrx_word' id='word_1_39' title='bbox 102 880 131 930; x_wconf 89' lang='lat' dir='ltr'><strong>ct</strong></span> <span class='ocrx_word' id='word_1_40' title='bbox 143 869 241 927; x_wconf 81' lang='lat' dir='ltr'><strong>invidi.</strong></span> <span class='ocrx_word' id='word_1_41' title='bbox 258 869 320 924; x_wconf 89' lang='lat' dir='ltr'><strong>Non</strong></span> <span class='ocrx_word' id='word_1_42' title='bbox 335 865 410 922; x_wconf 89' lang='lat' dir='ltr'><strong>eninr</strong></span> <span class='ocrx_word' id='word_1_43' title='bbox 425 866 559 920; x_wconf 92' lang='lat' dir='ltr'><strong>turbatur</strong></span> <span class='ocrx_word' id='word_1_44' title='bbox 573 869 691 935; x_wconf 87' lang='lat' dir='ltr'><strong>propter</strong></span> 
     </span>
     <span class='ocr_line' id='line_1_10' title="bbox 102 935 691 1061; baseline -0.019 -60"><span class='ocrx_word' id='word_1_45' title='bbox 102 944 263 1007; x_wconf 88' lang='lat' dir='ltr'><strong>sabbatum,</strong></span> <span class='ocrx_word' id='word_1_46' title='bbox 275 937 342 1010; x_wconf 90' lang='lat' dir='ltr'><strong>quia</strong></span> <span class='ocrx_word' id='word_1_47' title='bbox 354 937 492 1002; x_wconf 63' lang='lat' dir='ltr'><strong>violatum</strong></span> <span class='ocrx_word' id='word_1_48' title='bbox 512 935 562 991; x_wconf 91' lang='lat' dir='ltr'><strong>scd</strong></span> <span class='ocrx_word' id='word_1_49' title='bbox 575 940 691 1061; x_wconf 58' lang='lat' dir='ltr'><strong>profiter</strong></span> 
     </span>
     <span class='ocr_line' id='line_1_11' title="bbox 649 1023 689 1062; baseline -0.025 0"><span class='ocrx_word' id='word_1_50' title='bbox 649 1023 689 1062; x_wconf 77' lang='lat' dir='ltr'><strong>ccc</strong></span> 
     </span>
     <span class='ocr_line' id='line_1_12' title="bbox 104 1076 689 1157; baseline -0.021 -13"><span class='ocrx_word' id='word_1_51' title='bbox 104 1088 319 1157; x_wconf 75' lang='lat' dir='ltr'><em>chrysostomus.</em></span> <span class='ocrx_word' id='word_1_52' title='bbox 338 1079 474 1137; x_wconf 85' lang='lat' dir='ltr'><strong>Similiter</strong></span> <span class='ocrx_word' id='word_1_53' title='bbox 497 1077 583 1134; x_wconf 90' lang='lat' dir='ltr'><strong>bodie</strong></span> <span class='ocrx_word' id='word_1_54' title='bbox 610 1076 689 1133; x_wconf 93' lang='lat' dir='ltr'><strong>multi</strong></span> 
     </span>
     <span class='ocr_line' id='line_1_13' title="bbox 102 1148 690 1220; baseline -0.019 -5"><span class='ocrx_word' id='word_1_55' title='bbox 102 1174 160 1215; x_wconf 93' lang='lat' dir='ltr'><strong>nou</strong></span> <span class='ocrx_word' id='word_1_56' title='bbox 177 1156 269 1213; x_wconf 91' lang='lat' dir='ltr'><strong>solum</strong></span> <span class='ocrx_word' id='word_1_57' title='bbox 288 1152 440 1220; x_wconf 77' lang='lat' dir='ltr'><strong>secularrS,</strong></span> <span class='ocrx_word' id='word_1_58' title='bbox 455 1150 505 1206; x_wconf 90' lang='lat' dir='ltr'><strong>sed</strong></span> <span class='ocrx_word' id='word_1_59' title='bbox 520 1149 607 1205; x_wconf 91' lang='lat' dir='ltr'><strong>etiam</strong></span> <span class='ocrx_word' id='word_1_60' title='bbox 623 1148 690 1205; x_wconf 86' lang='lat' dir='ltr'><strong>reli-</strong></span> 
     </span>
     <span class='ocr_line' id='line_1_14' title="bbox 103 1221 690 1302; baseline -0.019 -16"><span class='ocrx_word' id='word_1_61' title='bbox 103 1227 176 1302; x_wconf 85' lang='lat' dir='ltr'><strong>giosi</strong></span> <span class='ocrx_word' id='word_1_62' title='bbox 205 1231 272 1284; x_wconf 87' lang='lat' dir='ltr'><strong>suut</strong></span> <span class='ocrx_word' id='word_1_63' title='bbox 298 1224 380 1287; x_wconf 87' lang='lat' dir='ltr'><strong>tales,</strong></span> <span class='ocrx_word' id='word_1_64' title='bbox 397 1223 488 1293; x_wconf 85' lang='lat' dir='ltr'><strong>magis</strong></span> <span class='ocrx_word' id='word_1_65' title='bbox 512 1221 547 1277; x_wconf 92' lang='lat' dir='ltr'><strong>de</strong></span> <span class='ocrx_word' id='word_1_66' title='bbox 574 1237 690 1292; x_wconf 88' lang='lat' dir='ltr'><strong>pecore,</strong></span> 
     </span>
     <span class='ocr_line' id='line_1_15' title="bbox 103 1292 689 1371; baseline -0.019 -13"><span class='ocrx_word' id='word_1_67' title='bbox 103 1315 188 1371; x_wconf 93' lang='lat' dir='ltr'><strong>quam</strong></span> <span class='ocrx_word' id='word_1_68' title='bbox 222 1299 257 1355; x_wconf 91' lang='lat' dir='ltr'><strong>de</strong></span> <span class='ocrx_word' id='word_1_69' title='bbox 287 1295 404 1352; x_wconf 91' lang='lat' dir='ltr'><strong>bomine</strong></span> <span class='ocrx_word' id='word_1_70' title='bbox 434 1298 578 1350; x_wconf 77' lang='lat' dir='ltr'><strong>curantes.</strong></span> <span class='ocrx_word' id='word_1_71' title='bbox 610 1292 689 1349; x_wconf 84' lang='lat' dir='ltr'><strong>Unde</strong></span> 
     </span>
     <span class='ocr_line' id='line_1_16' title="bbox 102 1362 689 1435; baseline -0.019 -6"><span class='ocrx_word' id='word_1_72' title='bbox 102 1371 260 1430; x_wconf 78' lang='lat' dir='ltr'><strong>Bernartius</strong></span> <span class='ocrx_word' id='word_1_73' title='bbox 276 1388 284 1423; x_wconf 94' lang='lat'>:</span> <span class='ocrx_word' id='word_1_74' title='bbox 303 1392 315 1417; x_wconf 75' lang='grc' dir='ltr'>ι</span> <span class='ocrx_word' id='word_1_75' title='bbox 333 1366 414 1424; x_wconf 81' lang='lat' dir='ltr'><strong>Cadit</strong></span> <span class='ocrx_word' id='word_1_76' title='bbox 428 1365 519 1433; x_wconf 91' lang='lat' dir='ltr'><strong>asina,</strong></span> <span class='ocrx_word' id='word_1_77' title='bbox 535 1370 563 1420; x_wconf 88' lang='lat' dir='ltr'><strong>et</strong></span> <span class='ocrx_word' id='word_1_78' title='bbox 582 1362 689 1435; x_wconf 92' lang='lat' dir='ltr'><strong>estqui</strong></span> 
     </span>
     <span class='ocr_line' id='line_1_17' title="bbox 102 1434 690 1511; baseline -0.02 -10"><span class='ocrx_word' id='word_1_79' title='bbox 102 1443 245 1509; x_wconf 83' lang='lat' dir='ltr'><strong>sublevot;</strong></span> <span class='ocrx_word' id='word_1_80' title='bbox 260 1438 334 1511; x_wconf 90' lang='lat' dir='ltr'><strong>perit</strong></span> <span class='ocrx_word' id='word_1_81' title='bbox 349 1437 455 1505; x_wconf 88' lang='lat' dir='ltr'><strong>anima,</strong></span> <span class='ocrx_word' id='word_1_82' title='bbox 472 1442 498 1492; x_wconf 90' lang='lat' dir='ltr'><strong>ct</strong></span> <span class='ocrx_word' id='word_1_83' title='bbox 513 1452 570 1491; x_wconf 91' lang='lat' dir='ltr'><strong>nou</strong></span> <span class='ocrx_word' id='word_1_84' title='bbox 585 1441 628 1490; x_wconf 90' lang='lat' dir='ltr'><strong>est</strong></span> <span class='ocrx_word' id='word_1_85' title='bbox 643 1434 690 1506; x_wconf 90' lang='lat' dir='ltr'><strong>qui</strong></span> 
     </span>
     <span class='ocr_line' id='line_1_18' title="bbox 102 1506 690 1581; baseline -0.015 -12"><span class='ocrx_word' id='word_1_86' title='bbox 102 1519 192 1572; x_wconf 91' lang='lat' dir='ltr'><strong>curet.</strong></span> <span class='ocrx_word' id='word_1_87' title='bbox 221 1532 234 1561; x_wconf 86' lang='lat'>»</span> <span class='ocrx_word' id='word_1_88' title='bbox 260 1513 333 1581; x_wconf 82' lang='lat' dir='ltr'><strong>Ergo</strong></span> <span class='ocrx_word' id='word_1_89' title='bbox 361 1507 408 1579; x_wconf 94' lang='lat' dir='ltr'><strong>qui</strong></span> <span class='ocrx_word' id='word_1_90' title='bbox 433 1506 572 1579; x_wconf 76' lang='lat' dir='ltr'><strong>praeponit</strong></span> <span class='ocrx_word' id='word_1_91' title='bbox 594 1522 690 1561; x_wconf 87' lang='lat' dir='ltr'><strong>curam</strong></span> 
     </span>
     <span class='ocr_line' id='line_1_19' title="bbox 103 1576 690 1666; baseline -0.017 -24"><span class='ocrx_word' id='word_1_92' title='bbox 103 1584 179 1666; x_wconf 89' lang='lat' dir='ltr'><strong>equi,</strong></span> <span class='ocrx_word' id='word_1_93' title='bbox 190 1583 233 1638; x_wconf 85' lang='lat' dir='ltr'><strong>rel</strong></span> <span class='ocrx_word' id='word_1_94' title='bbox 245 1583 449 1651; x_wconf 86' lang='lat' dir='ltr'><strong>cujuscumque</strong></span> <span class='ocrx_word' id='word_1_95' title='bbox 460 1576 571 1649; x_wconf 92' lang='lat' dir='ltr'><strong>pecoris</strong></span> <span class='ocrx_word' id='word_1_96' title='bbox 582 1576 635 1636; x_wconf 85' lang='lat' dir='ltr'><strong>sui,</strong></span> <span class='ocrx_word' id='word_1_97' title='bbox 648 1576 690 1632; x_wconf 85' lang='lat' dir='ltr'><strong>rel</strong></span> 
     </span>
     <span class='ocr_line' id='line_1_20' title="bbox 101 1649 691 1722; baseline -0.014 -10"><span class='ocrx_word' id='word_1_98' title='bbox 101 1661 188 1712; x_wconf 80' lang='lat' dir='ltr'><strong>etiarn</strong></span> <span class='ocrx_word' id='word_1_99' title='bbox 217 1650 365 1722; x_wconf 88' lang='lat' dir='ltr'><strong>corporis,</strong></span> <span class='ocrx_word' id='word_1_100' title='bbox 397 1649 533 1706; x_wconf 91' lang='lat' dir='ltr'><strong>libentius</strong></span> <span class='ocrx_word' id='word_1_101' title='bbox 560 1654 691 1718; x_wconf 89' lang='lat' dir='ltr'><strong>sumptus</strong></span> 
     </span>
     <span class='ocr_line' id='line_1_21' title="bbox 101 1717 691 1788; baseline -0.015 -4"><span class='ocrx_word' id='word_1_102' title='bbox 101 1724 231 1784; x_wconf 86' lang='lat' dir='ltr'><strong>iaciendo</strong></span> <span class='ocrx_word' id='word_1_103' title='bbox 251 1730 278 1778; x_wconf 90' lang='lat' dir='ltr'><strong>ct</strong></span> <span class='ocrx_word' id='word_1_104' title='bbox 292 1721 460 1788; x_wconf 89' lang='lat' dir='ltr'><strong>laborando,</strong></span> <span class='ocrx_word' id='word_1_105' title='bbox 477 1725 505 1775; x_wconf 94' lang='lat' dir='ltr'><strong>ut</strong></span> <span class='ocrx_word' id='word_1_106' title='bbox 524 1717 691 1775; x_wconf 90' lang='lat' dir='ltr'><strong>liberetura</strong></span> 
     </span>
     <span class='ocr_line' id='line_1_22' title="bbox 103 1789 689 1863; baseline -0.015 -8"><span class='ocrx_word' id='word_1_107' title='bbox 103 1798 214 1863; x_wconf 89' lang='lat' dir='ltr'><strong>morbo,</strong></span> <span class='ocrx_word' id='word_1_108' title='bbox 229 1794 272 1850; x_wconf 84' lang='lat' dir='ltr'><strong>vol</strong></span> <span class='ocrx_word' id='word_1_109' title='bbox 293 1793 329 1849; x_wconf 92' lang='lat' dir='ltr'><strong>ab</strong></span> <span class='ocrx_word' id='word_1_110' title='bbox 355 1792 418 1848; x_wconf 90' lang='lat' dir='ltr'><strong>aliis</strong></span> <span class='ocrx_word' id='word_1_111' title='bbox 443 1789 588 1863; x_wconf 82' lang='lat' dir='ltr'><strong>periculis,</strong></span> <span class='ocrx_word' id='word_1_112' title='bbox 604 1806 689 1862; x_wconf 89' lang='lat' dir='ltr'><strong>quarn</strong></span> 
     </span>
     <span class='ocr_line' id='line_1_23' title="bbox 122 1862 691 1931; baseline -0.012 -5"><span class='ocrx_word' id='word_1_113' title='bbox 122 1885 153 1926; x_wconf 94' lang='lat' dir='ltr'><strong>ro</strong></span> <span class='ocrx_word' id='word_1_114' title='bbox 173 1867 268 1924; x_wconf 87' lang='lat' dir='ltr'><strong>anima</strong></span> <span class='ocrx_word' id='word_1_115' title='bbox 290 1862 454 1931; x_wconf 84' lang='lat' dir='ltr'><strong>Christiani,</strong></span> <span class='ocrx_word' id='word_1_116' title='bbox 470 1868 503 1917; x_wconf 93' lang='lat' dir='ltr'><strong>ut</strong></span> <span class='ocrx_word' id='word_1_117' title='bbox 523 1867 640 1917; x_wconf 86' lang='lat' dir='ltr'><strong>sanetur</strong></span> <span class='ocrx_word' id='word_1_118' title='bbox 662 1868 691 1919; x_wconf 91' lang='lat' dir='ltr'><strong>ot</strong></span> 
     </span>
     <span class='ocr_line' id='line_1_24' title="bbox 100 1886 689 2005; baseline -0.014 -7"><span class='ocrx_word' id='word_1_119' title='bbox 100 1886 241 1998; x_wconf 69' lang='lat' dir='ltr'><strong>iiberotur</strong></span> <span class='ocrx_word' id='word_1_120' title='bbox 255 1953 272 1993; x_wconf 92' lang='lat' dir='ltr'><strong>a</strong></span> <span class='ocrx_word' id='word_1_121' title='bbox 287 1935 393 1992; x_wconf 90' lang='lat' dir='ltr'><strong>diaboli</strong></span> <span class='ocrx_word' id='word_1_122' title='bbox 415 1933 533 2005; x_wconf 82' lang='lat' dir='ltr'><strong>laqueis,</strong></span> <span class='ocrx_word' id='word_1_123' title='bbox 550 1949 612 1989; x_wconf 91' lang='lat' dir='ltr'><strong>cum</strong></span> <span class='ocrx_word' id='word_1_124' title='bbox 627 1950 689 1990; x_wconf 90' lang='lat' dir='ltr'><strong>eam</strong></span> 
     </span>
     <span class='ocr_line' id='line_1_25' title="bbox 102 2005 689 2081; baseline -0.012 -12"><span class='ocrx_word' id='word_1_125' title='bbox 102 2013 191 2069; x_wconf 92' lang='lat' dir='ltr'><strong>multo</strong></span> <span class='ocrx_word' id='word_1_126' title='bbox 209 2007 300 2081; x_wconf 85' lang='lat' dir='ltr'><strong>magis</strong></span> <span class='ocrx_word' id='word_1_127' title='bbox 314 2013 447 2064; x_wconf 83' lang='lat' dir='ltr'><strong>torreatur</strong></span> <span class='ocrx_word' id='word_1_128' title='bbox 462 2005 581 2070; x_wconf 64' lang='lat' dir='ltr'><strong>diligere</strong></span> <span class='ocrx_word' id='word_1_129' title='bbox 604 2021 689 2076; x_wconf 73' lang='lat' dir='ltr'><strong>cruam</strong></span> 
     </span>
     <span class='ocr_line' id='line_1_26' title="bbox 102 2076 690 2156; baseline -0.015 -15"><span class='ocrx_word' id='word_1_130' title='bbox 102 2100 205 2156; x_wconf 87' lang='lat' dir='ltr'><strong>corpus</strong></span> <span class='ocrx_word' id='word_1_131' title='bbox 229 2080 388 2154; x_wconf 89' lang='lat' dir='ltr'><strong>proprium,</strong></span> <span class='ocrx_word' id='word_1_132' title='bbox 408 2076 555 2150; x_wconf 76' lang='lat' dir='ltr'><strong>hypocrita</strong></span> <span class='ocrx_word' id='word_1_133' title='bbox 579 2083 632 2145; x_wconf 90' lang='lat' dir='ltr'><strong>est,</strong></span> <span class='ocrx_word' id='word_1_134' title='bbox 662 2081 690 2133; x_wconf 92' lang='lat' dir='ltr'><strong>et</strong></span> 
     </span>
     <span class='ocr_line' id='line_1_27' title="bbox 102 2151 447 2228; baseline -0.02 -16"><span class='ocrx_word' id='word_1_135' title='bbox 102 2170 188 2228; x_wconf 82' lang='lat' dir='ltr'><strong>grave</strong></span> <span class='ocrx_word' id='word_1_136' title='bbox 207 2151 274 2209; x_wconf 86' lang='lat' dir='ltr'><strong>tacit</strong></span> <span class='ocrx_word' id='word_1_137' title='bbox 291 2156 447 2222; x_wconf 87' lang='lat' dir='ltr'><strong>peccatum.</strong></span> 
     </span>
     <span class='ocr_line' id='line_1_28' title="bbox 143 2227 686 2285; baseline -0.015 -3"><span class='ocrx_word' id='word_1_138' title='bbox 143 2249 169 2283; x_wconf 85' lang='grc' dir='ltr'><strong>ιι</strong></span> <span class='ocrx_word' id='word_1_139' title='bbox 188 2227 450 2285; x_wconf 76' lang='lat' dir='ltr'><strong>Ssuuaraouonono</strong></span> <span class='ocrx_word' id='word_1_140' title='bbox 466 2236 686 2275; x_wconf 73' lang='lat' dir='ltr'><strong>sascmmcarrui.</strong></span> 
     </span>
     <span class='ocr_line' id='line_1_29' title="bbox 102 2289 686 2363; baseline -0.014 -11"><span class='ocrx_word' id='word_1_141' title='bbox 102 2328 138 2338; x_wconf 94' lang='lat'>—</span> <span class='ocrx_word' id='word_1_142' title='bbox 150 2299 182 2351; x_wconf 85' lang='lat' dir='ltr'><strong>Et</strong></span> <span class='ocrx_word' id='word_1_143' title='bbox 193 2294 339 2351; x_wconf 83' lang='lat' dir='ltr'><strong>sciendum</strong></span> <span class='ocrx_word' id='word_1_144' title='bbox 354 2293 428 2363; x_wconf 92' lang='lat' dir='ltr'><strong>quod</strong></span> <span class='ocrx_word' id='word_1_145' title='bbox 440 2291 553 2361; x_wconf 84' lang='lat' dir='ltr'><strong>quaudo</strong></span> <span class='ocrx_word' id='word_1_146' title='bbox 565 2289 686 2346; x_wconf 90' lang='lat' dir='ltr'><strong>dicitur:</strong></span> 
     </span>
     <span class='ocr_line' id='line_1_30' title="bbox 103 2360 688 2432; baseline -0.014 -8"><span class='ocrx_word' id='word_1_147' title='bbox 103 2368 226 2425; x_wconf 82' lang='lat' dir='ltr'><strong>Sabbata</strong></span> <span class='ocrx_word' id='word_1_148' title='bbox 246 2364 417 2427; x_wconf 84' lang='lat' dir='ltr'><strong>sanctifices,</strong></span> <span class='ocrx_word' id='word_1_149' title='bbox 432 2360 506 2417; x_wconf 91' lang='lat' dir='ltr'><strong>istud</strong></span> <span class='ocrx_word' id='word_1_150' title='bbox 529 2365 621 2432; x_wconf 91' lang='lat' dir='ltr'><strong>potest</strong></span> <span class='ocrx_word' id='word_1_151' title='bbox 637 2360 688 2416; x_wconf 93' lang='lat' dir='ltr'><strong>tri·</strong></span> 
     </span>
     <span class='ocr_line' id='line_1_31' title="bbox 101 2430 687 2513; baseline -0.019 -16"><span class='ocrx_word' id='word_1_152' title='bbox 101 2438 213 2513; x_wconf 83' lang='lat' dir='ltr'><strong>pliciter</strong></span> <span class='ocrx_word' id='word_1_153' title='bbox 242 2434 329 2507; x_wconf 89' lang='lat' dir='ltr'><strong>accipi</strong></span> <span class='ocrx_word' id='word_1_154' title='bbox 354 2432 474 2505; x_wconf 88' lang='lat' dir='ltr'><strong>:primo</strong></span> <span class='ocrx_word' id='word_1_155' title='bbox 503 2430 687 2503; x_wconf 80' lang='lat' dir='ltr'><strong>generaliter,</strong></span> 
     </span>
     <span class='ocr_line' id='line_1_32' title="bbox 100 2503 688 2575; baseline -0.015 -7"><span class='ocrx_word' id='word_1_156' title='bbox 100 2515 133 2569; x_wconf 89' lang='lat' dir='ltr'><strong>nt</strong></span> <span class='ocrx_word' id='word_1_157' title='bbox 153 2524 297 2566; x_wconf 88' lang='lat' dir='ltr'><strong>cessemus</strong></span> <span class='ocrx_word' id='word_1_158' title='bbox 313 2524 330 2562; x_wconf 92' lang='lat' dir='ltr'><strong>a</strong></span> <span class='ocrx_word' id='word_1_159' title='bbox 346 2505 422 2562; x_wconf 88' lang='lat' dir='ltr'><strong>vitiis</strong></span> <span class='ocrx_word' id='word_1_160' title='bbox 435 2509 464 2561; x_wconf 92' lang='lat' dir='ltr'><strong>et</strong></span> <span class='ocrx_word' id='word_1_161' title='bbox 476 2503 619 2575; x_wconf 87' lang='lat' dir='ltr'><strong>peccatis;</strong></span> <span class='ocrx_word' id='word_1_162' title='bbox 643 2520 688 2559; x_wconf 90' lang='lat' dir='ltr'><strong>se-</strong></span> 
     </span>
     <span class='ocr_line' id='line_1_33' title="bbox 99 2576 688 2653; baseline -0.015 -12"><span class='ocrx_word' id='word_1_163' title='bbox 99 2583 193 2641; x_wconf 87' lang='lat' dir='ltr'><strong>cundo</strong></span> <span class='ocrx_word' id='word_1_164' title='bbox 220 2578 390 2653; x_wconf 81' lang='lat' dir='ltr'><strong>specialiter,</strong></span> <span class='ocrx_word' id='word_1_165' title='bbox 419 2582 450 2633; x_wconf 92' lang='lat' dir='ltr'><strong>ut</strong></span> <span class='ocrx_word' id='word_1_166' title='bbox 476 2591 621 2631; x_wconf 85' lang='lat' dir='ltr'><strong>cessemus</strong></span> <span class='ocrx_word' id='word_1_167' title='bbox 651 2576 688 2632; x_wconf 89' lang='lat' dir='ltr'><strong>ab</strong></span> 
     </span>
     <span class='ocr_line' id='line_1_34' title="bbox 99 2645 688 2727; baseline -0.017 -16"><span class='ocrx_word' id='word_1_168' title='bbox 99 2653 233 2727; x_wconf 89' lang='lat' dir='ltr'><strong>operibus</strong></span> <span class='ocrx_word' id='word_1_169' title='bbox 244 2649 448 2721; x_wconf 88' lang='lat' dir='ltr'><strong>corporalibus,</strong></span> <span class='ocrx_word' id='word_1_170' title='bbox 456 2662 519 2718; x_wconf 81' lang='lat' dir='ltr'><strong>qum</strong></span> <span class='ocrx_word' id='word_1_171' title='bbox 531 2645 688 2718; x_wconf 85' lang='lat' dir='ltr'><strong>impediunt</strong></span> 
     </span>
     <span class='ocr_line' id='line_1_35' title="bbox 99 2718 686 2789; baseline -0.017 -8"><span class='ocrx_word' id='word_1_172' title='bbox 99 2725 276 2783; x_wconf 87' lang='lat' dir='ltr'><strong>vacationem</strong></span> <span class='ocrx_word' id='word_1_173' title='bbox 292 2723 328 2777; x_wconf 90' lang='lat' dir='ltr'><strong>ad</strong></span> <span class='ocrx_word' id='word_1_174' title='bbox 344 2723 433 2776; x_wconf 85' lang='lat' dir='ltr'><strong>Deum</strong></span> <span class='ocrx_word' id='word_1_175' title='bbox 450 2725 478 2773; x_wconf 92' lang='lat' dir='ltr'><strong>et</strong></span> <span class='ocrx_word' id='word_1_176' title='bbox 493 2719 556 2789; x_wconf 89' lang='lat' dir='ltr'><strong>ojus</strong></span> <span class='ocrx_word' id='word_1_177' title='bbox 569 2718 686 2786; x_wconf 91' lang='lat' dir='ltr'><strong>cultum,</strong></span> 
     </span>
     <span class='ocr_line' id='line_1_36' title="bbox 100 2789 687 2865; baseline -0.02 -12"><span class='ocrx_word' id='word_1_178' title='bbox 100 2802 130 2853; x_wconf 92' lang='lat' dir='ltr'><strong>ut</strong></span> <span class='ocrx_word' id='word_1_179' title='bbox 144 2800 209 2852; x_wconf 91' lang='lat' dir='ltr'><strong>sunt</strong></span> <span class='ocrx_word' id='word_1_180' title='bbox 223 2810 310 2865; x_wconf 89' lang='lat' dir='ltr'><strong>opera</strong></span> <span class='ocrx_word' id='word_1_181' title='bbox 328 2789 504 2856; x_wconf 89' lang='lat' dir='ltr'><strong>mechanica,</strong></span> <span class='ocrx_word' id='word_1_182' title='bbox 519 2795 548 2844; x_wconf 90' lang='lat' dir='ltr'><strong>et</strong></span> <span class='ocrx_word' id='word_1_183' title='bbox 562 2789 687 2858; x_wconf 77' lang='lat' dir='ltr'><strong>agricul-</strong></span> 
     </span>
     <span class='ocr_line' id='line_1_37' title="bbox 98 2858 687 2934; baseline -0.019 -10"><span class='ocrx_word' id='word_1_184' title='bbox 98 2874 174 2934; x_wconf 91' lang='lat' dir='ltr'><strong>tura,</strong></span> <span class='ocrx_word' id='word_1_185' title='bbox 190 2881 223 2921; x_wconf 89' lang='lat' dir='ltr'><strong>ae</strong></span> <span class='ocrx_word' id='word_1_186' title='bbox 238 2861 435 2925; x_wconf 88' lang='lat' dir='ltr'><strong>mercantium,</strong></span> <span class='ocrx_word' id='word_1_187' title='bbox 446 2864 474 2915; x_wconf 94' lang='lat' dir='ltr'><strong>et</strong></span> <span class='ocrx_word' id='word_1_188' title='bbox 489 2858 687 2930; x_wconf 88' lang='lat' dir='ltr'><strong>placitantium</strong></span> 
     </span>
     <span class='ocr_line' id='line_1_38' title="bbox 98 2928 687 3007; baseline -0.017 -12"><span class='ocrx_word' id='word_1_189' title='bbox 98 2945 127 2996; x_wconf 91' lang='lat' dir='ltr'><strong>et</strong></span> <span class='ocrx_word' id='word_1_190' title='bbox 145 2932 340 3007; x_wconf 86' lang='lat' dir='ltr'><strong>hujuscemodi</strong></span> <span class='ocrx_word' id='word_1_191' title='bbox 352 2950 358 2999; x_wconf 95' lang='lat'>;</span> <span class='ocrx_word' id='word_1_192' title='bbox 375 2930 459 2986; x_wconf 91' lang='lat' dir='ltr'><strong>tertio</strong></span> <span class='ocrx_word' id='word_1_193' title='bbox 471 2928 687 3000; x_wconf 87' lang='lat' dir='ltr'><strong>specialissime,</strong></span> 
     </span>
     <span class='ocr_line' id='line_1_39' title="bbox 97 2999 688 3072; baseline -0.017 -6"><span class='ocrx_word' id='word_1_194' title='bbox 97 3014 129 3067; x_wconf 89' lang='lat' dir='ltr'><strong>ut</strong></span> <span class='ocrx_word' id='word_1_195' title='bbox 143 3017 186 3063; x_wconf 83' lang='lat' dir='ltr'><strong>cst</strong></span> <span class='ocrx_word' id='word_1_196' title='bbox 201 3006 229 3062; x_wconf 92' lang='lat' dir='ltr'><strong>in</strong></span> <span class='ocrx_word' id='word_1_197' title='bbox 247 3004 316 3059; x_wconf 83' lang='lat' dir='ltr'><strong>viris</strong></span> <span class='ocrx_word' id='word_1_198' title='bbox 336 2999 572 3072; x_wconf 83' lang='lat' dir='ltr'><strong>contemplativis,</strong></span> <span class='ocrx_word' id='word_1_199' title='bbox 589 2999 636 3071; x_wconf 90' lang='lat' dir='ltr'><strong>qui</strong></span> <span class='ocrx_word' id='word_1_200' title='bbox 652 3001 688 3056; x_wconf 90' lang='lat' dir='ltr'><strong>ab</strong></span> 
     </span>
     <span class='ocr_line' id='line_1_40' title="bbox 97 3073 689 3142; baseline -0.019 -6"><span class='ocrx_word' id='word_1_201' title='bbox 97 3079 231 3136; x_wconf 91' lang='lat' dir='ltr'><strong>omnibus</strong></span> <span class='ocrx_word' id='word_1_202' title='bbox 242 3073 393 3132; x_wconf 90' lang='lat' dir='ltr'><strong>mundanis</strong></span> <span class='ocrx_word' id='word_1_203' title='bbox 404 3089 434 3128; x_wconf 91' lang='lat' dir='ltr'><strong>se</strong></span> <span class='ocrx_word' id='word_1_204' title='bbox 449 3076 592 3142; x_wconf 89' lang='lat' dir='ltr'><strong>separant,</strong></span> <span class='ocrx_word' id='word_1_205' title='bbox 605 3076 633 3126; x_wconf 90' lang='lat' dir='ltr'><strong>ul</strong></span> <span class='ocrx_word' id='word_1_206' title='bbox 648 3077 689 3126; x_wconf 91' lang='lat' dir='ltr'><strong>to·</strong></span> 
     </span>
     <span class='ocr_line' id='line_1_41' title="bbox 98 3141 686 3209; baseline -0.015 -1"><span class='ocrx_word' id='word_1_207' title='bbox 98 3151 193 3209; x_wconf 88' lang='lat' dir='ltr'><strong>taliter</strong></span> <span class='ocrx_word' id='word_1_208' title='bbox 210 3150 249 3205; x_wconf 91' lang='lat' dir='ltr'><strong>sic</strong></span> <span class='ocrx_word' id='word_1_209' title='bbox 271 3149 327 3203; x_wconf 85' lang='lat' dir='ltr'><strong>[leo</strong></span> <span class='ocrx_word' id='word_1_210' title='bbox 347 3143 559 3202; x_wconf 79' lang='lat' dir='ltr'><strong>vacentPrima</strong></span> <span class='ocrx_word' id='word_1_211' title='bbox 578 3141 686 3199; x_wconf 77' lang='lat' dir='ltr'><strong>vacatio</strong></span> 
     </span>
     <span class='ocr_line' id='line_1_42' title="bbox 99 3213 686 3287; baseline -0.022 -5"><span class='ocrx_word' id='word_1_212' title='bbox 99 3228 143 3282; x_wconf 89' lang='lat' dir='ltr'><strong>est</strong></span> <span class='ocrx_word' id='word_1_213' title='bbox 168 3218 339 3287; x_wconf 89' lang='lat' dir='ltr'><strong>neccssaria,</strong></span> <span class='ocrx_word' id='word_1_214' title='bbox 363 3215 487 3274; x_wconf 86' lang='lat' dir='ltr'><strong>secunda</strong></span> <span class='ocrx_word' id='word_1_215' title='bbox 510 3219 553 3271; x_wconf 92' lang='lat' dir='ltr'><strong>est</strong></span> <span class='ocrx_word' id='word_1_216' title='bbox 577 3213 686 3284; x_wconf 86' lang='lat' dir='ltr'><strong>debila,</strong></span> 
     </span>
     <span class='ocr_line' id='line_1_43' title="bbox 100 3288 685 3365; baseline -0.022 -12"><span class='ocrx_word' id='word_1_217' title='bbox 100 3294 184 3353; x_wconf 91' lang='lat' dir='ltr'><strong>tertia</strong></span> <span class='ocrx_word' id='word_1_218' title='bbox 196 3297 240 3350; x_wconf 91' lang='lat' dir='ltr'><strong>est</strong></span> <span class='ocrx_word' id='word_1_219' title='bbox 249 3292 382 3365; x_wconf 85' lang='lat' dir='ltr'><strong>perlecta.</strong></span> <span class='ocrx_word' id='word_1_220' title='bbox 392 3291 429 3345; x_wconf 79' lang='lat' dir='ltr'><strong>m</strong></span> <span class='ocrx_word' id='word_1_221' title='bbox 437 3304 497 3344; x_wconf 87' lang='lat' dir='ltr'><strong>cum</strong></span> <span class='ocrx_word' id='word_1_222' title='bbox 508 3289 563 3343; x_wconf 81' lang='lat' dir='ltr'><strong>hac</strong></span> <span class='ocrx_word' id='word_1_223' title='bbox 573 3288 685 3354; x_wconf 83' lang='lat' dir='ltr'><strong>diceret,</strong></span> 
     </span>
     <span class='ocr_line' id='line_1_44' title="bbox 99 3357 685 3428; baseline -0.022 -4"><span class='ocrx_word' id='word_1_224' title='bbox 99 3366 292 3423; x_wconf 85' lang='lat' dir='ltr'><strong>crubescebant</strong></span> <span class='ocrx_word' id='word_1_225' title='bbox 314 3377 404 3419; x_wconf 84' lang='lat' dir='ltr'><strong>omnes</strong></span> <span class='ocrx_word' id='word_1_226' title='bbox 432 3360 588 3415; x_wconf 74' lang='lat' dir='ltr'><strong>aduersarii</strong></span> <span class='ocrx_word' id='word_1_227' title='bbox 615 3357 685 3428; x_wconf 76' lang='lat' dir='ltr'><strong>eius,</strong></span> 
     </span>
     <span class='ocr_line' id='line_1_45' title="bbox 98 3428 685 3503; baseline -0.022 -7"><span class='ocrx_word' id='word_1_228' title='bbox 98 3437 208 3496; x_wconf 83' lang='lat' dir='ltr'><strong>contusi</strong></span> <span class='ocrx_word' id='word_1_229' title='bbox 229 3452 281 3493; x_wconf 91' lang='lat' dir='ltr'><strong>sua</strong></span> <span class='ocrx_word' id='word_1_230' title='bbox 299 3430 462 3492; x_wconf 85' lang='lat' dir='ltr'><strong>rationabili</strong></span> <span class='ocrx_word' id='word_1_231' title='bbox 488 3428 685 3503; x_wconf 88' lang='lat' dir='ltr'><strong>responsione,</strong></span> 
     </span>
     <span class='ocr_line' id='line_1_46' title="bbox 99 3506 686 3583; baseline -0.02 -15"><span class='ocrx_word' id='word_1_232' title='bbox 99 3510 166 3583; x_wconf 92' lang='lat' dir='ltr'><strong>quia</strong></span> <span class='ocrx_word' id='word_1_233' title='bbox 193 3506 305 3565; x_wconf 84' lang='lat' dir='ltr'><strong>veritati</strong></span> <span class='ocrx_word' id='word_1_234' title='bbox 332 3509 439 3577; x_wconf 82' lang='lat' dir='ltr'><strong>apertae</strong></span> <span class='ocrx_word' id='word_1_235' title='bbox 468 3519 524 3559; x_wconf 93' lang='lat' dir='ltr'><strong>non</strong></span> <span class='ocrx_word' id='word_1_236' title='bbox 554 3506 686 3573; x_wconf 88' lang='lat' dir='ltr'><strong>poterant</strong></span> 
     </span>
     <span class='ocr_line' id='line_1_47' title="bbox 99 3571 684 3646; baseline -0.021 -8"><span class='ocrx_word' id='word_1_237' title='bbox 99 3580 304 3638; x_wconf 87' lang='lat' dir='ltr'><strong>contradicere.</strong></span> <span class='ocrx_word' id='word_1_238' title='bbox 322 3581 358 3634; x_wconf 81' lang='lat' dir='ltr'><strong>Et</strong></span> <span class='ocrx_word' id='word_1_239' title='bbox 377 3578 466 3634; x_wconf 83' lang='lat' dir='ltr'><strong>omnis</strong></span> <span class='ocrx_word' id='word_1_240' title='bbox 481 3575 610 3646; x_wconf 82' lang='lat' dir='ltr'><strong>populus,</strong></span> <span class='ocrx_word' id='word_1_241' title='bbox 629 3571 684 3628; x_wconf 89' lang='lat' dir='ltr'><strong>sci·</strong></span> 
     </span>
     <span class='ocr_line' id='line_1_48' title="bbox 98 3644 683 3720; baseline -0.019 -11"><span class='ocrx_word' id='word_1_242' title='bbox 98 3652 164 3709; x_wconf 88' lang='lat' dir='ltr'><strong>licet</strong></span> <span class='ocrx_word' id='word_1_243' title='bbox 180 3649 322 3720; x_wconf 86' lang='lat' dir='ltr'><strong>simplices</strong></span> <span class='ocrx_word' id='word_1_244' title='bbox 339 3653 368 3705; x_wconf 91' lang='lat' dir='ltr'><strong>et</strong></span> <span class='ocrx_word' id='word_1_245' title='bbox 386 3644 518 3713; x_wconf 87' lang='lat' dir='ltr'><strong>humiles,</strong></span> <span class='ocrx_word' id='word_1_246' title='bbox 533 3645 683 3714; x_wconf 74' lang='lat' dir='ltr'><strong>pandebat,</strong></span> 
     </span>
     <span class='ocr_line' id='line_1_49' title="bbox 96 3717 683 3788; baseline -0.019 -8"><span class='ocrx_word' id='word_1_247' title='bbox 96 3727 126 3781; x_wconf 85' lang='lat' dir='ltr'><strong>in</strong></span> <span class='ocrx_word' id='word_1_248' title='bbox 142 3723 278 3778; x_wconf 85' lang='lat' dir='ltr'><strong>uniuersis</strong></span> <span class='ocrx_word' id='word_1_249' title='bbox 287 3735 347 3788; x_wconf 81' lang='lat' dir='ltr'><strong>qua</strong></span> <span class='ocrx_word' id='word_1_250' title='bbox 357 3720 473 3785; x_wconf 84' lang='lat' dir='ltr'><strong>ploriose</strong></span> <span class='ocrx_word' id='word_1_251' title='bbox 483 3718 585 3787; x_wconf 66' lang='lat' dir='ltr'><strong>flebunt</strong></span> <span class='ocrx_word' id='word_1_252' title='bbox 597 3717 631 3771; x_wconf 87' lang='lat' dir='ltr'><strong>ab</strong></span> <span class='ocrx_word' id='word_1_253' title='bbox 643 3731 683 3781; x_wconf 85' lang='lat' dir='ltr'><strong>co,</strong></span> 
     </span>
     <span class='ocr_line' id='line_1_50' title="bbox 96 3785 683 3861; baseline -0.017 -10"><span class='ocrx_word' id='word_1_254' title='bbox 96 3794 190 3861; x_wconf 86' lang='lat' dir='ltr'><strong>idest,</strong></span> <span class='ocrx_word' id='word_1_255' title='bbox 202 3791 230 3847; x_wconf 92' lang='lat' dir='ltr'><strong>in</strong></span> <span class='ocrx_word' id='word_1_256' title='bbox 245 3789 326 3845; x_wconf 90' lang='lat' dir='ltr'><strong>lactis</strong></span> <span class='ocrx_word' id='word_1_257' title='bbox 339 3795 368 3844; x_wconf 89' lang='lat' dir='ltr'><strong>et</strong></span> <span class='ocrx_word' id='word_1_258' title='bbox 380 3788 461 3843; x_wconf 88' lang='lat' dir='ltr'><strong>dictis</strong></span> <span class='ocrx_word' id='word_1_259' title='bbox 472 3787 530 3842; x_wconf 91' lang='lat' dir='ltr'><strong>suis</strong></span> <span class='ocrx_word' id='word_1_260' title='bbox 540 3785 683 3858; x_wconf 83' lang='lat' dir='ltr'><strong>gloriosis,</strong></span> 
     </span>
     <span class='ocr_line' id='line_1_51' title="bbox 95 3857 550 3937; baseline -0.026 -14"><span class='ocrx_word' id='word_1_261' title='bbox 95 3872 243 3937; x_wconf 87' lang='lat' dir='ltr'><strong>tamquam</strong></span> <span class='ocrx_word' id='word_1_262' title='bbox 258 3865 402 3918; x_wconf 89' lang='lat' dir='ltr'><strong>amatores</strong></span> <span class='ocrx_word' id='word_1_263' title='bbox 414 3857 550 3913; x_wconf 85' lang='lat' dir='ltr'><strong>veritatis.</strong></span> 
     </span>
     <span class='ocr_line' id='line_1_52' title="bbox 134 3930 682 3998; baseline -0.026 -4"><span class='ocrx_word' id='word_1_264' title='bbox 134 3958 165 3993; x_wconf 77' lang='lat' dir='ltr'><strong>aa</strong></span> <span class='ocrx_word' id='word_1_265' title='bbox 185 3937 276 3992; x_wconf 72' lang='lat' dir='ltr'><strong>Dmru</strong></span> <span class='ocrx_word' id='word_1_266' title='bbox 298 3949 374 3998; x_wconf 83' lang='lat' dir='ltr'><strong>mss,</strong></span> <span class='ocrx_word' id='word_1_267' title='bbox 393 3947 461 3991; x_wconf 77' lang='lat' dir='ltr'><strong>uuas</strong></span> <span class='ocrx_word' id='word_1_268' title='bbox 485 3930 588 3984; x_wconf 78' lang='lat' dir='ltr'><strong>Heroni</strong></span> <span class='ocrx_word' id='word_1_269' title='bbox 612 3944 682 3983; x_wconf 78' lang='lat' dir='ltr'><strong>rsus·</strong></span> 
     </span>
     <span class='ocr_line' id='line_1_53' title="bbox 96 4005 683 4067; baseline -0.024 -1"><span class='ocrx_word' id='word_1_270' title='bbox 96 4026 176 4066; x_wconf 78' lang='lat' dir='ltr'><strong>runc</strong></span> <span class='ocrx_word' id='word_1_271' title='bbox 188 4023 269 4065; x_wconf 83' lang='lat' dir='ltr'><strong>ruunr</strong></span> <span class='ocrx_word' id='word_1_272' title='bbox 285 4005 428 4067; x_wconf 82' lang='lat' dir='ltr'><strong>Cunisrus,</strong></span> <span class='ocrx_word' id='word_1_273' title='bbox 445 4018 508 4063; x_wconf 89' lang='lat' dir='ltr'><strong>oum</strong></span> <span class='ocrx_word' id='word_1_274' title='bbox 523 4014 633 4054; x_wconf 83' lang='lat' dir='ltr'><strong>nrsrrcr.</strong></span> <span class='ocrx_word' id='word_1_275' title='bbox 651 4016 683 4052; x_wconf 82' lang='lat' dir='ltr'><strong>er</strong></span> 
     </span>
     <span class='ocr_line' id='line_1_54' title="bbox 95 4071 683 4142; baseline -0.026 -3"><span class='ocrx_word' id='word_1_276' title='bbox 95 4098 247 4138; x_wconf 73' lang='lat' dir='ltr'><strong>nouauirun</strong></span> <span class='ocrx_word' id='word_1_277' title='bbox 260 4072 451 4132; x_wconf 77' lang='lat' dir='ltr'><strong>siosrrrcnsr‘l</strong></span> <span class='ocrx_word' id='word_1_278' title='bbox 469 4106 497 4115; x_wconf 93' lang='lat'>-</span> <span class='ocrx_word' id='word_1_279' title='bbox 513 4074 545 4127; x_wconf 80' lang='lat' dir='ltr'><strong>bc</strong></span> <span class='ocrx_word' id='word_1_280' title='bbox 560 4073 623 4142; x_wconf 85' lang='lat' dir='ltr'><strong>ipsa</strong></span> <span class='ocrx_word' id='word_1_281' title='bbox 637 4071 683 4125; x_wconf 89' lang='lat' dir='ltr'><strong>die</strong></span> 
     </span>
     <span class='ocr_line' id='line_1_55' title="bbox 96 4141 680 4221; baseline -0.026 -11"><span class='ocrx_word' id='word_1_282' title='bbox 96 4155 267 4210; x_wconf 81' lang='lat' dir='ltr'><strong>accesserunt</strong></span> <span class='ocrx_word' id='word_1_283' title='bbox 280 4149 395 4221; x_wconf 83' lang='lat' dir='ltr'><strong>quidum</strong></span> <span class='ocrx_word' id='word_1_284' title='bbox 410 4146 620 4212; x_wconf 67' lang='lat' dir='ltr'><strong>Pharisaeorum,</strong></span> <span class='ocrx_word' id='word_1_285' title='bbox 637 4141 680 4196; x_wconf 83' lang='lat' dir='ltr'><strong>di·</strong></span> 
     </span>
     <span class='ocr_line' id='line_1_56' title="bbox 96 4213 681 4291; baseline -0.022 -9"><span class='ocrx_word' id='word_1_286' title='bbox 96 4231 184 4281; x_wconf 81' lang='lat' dir='ltr'><strong>centes</strong></span> <span class='ocrx_word' id='word_1_287' title='bbox 201 4225 257 4291; x_wconf 83' lang='lat' dir='ltr'><strong>illi,</strong></span> <span class='ocrx_word' id='word_1_288' title='bbox 268 4219 375 4279; x_wconf 89' lang='lat' dir='ltr'><strong>scilicet</strong></span> <span class='ocrx_word' id='word_1_289' title='bbox 388 4219 466 4282; x_wconf 82' lang='lat' dir='ltr'><strong>lesu,</strong></span> <span class='ocrx_word' id='word_1_290' title='bbox 481 4213 595 4288; x_wconf 92' lang='lat' dir='ltr'><strong>quidam</strong></span> <span class='ocrx_word' id='word_1_291' title='bbox 608 4214 681 4269; x_wconf 90' lang='lat' dir='ltr'><strong>lorte</strong></span> 
     </span>
     <span class='ocr_line' id='line_1_57' title="bbox 96 4284 678 4365; baseline -0.026 -10"><span class='ocrx_word' id='word_1_292' title='bbox 96 4297 173 4355; x_wconf 91' lang='lat' dir='ltr'><strong>bono</strong></span> <span class='ocrx_word' id='word_1_293' title='bbox 190 4295 261 4364; x_wconf 87' lang='lat' dir='ltr'><strong>aelo,</strong></span> <span class='ocrx_word' id='word_1_294' title='bbox 273 4291 425 4365; x_wconf 26' lang='lat' dir='ltr'><strong>scilioellut</strong></span> <span class='ocrx_word' id='word_1_295' title='bbox 438 4287 491 4346; x_wconf 86' lang='lat' dir='ltr'><strong>sibi</strong></span> <span class='ocrx_word' id='word_1_296' title='bbox 504 4284 663 4344; x_wconf 89' lang='lat' dir='ltr'><strong>consuleret</strong></span> <span class='ocrx_word' id='word_1_297' title='bbox 669 4301 678 4353; x_wconf 83' lang='lat'>3</span> 
     </span>
    </p>
   </div>
   <div class='ocr_carea' id='block_1_5' title="bbox 745 435 1339 1439">
    <p class='ocr_par' dir='ltr' id='par_1_5' title="bbox 745 435 1339 1439">
     <span class='ocr_line' id='line_1_58' title="bbox 746 435 1338 520; baseline 0.002 -27"><span class='ocrx_word' id='word_1_298' title='bbox 746 437 861 520; x_wconf 89' lang='lat' dir='ltr'><strong>quidam</strong></span> <span class='ocrx_word' id='word_1_299' title='bbox 875 436 960 506; x_wconf 90' lang='lat' dir='ltr'><strong>malo,</strong></span> <span class='ocrx_word' id='word_1_300' title='bbox 974 435 1081 493; x_wconf 90' lang='lat' dir='ltr'><strong>scilicet</strong></span> <span class='ocrx_word' id='word_1_301' title='bbox 1090 441 1121 492; x_wconf 91' lang='lat' dir='ltr'><strong>ut</strong></span> <span class='ocrx_word' id='word_1_302' title='bbox 1131 436 1302 507; x_wconf 83' lang='lat' dir='ltr'><strong>probarent,</strong></span> <span class='ocrx_word' id='word_1_303' title='bbox 1315 438 1338 494; x_wconf 87' lang='lat' dir='ltr'><strong>si</strong></span> 
     </span>
     <span class='ocr_line' id='line_1_59' title="bbox 746 507 1338 571; baseline -0.002 -6"><span class='ocrx_word' id='word_1_304' title='bbox 746 516 848 566; x_wconf 84' lang='lat' dir='ltr'><strong>timore</strong></span> <span class='ocrx_word' id='word_1_305' title='bbox 866 508 983 571; x_wconf 85' lang='lat' dir='ltr'><strong>mortis,&#39;</strong></span> <span class='ocrx_word' id='word_1_306' title='bbox 999 524 1016 563; x_wconf 91' lang='lat' dir='ltr'><strong>a</strong></span> <span class='ocrx_word' id='word_1_307' title='bbox 1035 507 1165 563; x_wconf 90' lang='lat' dir='ltr'><strong>doctriua</strong></span> <span class='ocrx_word' id='word_1_308' title='bbox 1184 513 1338 566; x_wconf 89' lang='lat' dir='ltr'><strong>cessaret:</strong></span> 
     </span>
     <span class='ocr_line' id='line_1_60' title="bbox 745 578 1339 643; baseline 0 -6"><span class='ocrx_word' id='word_1_309' title='bbox 745 585 804 637; x_wconf 80' lang='lat' dir='ltr'><strong>lici</strong></span> <span class='ocrx_word' id='word_1_310' title='bbox 824 588 849 636; x_wconf 87' lang='lat' dir='ltr'><strong>et</strong></span> <span class='ocrx_word' id='word_1_311' title='bbox 872 582 941 635; x_wconf 78' lang='lat' dir='ltr'><strong>uude</strong></span> <span class='ocrx_word' id='word_1_312' title='bbox 961 582 1033 643; x_wconf 84' lang='lat' dir='ltr'><strong>hinc,</strong></span> <span class='ocrx_word' id='word_1_313' title='bbox 1049 578 1158 634; x_wconf 88' lang='lat' dir='ltr'><strong>scilicet</strong></span> <span class='ocrx_word' id='word_1_314' title='bbox 1178 581 1216 635; x_wconf 93' lang='lat' dir='ltr'><strong>ad</strong></span> <span class='ocrx_word' id='word_1_315' title='bbox 1243 581 1339 637; x_wconf 90' lang='lat' dir='ltr'><strong>locum</strong></span> 
     </span>
     <span class='ocr_line' id='line_1_61' title="bbox 746 652 1335 723; baseline -0.002 -15"><span class='ocrx_word' id='word_1_316' title='bbox 746 653 775 709; x_wconf 94' lang='lat' dir='ltr'><strong>in</strong></span> <span class='ocrx_word' id='word_1_317' title='bbox 798 669 854 723; x_wconf 94' lang='lat' dir='ltr'><strong>quo</strong></span> <span class='ocrx_word' id='word_1_318' title='bbox 879 652 1004 708; x_wconf 90' lang='lat' dir='ltr'><strong>Herodes</strong></span> <span class='ocrx_word' id='word_1_319' title='bbox 1019 656 1128 722; x_wconf 89' lang='lat' dir='ltr'><strong>partem</strong></span> <span class='ocrx_word' id='word_1_320' title='bbox 1149 668 1207 706; x_wconf 91' lang='lat' dir='ltr'><strong>non</strong></span> <span class='ocrx_word' id='word_1_321' title='bbox 1226 653 1335 720; x_wconf 80' lang='lat' dir='ltr'><strong>babet3</strong></span> 
     </span>
     <span class='ocr_line' id='line_1_62' title="bbox 745 723 1337 852; baseline 0.003 -73"><span class='ocrx_word' id='word_1_322' title='bbox 745 728 812 852; x_wconf 60' lang='lat' dir='ltr'><strong>guia</strong></span> <span class='ocrx_word' id='word_1_323' title='bbox 821 726 940 780; x_wconf 83' lang='lat' dir='ltr'><strong>llcrodes</strong></span> <span class='ocrx_word' id='word_1_324' title='bbox 950 725 1009 778; x_wconf 84' lang='lat' dir='ltr'><strong>uult</strong></span> <span class='ocrx_word' id='word_1_325' title='bbox 1019 731 1044 777; x_wconf 89' lang='lat' dir='ltr'><strong>te</strong></span> <span class='ocrx_word' id='word_1_326' title='bbox 1053 723 1184 779; x_wconf 84' lang='lat' dir='ltr'><strong>occidere.</strong></span> <span class='ocrx_word' id='word_1_327' title='bbox 1194 727 1230 778; x_wconf 83' lang='lat' dir='ltr'><strong>Et</strong></span> <span class='ocrx_word' id='word_1_328' title='bbox 1241 733 1337 781; x_wconf 86' lang='lat' dir='ltr'><strong>oston-</strong></span> 
     </span>
     <span class='ocr_line' id='line_1_63' title="bbox 765 793 1333 863; baseline -0.002 -11"><span class='ocrx_word' id='word_1_329' title='bbox 765 813 816 852; x_wconf 90' lang='lat' dir='ltr'><strong>ens</strong></span> <span class='ocrx_word' id='word_1_330' title='bbox 832 813 862 853; x_wconf 88' lang='lat' dir='ltr'><strong>se</strong></span> <span class='ocrx_word' id='word_1_331' title='bbox 878 795 981 851; x_wconf 87' lang='lat' dir='ltr'><strong>talibus</strong></span> <span class='ocrx_word' id='word_1_332' title='bbox 994 811 1049 851; x_wconf 92' lang='lat' dir='ltr'><strong>non</strong></span> <span class='ocrx_word' id='word_1_333' title='bbox 1063 793 1175 863; x_wconf 90' lang='lat' dir='ltr'><strong>terreri,</strong></span> <span class='ocrx_word' id='word_1_334' title='bbox 1189 798 1231 849; x_wconf 84' lang='lat' dir='ltr'><strong>m&#39;t</strong></span> <span class='ocrx_word' id='word_1_335' title='bbox 1248 798 1310 851; x_wconf 85' lang='lat' dir='ltr'><strong>illis</strong></span> <span class='ocrx_word' id='word_1_336' title='bbox 1324 815 1333 851; x_wconf 78' lang='grc' dir='ltr'><strong><em>ε</em></strong></span> 
     </span>
     <span class='ocr_line' id='line_1_64' title="bbox 745 866 1335 938; baseline -0.002 -13"><span class='ocrx_word' id='word_1_337' title='bbox 745 872 794 934; x_wconf 86' lang='lat' dir='ltr'><strong>lte,</strong></span> <span class='ocrx_word' id='word_1_338' title='bbox 810 869 893 924; x_wconf 83' lang='lat' dir='ltr'><strong>dieite</strong></span> <span class='ocrx_word' id='word_1_339' title='bbox 916 869 995 937; x_wconf 80' lang='lat' dir='ltr'><strong>culpi</strong></span> <span class='ocrx_word' id='word_1_340' title='bbox 1018 868 1072 921; x_wconf 81' lang='lat' dir='ltr'><strong>itti.</strong></span> <span class='ocrx_word' id='word_1_341' title='bbox 1090 867 1144 921; x_wconf 86' lang='lat' dir='ltr'><strong>Per</strong></span> <span class='ocrx_word' id='word_1_342' title='bbox 1158 866 1275 938; x_wconf 90' lang='lat' dir='ltr'><strong>vulpem</strong></span> <span class='ocrx_word' id='word_1_343' title='bbox 1293 866 1335 924; x_wconf 91' lang='lat' dir='ltr'><strong>in-</strong></span> 
     </span>
     <span class='ocr_line' id='line_1_65' title="bbox 745 937 1337 1011; baseline 0.002 -16"><span class='ocrx_word' id='word_1_344' title='bbox 745 939 882 1011; x_wconf 83' lang='lat' dir='ltr'><strong>telligitur</strong></span> <span class='ocrx_word' id='word_1_345' title='bbox 892 939 984 995; x_wconf 89' lang='lat' dir='ltr'><strong>malus</strong></span> <span class='ocrx_word' id='word_1_346' title='bbox 994 937 1134 1009; x_wconf 90' lang='lat' dir='ltr'><strong>princeps,</strong></span> <span class='ocrx_word' id='word_1_347' title='bbox 1145 938 1337 1008; x_wconf 76' lang='lat' dir='ltr'><strong>vulpesenim</strong></span> 
     </span>
     <span class='ocr_line' id='line_1_66' title="bbox 745 1010 1336 1080; baseline -0.002 -11"><span class='ocrx_word' id='word_1_348' title='bbox 745 1017 788 1069; x_wconf 90' lang='lat' dir='ltr'><strong>ost</strong></span> <span class='ocrx_word' id='word_1_349' title='bbox 806 1011 912 1068; x_wconf 87' lang='lat' dir='ltr'><strong>animal</strong></span> <span class='ocrx_word' id='word_1_350' title='bbox 934 1010 1074 1077; x_wconf 85' lang='lat' dir='ltr'><strong>dolosum,</strong></span> <span class='ocrx_word' id='word_1_351' title='bbox 1092 1025 1190 1080; x_wconf 86' lang='lat' dir='ltr'><strong>rapax,</strong></span> <span class='ocrx_word' id='word_1_352' title='bbox 1207 1015 1336 1068; x_wconf 86' lang='lat' dir='ltr'><strong>tortuose</strong></span> 
     </span>
     <span class='ocr_line' id='line_1_67' title="bbox 745 1080 1337 1154; baseline 0 -15"><span class='ocrx_word' id='word_1_353' title='bbox 745 1083 889 1151; x_wconf 90' lang='lat' dir='ltr'><strong>incedens,</strong></span> <span class='ocrx_word' id='word_1_354' title='bbox 910 1089 939 1139; x_wconf 92' lang='lat' dir='ltr'><strong>et</strong></span> <span class='ocrx_word' id='word_1_355' title='bbox 964 1081 1114 1148; x_wconf 78' lang='lat' dir='ltr'><strong>loetidum3</strong></span> <span class='ocrx_word' id='word_1_356' title='bbox 1139 1080 1180 1136; x_wconf 91' lang='lat' dir='ltr'><strong>sic</strong></span> <span class='ocrx_word' id='word_1_357' title='bbox 1202 1081 1337 1154; x_wconf 90' lang='lat' dir='ltr'><strong>princeps</strong></span> 
     </span>
     <span class='ocr_line' id='line_1_68' title="bbox 745 1152 1336 1226; baseline -0.003 -15"><span class='ocrx_word' id='word_1_358' title='bbox 745 1157 846 1222; x_wconf 88' lang='lat' dir='ltr'><strong>malus,</strong></span> <span class='ocrx_word' id='word_1_359' title='bbox 867 1154 959 1226; x_wconf 89' lang='lat' dir='ltr'><strong>qualis</strong></span> <span class='ocrx_word' id='word_1_360' title='bbox 979 1160 1040 1209; x_wconf 91' lang='lat' dir='ltr'><strong>erat</strong></span> <span class='ocrx_word' id='word_1_361' title='bbox 1063 1152 1116 1208; x_wconf 89' lang='lat' dir='ltr'><strong>iste</strong></span> <span class='ocrx_word' id='word_1_362' title='bbox 1137 1152 1278 1220; x_wconf 87' lang='lat' dir='ltr'><strong>llerodes,</strong></span> <span class='ocrx_word' id='word_1_363' title='bbox 1294 1159 1336 1209; x_wconf 91' lang='lat' dir='ltr'><strong>est</strong></span> 
     </span>
     <span class='ocr_line' id='line_1_69' title="bbox 745 1223 1337 1297; baseline -0.002 -15"><span class='ocrx_word' id='word_1_364' title='bbox 745 1226 860 1282; x_wconf 92' lang='lat' dir='ltr'><strong>dolosus</strong></span> <span class='ocrx_word' id='word_1_365' title='bbox 875 1243 926 1297; x_wconf 92' lang='lat' dir='ltr'><strong>per</strong></span> <span class='ocrx_word' id='word_1_366' title='bbox 939 1223 1178 1280; x_wconf 85' lang='lat' dir='ltr'><strong>machinationem</strong></span> <span class='ocrx_word' id='word_1_367' title='bbox 1195 1225 1275 1293; x_wconf 87' lang='lat' dir='ltr'><strong>mali,</strong></span> <span class='ocrx_word' id='word_1_368' title='bbox 1294 1242 1337 1281; x_wconf 90' lang='lat' dir='ltr'><strong>ra·</strong></span> 
     </span>
     <span class='ocr_line' id='line_1_70' title="bbox 745 1295 1333 1370; baseline -0.002 -16"><span class='ocrx_word' id='word_1_369' title='bbox 745 1314 798 1370; x_wconf 73' lang='lat' dir='ltr'><strong>pax·</strong></span> <span class='ocrx_word' id='word_1_370' title='bbox 807 1297 871 1354; x_wconf 83' lang='lat' dir='ltr'><strong>aeris</strong></span> <span class='ocrx_word' id='word_1_371' title='bbox 880 1296 974 1354; x_wconf 86' lang='lat' dir='ltr'><strong>alieni.</strong></span> <span class='ocrx_word' id='word_1_372' title='bbox 986 1302 1111 1352; x_wconf 88' lang='lat' dir='ltr'><strong>tortuose</strong></span> <span class='ocrx_word' id='word_1_373' title='bbox 1123 1295 1261 1351; x_wconf 87' lang='lat' dir='ltr'><strong>incedens</strong></span> <span class='ocrx_word' id='word_1_374' title='bbox 1270 1313 1333 1368; x_wconf 89' lang='lat' dir='ltr'><strong>pcr-</strong></span> 
     </span>
     <span class='ocr_line' id='line_1_71' title="bbox 745 1367 1336 1439; baseline 0.002 -16"><span class='ocrx_word' id='word_1_375' title='bbox 745 1376 878 1426; x_wconf 83' lang='lat' dir='ltr'><strong>rorsitate</strong></span> <span class='ocrx_word' id='word_1_376' title='bbox 895 1367 1005 1439; x_wconf 77' lang='lat' dir='ltr'><strong>ludicii,</strong></span> <span class='ocrx_word' id='word_1_377' title='bbox 1022 1367 1201 1437; x_wconf 77' lang='lat' dir='ltr'><strong>lculidusquc,</strong></span> <span class='ocrx_word' id='word_1_378' title='bbox 1224 1383 1277 1439; x_wconf 88' lang='lat' dir='ltr'><strong>per</strong></span> <span class='ocrx_word' id='word_1_379' title='bbox 1295 1368 1336 1424; x_wconf 91' lang='lat' dir='ltr'><strong>in·</strong></span> 
     </span>
    </p>
   </div>
   <div class='ocr_carea' id='block_1_6' title="bbox 729 1438 1335 1506">
    <p class='ocr_par' dir='ltr' id='par_1_6' title="bbox 729 1438 1335 1506">
     <span class='ocr_line' id='line_1_72' title="bbox 729 1438 1335 1506; baseline -0.005 -9"><span class='ocrx_word' id='word_1_380' title='bbox 729 1441 861 1497; x_wconf 78' lang='lat' dir='ltr'><strong>&#39;lamiam</strong></span> <span class='ocrx_word' id='word_1_381' title='bbox 879 1439 1000 1496; x_wconf 83' lang='lat' dir='ltr'><strong>nominis</strong></span> <span class='ocrx_word' id='word_1_382' title='bbox 1016 1439 1069 1495; x_wconf 92' lang='lat' dir='ltr'><strong>sui.</strong></span> <span class='ocrx_word' id='word_1_383' title='bbox 1086 1439 1138 1506; x_wconf 88' lang='lat' dir='ltr'><strong>Qui</strong></span> <span class='ocrx_word' id='word_1_384' title='bbox 1162 1438 1250 1495; x_wconf 91' lang='lat' dir='ltr'><strong>etiam</strong></span> <span class='ocrx_word' id='word_1_385' title='bbox 1267 1439 1335 1495; x_wconf 91' lang='lat' dir='ltr'><strong>niti-</strong></span> 
     </span>
    </p>
   </div>
   <div class='ocr_carea' id='block_1_7' title="bbox 735 1510 1403 4373">
    <p class='ocr_par' dir='ltr' id='par_1_7' title="bbox 735 1510 1403 4373">
     <span class='ocr_line' id='line_1_73' title="bbox 745 1510 1335 1570; baseline 0 -2"><span class='ocrx_word' id='word_1_386' title='bbox 745 1518 793 1569; x_wconf 93' lang='lat' dir='ltr'><strong>tur</strong></span> <span class='ocrx_word' id='word_1_387' title='bbox 806 1512 948 1570; x_wconf 83' lang='lat' dir='ltr'><strong>Christum</strong></span> <span class='ocrx_word' id='word_1_388' title='bbox 963 1510 1091 1568; x_wconf 88' lang='lat' dir='ltr'><strong>occidere</strong></span> <span class='ocrx_word' id='word_1_389' title='bbox 1108 1510 1137 1566; x_wconf 90' lang='lat' dir='ltr'><strong>in</strong></span> <span class='ocrx_word' id='word_1_390' title='bbox 1150 1526 1180 1567; x_wconf 89' lang='lat' dir='ltr'><strong>sc</strong></span> <span class='ocrx_word' id='word_1_391' title='bbox 1191 1516 1220 1566; x_wconf 92' lang='lat' dir='ltr'><strong>et</strong></span> <span class='ocrx_word' id='word_1_392' title='bbox 1236 1515 1265 1566; x_wconf 88' lang='lat' dir='ltr'><strong>io</strong></span> <span class='ocrx_word' id='word_1_393' title='bbox 1277 1511 1335 1568; x_wconf 90' lang='lat' dir='ltr'><strong>suis</strong></span> 
     </span>
     <span class='ocr_line' id='line_1_74' title="bbox 745 1581 1335 1655; baseline -0.005 -14"><span class='ocrx_word' id='word_1_394' title='bbox 745 1584 892 1653; x_wconf 86' lang='lat' dir='ltr'><strong>membris,</strong></span> <span class='ocrx_word' id='word_1_395' title='bbox 909 1581 1091 1655; x_wconf 85' lang='lat' dir='ltr'><strong>quantumin</strong></span> <span class='ocrx_word' id='word_1_396' title='bbox 1108 1581 1169 1651; x_wconf 87' lang='lat' dir='ltr'><strong>ipso</strong></span> <span class='ocrx_word' id='word_1_397' title='bbox 1184 1587 1238 1638; x_wconf 89' lang='lat' dir='ltr'><strong>ost.</strong></span> <span class='ocrx_word' id='word_1_398' title='bbox 1257 1583 1335 1639; x_wconf 84' lang='lat' dir='ltr'><strong>Unde</strong></span> 
     </span>
     <span class='ocr_line' id='line_1_75' title="bbox 744 1657 1335 1725; baseline -0.003 -13"><span class='ocrx_word' id='word_1_399' title='bbox 744 1657 902 1712; x_wconf 76' lang='lat' dir='ltr'><strong>bernardus</strong></span> <span class='ocrx_word' id='word_1_400' title='bbox 920 1675 928 1711; x_wconf 74' lang='grc' dir='ltr'><strong><em>ε</em></strong></span> <span class='ocrx_word' id='word_1_401' title='bbox 948 1678 962 1706; x_wconf 89' lang='lat'>«</span> <span class='ocrx_word' id='word_1_402' title='bbox 980 1657 1059 1711; x_wconf 85' lang='lat' dir='ltr'><strong>Patet</strong></span> <span class='ocrx_word' id='word_1_403' title='bbox 1076 1660 1214 1725; x_wconf 90' lang='lat' dir='ltr'><strong>quantum</strong></span> <span class='ocrx_word' id='word_1_404' title='bbox 1235 1661 1335 1710; x_wconf 89' lang='lat' dir='ltr'><strong>noceat</strong></span> 
     </span>
     <span class='ocr_line' id='line_1_76' title="bbox 745 1725 1335 1799; baseline -0.002 -16"><span class='ocrx_word' id='word_1_405' title='bbox 745 1727 844 1798; x_wconf 90' lang='lat' dir='ltr'><strong>iniqua</strong></span> <span class='ocrx_word' id='word_1_406' title='bbox 860 1733 997 1799; x_wconf 80' lang='lat' dir='ltr'><strong>poteslas,</strong></span> <span class='ocrx_word' id='word_1_407' title='bbox 1015 1726 1157 1797; x_wconf 89' lang='lat' dir='ltr'><strong>quomodo</strong></span> <span class='ocrx_word' id='word_1_408' title='bbox 1175 1732 1261 1798; x_wconf 89' lang='lat' dir='ltr'><strong>caput</strong></span> <span class='ocrx_word' id='word_1_409' title='bbox 1280 1725 1335 1782; x_wconf 92' lang='lat' dir='ltr'><strong>im-</strong></span> 
     </span>
     <span class='ocr_line' id='line_1_77' title="bbox 746 1800 1336 1871; baseline 0.003 -20"><span class='ocrx_word' id='word_1_410' title='bbox 746 1800 822 1871; x_wconf 88' lang='lat' dir='ltr'><strong>pium</strong></span> <span class='ocrx_word' id='word_1_411' title='bbox 844 1801 986 1870; x_wconf 86' lang='lat' dir='ltr'><strong>subjectos</strong></span> <span class='ocrx_word' id='word_1_412' title='bbox 1001 1813 1113 1868; x_wconf 90' lang='lat' dir='ltr'><strong>quoque</strong></span> <span class='ocrx_word' id='word_1_413' title='bbox 1134 1814 1193 1853; x_wconf 85' lang='lat' dir='ltr'><strong>suae</strong></span> <span class='ocrx_word' id='word_1_414' title='bbox 1218 1802 1336 1853; x_wconf 93' lang='lat' dir='ltr'><strong>contor-</strong></span> 
     </span>
     <span class='ocr_line' id='line_1_78' title="bbox 746 1869 1334 1942; baseline -0.005 -14"><span class='ocrx_word' id='word_1_415' title='bbox 746 1876 803 1928; x_wconf 88' lang='lat' dir='ltr'><strong>mel</strong></span> <span class='ocrx_word' id='word_1_416' title='bbox 829 1870 977 1942; x_wconf 86' lang='lat' dir='ltr'><strong>impietati.</strong></span> <span class='ocrx_word' id='word_1_417' title='bbox 996 1869 1098 1925; x_wconf 88' lang='lat' dir='ltr'><strong>blisera</strong></span> <span class='ocrx_word' id='word_1_418' title='bbox 1123 1869 1208 1940; x_wconf 86' lang='lat' dir='ltr'><strong>plane</strong></span> <span class='ocrx_word' id='word_1_419' title='bbox 1223 1869 1334 1939; x_wconf 80' lang='lat' dir='ltr'><strong>civitas,</strong></span> 
     </span>
     <span class='ocr_line' id='line_1_79' title="bbox 744 1939 1334 2015; baseline -0.005 -15"><span class='ocrx_word' id='word_1_420' title='bbox 744 1943 773 2000; x_wconf 94' lang='lat' dir='ltr'><strong>in</strong></span> <span class='ocrx_word' id='word_1_421' title='bbox 789 1960 845 2015; x_wconf 91' lang='lat' dir='ltr'><strong>qua</strong></span> <span class='ocrx_word' id='word_1_422' title='bbox 861 1947 960 2013; x_wconf 82' lang='lat' dir='ltr'><strong>regnat</strong></span> <span class='ocrx_word' id='word_1_423' title='bbox 977 1941 1112 2006; x_wconf 88' lang='lat' dir='ltr'><strong>llerodcs,</strong></span> <span class='ocrx_word' id='word_1_424' title='bbox 1127 1939 1262 2011; x_wconf 89' lang='lat' dir='ltr'><strong>quoniam</strong></span> <span class='ocrx_word' id='word_1_425' title='bbox 1279 1943 1334 1997; x_wconf 89' lang='lat' dir='ltr'><strong>lle-</strong></span> 
     </span>
     <span class='ocr_line' id='line_1_80' title="bbox 745 2011 1336 2086; baseline -0.008 -14"><span class='ocrx_word' id='word_1_426' title='bbox 745 2015 872 2072; x_wconf 75' lang='lat' dir='ltr'><strong>rodianac</strong></span> <span class='ocrx_word' id='word_1_427' title='bbox 892 2013 1032 2086; x_wconf 86' lang='lat' dir='ltr'><strong>particeps</strong></span> <span class='ocrx_word' id='word_1_428' title='bbox 1052 2011 1106 2067; x_wconf 89' lang='lat' dir='ltr'><strong>erit</strong></span> <span class='ocrx_word' id='word_1_429' title='bbox 1125 2011 1259 2067; x_wconf 85' lang='lat' dir='ltr'><strong>malitiael</strong></span> <span class='ocrx_word' id='word_1_430' title='bbox 1280 2015 1336 2068; x_wconf 89' lang='lat' dir='ltr'><strong>lle·</strong></span> 
     </span>
     <span class='ocr_line' id='line_1_81' title="bbox 745 2083 1332 2143; baseline -0.003 -1"><span class='ocrx_word' id='word_1_431' title='bbox 745 2088 864 2143; x_wconf 79' lang='lat' dir='ltr'><strong>corbana</strong></span> <span class='ocrx_word' id='word_1_432' title='bbox 881 2102 946 2141; x_wconf 88' lang='lat' dir='ltr'><strong>roro</strong></span> <span class='ocrx_word' id='word_1_433' title='bbox 969 2083 1076 2139; x_wconf 90' lang='lat' dir='ltr'><strong>malitia</strong></span> <span class='ocrx_word' id='word_1_434' title='bbox 1096 2083 1149 2137; x_wconf 92' lang='lat' dir='ltr'><strong>l&#39;uit</strong></span> <span class='ocrx_word' id='word_1_435' title='bbox 1171 2089 1332 2140; x_wconf 88' lang='lat' dir='ltr'><strong>nascentem</strong></span> 
     </span>
     <span class='ocr_line' id='line_1_82' title="bbox 744 2153 1333 2227; baseline -0.003 -14"><span class='ocrx_word' id='word_1_436' title='bbox 744 2159 816 2215; x_wconf 82' lang='lat' dir='ltr'><strong>rcllc</strong></span> <span class='ocrx_word' id='word_1_437' title='bbox 834 2157 1014 2227; x_wconf 80' lang='lat' dir='ltr'><strong>exstinguere</strong></span> <span class='ocrx_word' id='word_1_438' title='bbox 1032 2153 1212 2226; x_wconf 78' lang='lat' dir='ltr'><strong>religioucm3</strong></span> <span class='ocrx_word' id='word_1_439' title='bbox 1231 2154 1333 2226; x_wconf 90' lang='lat' dir='ltr'><strong>siquis</strong></span> 
     </span>
     <span class='ocr_line' id='line_1_83' title="bbox 746 2225 1331 2303; baseline -0.009 -16"><span class='ocrx_word' id='word_1_440' title='bbox 746 2247 813 2299; x_wconf 78' lang='lat' dir='ltr'><strong>ergo</strong></span> <span class='ocrx_word' id='word_1_441' title='bbox 827 2228 984 2295; x_wconf 70' lang='lat' dir='ltr'><strong>religionis,</strong></span> <span class='ocrx_word' id='word_1_442' title='bbox 999 2225 1213 2303; x_wconf 80' lang='lat' dir='ltr'><strong>rclsanctilatis</strong></span> <span class='ocrx_word' id='word_1_443' title='bbox 1226 2234 1331 2297; x_wconf 92' lang='lat' dir='ltr'><strong>ortum,</strong></span> 
     </span>
     <span class='ocr_line' id='line_1_84' title="bbox 743 2297 1330 2373; baseline -0.007 -15"><span class='ocrx_word' id='word_1_444' title='bbox 743 2310 792 2358; x_wconf 87' lang='lat' dir='ltr'><strong>aut</strong></span> <span class='ocrx_word' id='word_1_445' title='bbox 807 2302 976 2373; x_wconf 86' lang='lat' dir='ltr'><strong>proiectum,</strong></span> <span class='ocrx_word' id='word_1_446' title='bbox 992 2304 1039 2354; x_wconf 93' lang='lat' dir='ltr'><strong>aut</strong></span> <span class='ocrx_word' id='word_1_447' title='bbox 1055 2297 1330 2354; x_wconf 86' lang='lat' dir='ltr'><strong>consummationem</strong></span> 
     </span>
     <span class='ocr_line' id='line_1_85' title="bbox 745 2369 1329 2444; baseline -0.003 -16"><span class='ocrx_word' id='word_1_448' title='bbox 745 2371 892 2444; x_wconf 89' lang='lat' dir='ltr'><strong>impedire,</strong></span> <span class='ocrx_word' id='word_1_449' title='bbox 917 2377 1048 2431; x_wconf 77' lang='lat' dir='ltr'><strong>conatur.</strong></span> <span class='ocrx_word' id='word_1_450' title='bbox 1073 2370 1116 2424; x_wconf 83' lang='lat' dir='ltr'><strong>rel</strong></span> <span class='ocrx_word' id='word_1_451' title='bbox 1136 2369 1329 2441; x_wconf 85' lang='lat' dir='ltr'><strong>persequitur,</strong></span> 
     </span>
     <span class='ocr_line' id='line_1_86' title="bbox 743 2440 1330 2513; baseline -0.003 -13"><span class='ocrx_word' id='word_1_452' title='bbox 743 2446 809 2500; x_wconf 84' lang='lat' dir='ltr'><strong>talis</strong></span> <span class='ocrx_word' id='word_1_453' title='bbox 822 2460 884 2500; x_wconf 92' lang='lat' dir='ltr'><strong>cum</strong></span> <span class='ocrx_word' id='word_1_454' title='bbox 902 2442 1011 2498; x_wconf 88' lang='lat' dir='ltr'><strong>llerode</strong></span> <span class='ocrx_word' id='word_1_455' title='bbox 1025 2440 1168 2496; x_wconf 83' lang='lat' dir='ltr'><strong>Cluislum</strong></span> <span class='ocrx_word' id='word_1_456' title='bbox 1184 2441 1330 2513; x_wconf 86' lang='lat' dir='ltr'><strong>persequi·</strong></span> 
     </span>
     <span class='ocr_line' id='line_1_87' title="bbox 744 2511 1328 2584; baseline -0.009 -11"><span class='ocrx_word' id='word_1_457' title='bbox 744 2522 803 2573; x_wconf 88' lang='lat' dir='ltr'><strong>tur:</strong></span> <span class='ocrx_word' id='word_1_458' title='bbox 818 2542 830 2563; x_wconf 86' lang='lat'>»</span> <span class='ocrx_word' id='word_1_459' title='bbox 843 2517 904 2571; x_wconf 79' lang='lat' dir='ltr'><strong>baec</strong></span> <span class='ocrx_word' id='word_1_460' title='bbox 913 2514 1080 2570; x_wconf 85' lang='lat' dir='ltr'><strong>Bernordus.</strong></span> <span class='ocrx_word' id='word_1_461' title='bbox 1091 2511 1191 2578; x_wconf 83' lang='lat' dir='ltr'><strong>Dicite,</strong></span> <span class='ocrx_word' id='word_1_462' title='bbox 1200 2512 1328 2584; x_wconf 86' lang='lat' dir='ltr'><strong>iuquam,</strong></span> 
     </span>
     <span class='ocr_line' id='line_1_88' title="bbox 744 2584 1332 2661; baseline -0.007 -18"><span class='ocrx_word' id='word_1_463' title='bbox 744 2587 819 2661; x_wconf 90' lang='lat' dir='ltr'><strong>vulpi</strong></span> <span class='ocrx_word' id='word_1_464' title='bbox 847 2587 887 2642; x_wconf 93' lang='lat' dir='ltr'><strong>illi</strong></span> <span class='ocrx_word' id='word_1_465' title='bbox 905 2604 912 2642; x_wconf 92' lang='lat'>:</span> <span class='ocrx_word' id='word_1_466' title='bbox 933 2590 1001 2642; x_wconf 80' lang='lat' dir='ltr'><strong>Ecce</strong></span> <span class='ocrx_word' id='word_1_467' title='bbox 1023 2585 1102 2653; x_wconf 79' lang='lat' dir='ltr'><strong>ejicio</strong></span> <span class='ocrx_word' id='word_1_468' title='bbox 1131 2584 1280 2647; x_wconf 81' lang='lat' dir='ltr'><strong>daemonia,</strong></span> <span class='ocrx_word' id='word_1_469' title='bbox 1304 2590 1332 2641; x_wconf 89' lang='lat' dir='ltr'><strong>et</strong></span> 
     </span>
     <span class='ocr_line' id='line_1_89' title="bbox 745 2655 1330 2729; baseline -0.007 -13"><span class='ocrx_word' id='word_1_470' title='bbox 745 2677 800 2716; x_wconf 91' lang='lat' dir='ltr'><strong>nou</strong></span> <span class='ocrx_word' id='word_1_471' title='bbox 819 2663 936 2729; x_wconf 91' lang='lat' dir='ltr'><strong>possunt</strong></span> <span class='ocrx_word' id='word_1_472' title='bbox 953 2655 1099 2720; x_wconf 86' lang='lat' dir='ltr'><strong>resistere,</strong></span> <span class='ocrx_word' id='word_1_473' title='bbox 1115 2671 1177 2711; x_wconf 93' lang='lat' dir='ltr'><strong>cum</strong></span> <span class='ocrx_word' id='word_1_474' title='bbox 1198 2655 1255 2710; x_wconf 91' lang='lat' dir='ltr'><strong>sint</strong></span> <span class='ocrx_word' id='word_1_475' title='bbox 1271 2672 1330 2712; x_wconf 87' lang='lat' dir='ltr'><strong>ma-</strong></span> 
     </span>
     <span class='ocr_line' id='line_1_90' title="bbox 740 2727 1329 2802; baseline -0.007 -15"><span class='ocrx_word' id='word_1_476' title='bbox 740 2731 812 2802; x_wconf 90' lang='lat' dir='ltr'><strong>joris</strong></span> <span class='ocrx_word' id='word_1_477' title='bbox 825 2728 973 2801; x_wconf 89' lang='lat' dir='ltr'><strong>potestatis</strong></span> <span class='ocrx_word' id='word_1_478' title='bbox 984 2744 1067 2798; x_wconf 89' lang='lat' dir='ltr'><strong>quarn</strong></span> <span class='ocrx_word' id='word_1_479' title='bbox 1080 2727 1218 2795; x_wconf 88' lang='lat' dir='ltr'><strong>llurudes,</strong></span> <span class='ocrx_word' id='word_1_480' title='bbox 1228 2733 1256 2783; x_wconf 90' lang='lat' dir='ltr'><strong>et</strong></span> <span class='ocrx_word' id='word_1_481' title='bbox 1268 2727 1329 2783; x_wconf 89' lang='lat' dir='ltr'><strong>ideo</strong></span> 
     </span>
     <span class='ocr_line' id='line_1_91' title="bbox 743 2800 1329 2865; baseline -0.009 -7"><span class='ocrx_word' id='word_1_482' title='bbox 743 2819 798 2858; x_wconf 91' lang='lat' dir='ltr'><strong>non</strong></span> <span class='ocrx_word' id='word_1_483' title='bbox 815 2803 906 2858; x_wconf 87' lang='lat' dir='ltr'><strong>babeo</strong></span> <span class='ocrx_word' id='word_1_484' title='bbox 923 2800 1023 2856; x_wconf 89' lang='lat' dir='ltr'><strong>timere</strong></span> <span class='ocrx_word' id='word_1_485' title='bbox 1038 2814 1121 2865; x_wconf 86' lang='lat' dir='ltr'><strong>cu1n;</strong></span> <span class='ocrx_word' id='word_1_486' title='bbox 1138 2804 1163 2853; x_wconf 89' lang='lat' dir='ltr'><strong>ct</strong></span> <span class='ocrx_word' id='word_1_487' title='bbox 1184 2802 1329 2865; x_wconf 79' lang='lat' dir='ltr'><strong>curritores,</strong></span> 
     </span>
     <span class='ocr_line' id='line_1_92' title="bbox 743 2869 1330 2943; baseline -0.005 -14"><span class='ocrx_word' id='word_1_488' title='bbox 743 2874 851 2930; x_wconf 88' lang='lat' dir='ltr'><strong>scilicet</strong></span> <span class='ocrx_word' id='word_1_489' title='bbox 869 2872 898 2928; x_wconf 92' lang='lat' dir='ltr'><strong>iu</strong></span> <span class='ocrx_word' id='word_1_490' title='bbox 915 2886 1033 2943; x_wconf 90' lang='lat' dir='ltr'><strong>corpore</strong></span> <span class='ocrx_word' id='word_1_491' title='bbox 1051 2876 1078 2925; x_wconf 91' lang='lat' dir='ltr'><strong>et</strong></span> <span class='ocrx_word' id='word_1_492' title='bbox 1095 2869 1201 2938; x_wconf 89' lang='lat' dir='ltr'><strong>anima,</strong></span> <span class='ocrx_word' id='word_1_493' title='bbox 1221 2874 1330 2943; x_wconf 60' lang='lat' dir='ltr'><strong>perdicio</strong></span> 
     </span>
     <span class='ocr_line' id='line_1_93' title="bbox 743 2941 1328 3012; baseline -0.003 -12"><span class='ocrx_word' id='word_1_494' title='bbox 743 2947 823 3001; x_wconf 88' lang='lat' dir='ltr'><strong>hodie</strong></span> <span class='ocrx_word' id='word_1_495' title='bbox 848 2950 873 2999; x_wconf 91' lang='lat' dir='ltr'><strong>et</strong></span> <span class='ocrx_word' id='word_1_496' title='bbox 892 2960 964 3011; x_wconf 86' lang='lat' dir='ltr'><strong>erus,</strong></span> <span class='ocrx_word' id='word_1_497' title='bbox 979 2943 1009 2997; x_wconf 93' lang='lat' dir='ltr'><strong>id</strong></span> <span class='ocrx_word' id='word_1_498' title='bbox 1032 2946 1076 2997; x_wconf 91' lang='lat' dir='ltr'><strong>cst</strong></span> <span class='ocrx_word' id='word_1_499' title='bbox 1099 2941 1197 3012; x_wconf 89' lang='lat' dir='ltr'><strong>paucis</strong></span> <span class='ocrx_word' id='word_1_500' title='bbox 1220 2941 1328 3009; x_wconf 90' lang='lat' dir='ltr'><strong>diebus,</strong></span> 
     </span>
     <span class='ocr_line' id='line_1_94' title="bbox 743 3013 1329 3087; baseline -0.007 -15"><span class='ocrx_word' id='word_1_501' title='bbox 743 3032 833 3087; x_wconf 91' lang='lat' dir='ltr'><strong>usquc</strong></span> <span class='ocrx_word' id='word_1_502' title='bbox 852 3015 888 3072; x_wconf 93' lang='lat' dir='ltr'><strong>ad</strong></span> <span class='ocrx_word' id='word_1_503' title='bbox 908 3021 1020 3083; x_wconf 90' lang='lat' dir='ltr'><strong>tempus</strong></span> <span class='ocrx_word' id='word_1_504' title='bbox 1038 3013 1185 3069; x_wconf 87' lang='lat' dir='ltr'><strong>Passionis</strong></span> <span class='ocrx_word' id='word_1_505' title='bbox 1200 3030 1290 3082; x_wconf 70' lang='lat' dir='ltr'><strong>meac,</strong></span> <span class='ocrx_word' id='word_1_506' title='bbox 1305 3020 1329 3069; x_wconf 85' lang='lat' dir='ltr'><strong>ct</strong></span> 
     </span>
     <span class='ocr_line' id='line_1_95' title="bbox 743 3089 1327 3156; baseline -0.005 -13"><span class='ocrx_word' id='word_1_507' title='bbox 743 3090 825 3144; x_wconf 83' lang='lat' dir='ltr'><strong>tortia</strong></span> <span class='ocrx_word' id='word_1_508' title='bbox 847 3089 892 3142; x_wconf 87' lang='lat' dir='ltr'><strong>die</strong></span> <span class='ocrx_word' id='word_1_509' title='bbox 914 3101 1098 3153; x_wconf 85' lang='lat' dir='ltr'><strong>consummor,</strong></span> <span class='ocrx_word' id='word_1_510' title='bbox 1123 3101 1174 3156; x_wconf 93' lang='lat' dir='ltr'><strong>per</strong></span> <span class='ocrx_word' id='word_1_511' title='bbox 1196 3092 1327 3141; x_wconf 89' lang='lat' dir='ltr'><strong>mortem.</strong></span> 
     </span>
     <span class='ocr_line' id='line_1_96' title="bbox 742 3155 1328 3228; baseline -0.009 -12"><span class='ocrx_word' id='word_1_512' title='bbox 742 3158 827 3228; x_wconf 87' lang='lat' dir='ltr'><strong>Quasi</strong></span> <span class='ocrx_word' id='word_1_513' title='bbox 847 3159 974 3214; x_wconf 86' lang='lat' dir='ltr'><strong>diceret:</strong></span> <span class='ocrx_word' id='word_1_514' title='bbox 991 3156 1118 3212; x_wconf 84' lang='lat' dir='ltr'><strong>llerodcs</strong></span> <span class='ocrx_word' id='word_1_515' title='bbox 1142 3172 1199 3212; x_wconf 86' lang='lat' dir='ltr'><strong>non</strong></span> <span class='ocrx_word' id='word_1_516' title='bbox 1227 3155 1328 3227; x_wconf 86' lang='lat' dir='ltr'><strong>poturit</strong></span> 
     </span>
     <span class='ocr_line' id='line_1_97' title="bbox 742 3227 1327 3304; baseline -0.01 -17"><span class='ocrx_word' id='word_1_517' title='bbox 742 3229 881 3304; x_wconf 90' lang='lat' dir='ltr'><strong>impedire</strong></span> <span class='ocrx_word' id='word_1_518' title='bbox 899 3229 965 3300; x_wconf 90' lang='lat' dir='ltr'><strong>quin</strong></span> <span class='ocrx_word' id='word_1_519' title='bbox 982 3227 1083 3284; x_wconf 83' lang='lat' dir='ltr'><strong>faciam</strong></span> <span class='ocrx_word' id='word_1_520' title='bbox 1104 3228 1179 3298; x_wconf 94' lang='lat' dir='ltr'><strong>quod</strong></span> <span class='ocrx_word' id='word_1_521' title='bbox 1202 3227 1327 3284; x_wconf 88' lang='lat' dir='ltr'><strong>intendo.</strong></span> 
     </span>
     <span class='ocr_line' id='line_1_98' title="bbox 741 3297 1327 3384; baseline -0.01 -24"><span class='ocrx_word' id='word_1_522' title='bbox 741 3302 842 3384; x_wconf 74' lang='lat' dir='ltr'><strong>Tangit</strong></span> <span class='ocrx_word' id='word_1_523' title='bbox 857 3307 952 3359; x_wconf 90' lang='lat' dir='ltr'><strong>autom</strong></span> <span class='ocrx_word' id='word_1_524' title='bbox 977 3298 1165 3355; x_wconf 89' lang='lat' dir='ltr'><strong>intentionem</strong></span> <span class='ocrx_word' id='word_1_525' title='bbox 1190 3297 1222 3355; x_wconf 93' lang='lat' dir='ltr'><strong>in</strong></span> <span class='ocrx_word' id='word_1_526' title='bbox 1239 3299 1327 3356; x_wconf 83' lang='lat' dir='ltr'><strong>tribus</strong></span> 
     </span>
     <span class='ocr_line' id='line_1_99' title="bbox 740 3368 1328 3445; baseline -0.009 -15"><span class='ocrx_word' id='word_1_527' title='bbox 740 3373 825 3430; x_wconf 84' lang='lat' dir='ltr'><strong>dietis</strong></span> <span class='ocrx_word' id='word_1_528' title='bbox 840 3390 847 3428; x_wconf 90' lang='lat'>:</span> <span class='ocrx_word' id='word_1_529' title='bbox 865 3375 957 3445; x_wconf 90' lang='lat' dir='ltr'><strong>prima</strong></span> <span class='ocrx_word' id='word_1_530' title='bbox 980 3369 1106 3427; x_wconf 86' lang='lat' dir='ltr'><strong>constitit</strong></span> <span class='ocrx_word' id='word_1_531' title='bbox 1122 3368 1151 3424; x_wconf 92' lang='lat' dir='ltr'><strong>iu</strong></span> <span class='ocrx_word' id='word_1_532' title='bbox 1166 3370 1328 3427; x_wconf 81' lang='lat' dir='ltr'><strong>daemonum</strong></span> 
     </span>
     <span class='ocr_line' id='line_1_100' title="bbox 740 3440 1328 3518; baseline -0.01 -16"><span class='ocrx_word' id='word_1_533' title='bbox 740 3444 904 3518; x_wconf 77' lang='lat' dir='ltr'><strong>expulsione</strong></span> <span class='ocrx_word' id='word_1_534' title='bbox 916 3463 923 3512; x_wconf 91' lang='lat'>;</span> <span class='ocrx_word' id='word_1_535' title='bbox 940 3443 1076 3508; x_wconf 91' lang='lat' dir='ltr'><strong>secunda,</strong></span> <span class='ocrx_word' id='word_1_536' title='bbox 1088 3440 1116 3495; x_wconf 93' lang='lat' dir='ltr'><strong>in</strong></span> <span class='ocrx_word' id='word_1_537' title='bbox 1128 3440 1328 3498; x_wconf 87' lang='lat' dir='ltr'><strong>iutlrmitatum</strong></span> 
     </span>
     <span class='ocr_line' id='line_1_101' title="bbox 740 3511 1330 3584; baseline -0.01 -9"><span class='ocrx_word' id='word_1_538' title='bbox 740 3516 901 3584; x_wconf 79' lang='lat' dir='ltr'><strong>curatione3</strong></span> <span class='ocrx_word' id='word_1_539' title='bbox 914 3515 1009 3583; x_wconf 89' lang='lat' dir='ltr'><strong>tertia,</strong></span> <span class='ocrx_word' id='word_1_540' title='bbox 1018 3513 1047 3569; x_wconf 90' lang='lat' dir='ltr'><strong>in</strong></span> <span class='ocrx_word' id='word_1_541' title='bbox 1058 3511 1144 3568; x_wconf 86' lang='lat' dir='ltr'><strong>olbcii</strong></span> <span class='ocrx_word' id='word_1_542' title='bbox 1154 3512 1197 3568; x_wconf 91' lang='lat' dir='ltr'><strong>sui</strong></span> <span class='ocrx_word' id='word_1_543' title='bbox 1210 3529 1261 3584; x_wconf 91' lang='lat' dir='ltr'><strong>per</strong></span> <span class='ocrx_word' id='word_1_544' title='bbox 1270 3529 1330 3569; x_wconf 89' lang='lat' dir='ltr'><strong>cru·</strong></span> 
     </span>
     <span class='ocr_line' id='line_1_102' title="bbox 739 3583 1403 3662; baseline -0.012 -16"><span class='ocrx_word' id='word_1_545' title='bbox 739 3589 780 3646; x_wconf 90' lang='lat' dir='ltr'><strong>cis</strong></span> <span class='ocrx_word' id='word_1_546' title='bbox 800 3588 958 3662; x_wconf 89' lang='lat' dir='ltr'><strong>patibulum</strong></span> <span class='ocrx_word' id='word_1_547' title='bbox 980 3583 1237 3650; x_wconf 81' lang='lat' dir='ltr'><strong>consummatione,</strong></span> <span class='ocrx_word' id='word_1_548' title='bbox 1264 3589 1330 3640; x_wconf 91' lang='lat' dir='ltr'><strong>tunc</strong></span> <span class='ocrx_word' id='word_1_549' title='bbox 1399 3612 1403 3619; x_wconf 91' lang='lat'>·</span> 
     </span>
     <span class='ocr_line' id='line_1_103' title="bbox 740 3655 1330 3723; baseline -0.01 -6"><span class='ocrx_word' id='word_1_550' title='bbox 740 3661 816 3717; x_wconf 91' lang='lat' dir='ltr'><strong>enim</strong></span> <span class='ocrx_word' id='word_1_551' title='bbox 826 3663 1022 3715; x_wconf 88' lang='lat' dir='ltr'><strong>consummata</strong></span> <span class='ocrx_word' id='word_1_552' title='bbox 1032 3661 1099 3712; x_wconf 92' lang='lat' dir='ltr'><strong>suut</strong></span> <span class='ocrx_word' id='word_1_553' title='bbox 1111 3655 1208 3711; x_wconf 90' lang='lat' dir='ltr'><strong>omnia</strong></span> <span class='ocrx_word' id='word_1_554' title='bbox 1218 3657 1253 3711; x_wconf 90' lang='lat' dir='ltr'><strong>de</strong></span> <span class='ocrx_word' id='word_1_555' title='bbox 1270 3655 1330 3723; x_wconf 90' lang='lat' dir='ltr'><strong>ipso</strong></span> 
     </span>
     <span class='ocr_line' id='line_1_104' title="bbox 740 3725 1332 3803; baseline -0.012 -15"><span class='ocrx_word' id='word_1_556' title='bbox 740 3732 845 3803; x_wconf 80' lang='lat' dir='ltr'><strong>iulcgc</strong></span> <span class='ocrx_word' id='word_1_557' title='bbox 857 3737 883 3787; x_wconf 91' lang='lat' dir='ltr'><strong>ct</strong></span> <span class='ocrx_word' id='word_1_558' title='bbox 896 3728 1045 3801; x_wconf 87' lang='lat' dir='ltr'><strong>Prophetis</strong></span> <span class='ocrx_word' id='word_1_559' title='bbox 1056 3727 1151 3782; x_wconf 91' lang='lat' dir='ltr'><strong>dicta:</strong></span> <span class='ocrx_word' id='word_1_560' title='bbox 1167 3727 1244 3784; x_wconf 91' lang='lat' dir='ltr'><strong>unde</strong></span> <span class='ocrx_word' id='word_1_561' title='bbox 1264 3725 1332 3783; x_wconf 79' lang='lat' dir='ltr'><strong>(lixit</strong></span> 
     </span>
     <span class='ocr_line' id='line_1_105' title="bbox 736 3801 1329 3875; baseline -0.012 -15"><span class='ocrx_word' id='word_1_562' title='bbox 736 3805 797 3875; x_wconf 89' lang='lat' dir='ltr'><strong>jam</strong></span> <span class='ocrx_word' id='word_1_563' title='bbox 827 3802 1006 3858; x_wconf 88' lang='lat' dir='ltr'><strong>moriturus:</strong></span> <span class='ocrx_word' id='word_1_564' title='bbox 1033 3801 1253 3857; x_wconf 76' lang='lat' dir='ltr'><strong>consummatum</strong></span> <span class='ocrx_word' id='word_1_565' title='bbox 1282 3802 1329 3854; x_wconf 86' lang='lat' dir='ltr'><strong>cst.</strong></span> 
     </span>
     <span class='ocr_line' id='line_1_106' title="bbox 740 3868 1331 3942; baseline -0.012 -11"><span class='ocrx_word' id='word_1_566' title='bbox 740 3879 772 3931; x_wconf 78' lang='lat' dir='ltr'><strong>nt</strong></span> <span class='ocrx_word' id='word_1_567' title='bbox 799 3873 965 3939; x_wconf 87' lang='lat' dir='ltr'><strong>notandum,</strong></span> <span class='ocrx_word' id='word_1_568' title='bbox 987 3871 1062 3942; x_wconf 88' lang='lat' dir='ltr'><strong>quod</strong></span> <span class='ocrx_word' id='word_1_569' title='bbox 1079 3868 1225 3939; x_wconf 85' lang='lat' dir='ltr'><strong>adverbia,</strong></span> <span class='ocrx_word' id='word_1_570' title='bbox 1246 3869 1331 3926; x_wconf 88' lang='lat' dir='ltr'><strong>bodie</strong></span> 
     </span>
     <span class='ocr_line' id='line_1_107' title="bbox 739 3941 1329 4014; baseline -0.012 -11"><span class='ocrx_word' id='word_1_571' title='bbox 739 3954 766 4003; x_wconf 88' lang='lat' dir='ltr'><strong>et</strong></span> <span class='ocrx_word' id='word_1_572' title='bbox 778 3962 851 4013; x_wconf 87' lang='lat' dir='ltr'><strong>cras,</strong></span> <span class='ocrx_word' id='word_1_573' title='bbox 861 3943 1025 4014; x_wconf 81' lang='lat' dir='ltr'><strong>siugulatim</strong></span> <span class='ocrx_word' id='word_1_574' title='bbox 1037 3941 1184 3997; x_wconf 87' lang='lat' dir='ltr'><strong>reddenda</strong></span> <span class='ocrx_word' id='word_1_575' title='bbox 1192 3946 1259 3997; x_wconf 91' lang='lat' dir='ltr'><strong>sunt</strong></span> <span class='ocrx_word' id='word_1_576' title='bbox 1269 3957 1329 3997; x_wconf 85' lang='lat' dir='ltr'><strong>ver·</strong></span> 
     </span>
     <span class='ocr_line' id='line_1_108' title="bbox 737 4013 1330 4088; baseline -0.012 -13"><span class='ocrx_word' id='word_1_577' title='bbox 737 4018 792 4088; x_wconf 89' lang='lat' dir='ltr'><strong>bis,</strong></span> <span class='ocrx_word' id='word_1_578' title='bbox 809 4023 841 4073; x_wconf 89' lang='lat' dir='ltr'><strong>ul</strong></span> <span class='ocrx_word' id='word_1_579' title='bbox 856 4015 892 4072; x_wconf 92' lang='lat' dir='ltr'><strong>sit</strong></span> <span class='ocrx_word' id='word_1_580' title='bbox 906 4030 1018 4077; x_wconf 75' lang='lat' dir='ltr'><strong>sensus</strong></span> <span class='ocrx_word' id='word_1_581' title='bbox 1029 4015 1118 4081; x_wconf 86' lang='lat' dir='ltr'><strong>hodie,</strong></span> <span class='ocrx_word' id='word_1_582' title='bbox 1135 4014 1217 4082; x_wconf 84' lang='lat' dir='ltr'><strong>ejicio</strong></span> <span class='ocrx_word' id='word_1_583' title='bbox 1232 4013 1330 4068; x_wconf 74' lang='lat' dir='ltr'><strong>damn</strong></span> 
     </span>
     <span class='ocr_line' id='line_1_109' title="bbox 736 4084 1328 4159; baseline -0.01 -13"><span class='ocrx_word' id='word_1_584' title='bbox 736 4094 807 4159; x_wconf 83' lang='lat' dir='ltr'><strong>nia;</strong></span> <span class='ocrx_word' id='word_1_585' title='bbox 823 4094 849 4146; x_wconf 82' lang='lat' dir='ltr'><strong>et</strong></span> <span class='ocrx_word' id='word_1_586' title='bbox 864 4103 935 4154; x_wconf 84' lang='lat' dir='ltr'><strong>eros,</strong></span> <span class='ocrx_word' id='word_1_587' title='bbox 944 4088 1056 4157; x_wconf 65' lang='lat' dir='ltr'><strong>perficio</strong></span> <span class='ocrx_word' id='word_1_588' title='bbox 1070 4086 1216 4141; x_wconf 81' lang='lat' dir='ltr'><strong>sanitates.</strong></span> <span class='ocrx_word' id='word_1_589' title='bbox 1231 4084 1328 4140; x_wconf 88' lang='lat' dir='ltr'><strong>Primo</strong></span> 
     </span>
     <span class='ocr_line' id='line_1_110' title="bbox 737 4154 1327 4229; baseline -0.008 -11"><span class='ocrx_word' id='word_1_590' title='bbox 737 4161 815 4218; x_wconf 86' lang='lat' dir='ltr'><strong>enirn</strong></span> <span class='ocrx_word' id='word_1_591' title='bbox 836 4165 879 4216; x_wconf 89' lang='lat' dir='ltr'><strong>est</strong></span> <span class='ocrx_word' id='word_1_592' title='bbox 900 4158 1062 4214; x_wconf 77' lang='lat' dir='ltr'><strong>daemonum</strong></span> <span class='ocrx_word' id='word_1_593' title='bbox 1078 4154 1197 4229; x_wconf 86' lang='lat' dir='ltr'><strong>ejectio;</strong></span> <span class='ocrx_word' id='word_1_594' title='bbox 1216 4162 1327 4227; x_wconf 88' lang='lat' dir='ltr'><strong>postea,</strong></span> 
     </span>
     <span class='ocr_line' id='line_1_111' title="bbox 736 4226 1330 4296; baseline -0.01 -5"><span class='ocrx_word' id='word_1_595' title='bbox 736 4227 1209 4296; x_wconf 87' lang='lat' dir='ltr'><strong>sanitatiseollatio;tertio,autem</strong></span> <span class='ocrx_word' id='word_1_596' title='bbox 1220 4226 1330 4285; x_wconf 82' lang='lat' dir='ltr'><strong>sanita·</strong></span> 
     </span>
     <span class='ocr_line' id='line_1_112' title="bbox 735 4297 1327 4373; baseline -0.008 -11"><span class='ocrx_word' id='word_1_597' title='bbox 735 4304 772 4362; x_wconf 90' lang='lat' dir='ltr'><strong>tis</strong></span> <span class='ocrx_word' id='word_1_598' title='bbox 787 4303 897 4362; x_wconf 81' lang='lat' dir='ltr'><strong>collatae</strong></span> <span class='ocrx_word' id='word_1_599' title='bbox 912 4297 1131 4359; x_wconf 89' lang='lat' dir='ltr'><strong>consummatio.</strong></span> <span class='ocrx_word' id='word_1_600' title='bbox 1147 4330 1183 4342; x_wconf 91' lang='lat'><em>-</em></span> <span class='ocrx_word' id='word_1_601' title='bbox 1195 4297 1327 4373; x_wconf 80' lang='lat' dir='ltr'><strong>Mystico,</strong></span> 
     </span>
    </p>
   </div>
   <div class='ocr_carea' id='block_1_8' title="bbox 0 0 1444 4942">
    <p class='ocr_par' dir='ltr' id='par_1_8' title="bbox 0 0 1444 4942">
     <span class='ocr_line' id='line_1_113' title="bbox 0 0 1444 4942; baseline 0 1"><span class='ocrx_word' id='word_1_602' title='bbox 0 0 1444 4942; x_wconf 95' lang='lat' dir='ltr'><strong> </strong></span> 
     </span>
    </p>
   </div>
  </div>
 </body>
</html>
