2880 4942
110 323 156 379 tot
487 321 599 376 Patala
625 321 744 377 rtnrts
770 322 875 377 ullor
903 323 962 377 Llll

110 429 181 500 ejus,
198 425 266 500 quia
287 425 463 498 redarguens
486 432 601 499 peccata
620 427 697 485 cohi·

108 499 189 569 buit;
208 504 237 556 et
264 498 381 555 vinculis
409 497 508 569 gratian
528 499 636 571 ligarit,
651 504 695 554 in·

109 569 696 644 {tandmsoleummitigativumidestspem

110 642 202 700 reniae
227 643 431 714 poenitentibus
451 641 652 714 promittendo,
672 648 698 697 et

110 718 205 771 ninum
232 712 419 795 pungitivum,
440 718 578 770 terrorem
606 729 697 787 poeuae

111 785 295 860 peccantibus
321 783 494 841 incutiendo.
510 785 613 856 alligat
629 801 697 856 ergo

110 856 239 924 vulnera,
255 856 323 911 dum
338 855 468 927 praecipit
484 873 491 911 :
506 860 697 913 Punitentiom

111 932 200 998 opite3
233 926 356 983 infundit
382 928 486 995 oleum,
510 929 578 984 dum
592 927 696 984 addit:

109 1001 698 1071 appropinquaritenirnrepnumcoetorum

109 1069 235 1127 inlundit
262 1079 356 1125 autem
372 1069 481 1139 vinum,
512 1085 577 1126 oum
604 1070 696 1126 dicit:

110 1142 205 1200 Omnis
223 1142 381 1211 arborque
406 1159 461 1197 nort
486 1143 557 1210 tacit
576 1144 699 1208 [ructum

113 1214 211 1269 bonum
232 1213 385 1279 excidetur,
399 1219 425 1268 et
446 1216 476 1268 in
496 1217 587 1282 ipnem
607 1216 700 1268 mitte·

110 1288 167 1352 tar,
184 1289 212 1339 et
226 1283 348 1341 ardebit.
364 1285 425 1351 Qua
442 1283 471 1340 in
487 1301 518 1341 re
533 1284 629 1341 docuit
648 1300 700 1341 nos

112 1355 261 1423 Dominus,
277 1353 401 1426 qualiter
415 1355 536 1411 infirmis
551 1362 579 1411 et
592 1357 628 1412 ad
642 1372 701 1427 poe·

112 1426 263 1484 nitentium
283 1424 460 1483 venientibus
485 1427 592 1483 mederi
617 1428 701 1483 debe·

110 1513 203 1556 amus
220 1497 429 1554 Vulneraenim
441 1498 573 1569 ligamus,
587 1498 700 1570 quando

110 1576 290 1643 peccatorem
317 1586 334 1626 a
354 1576 470 1640 peccato
489 1585 600 1626 cessare
612 1569 699 1641 jube·

111 1655 192 1707 mus;
205 1640 300 1696 oleum
309 1647 405 1696 antem
416 1639 603 1709 infundimus,
611 1656 701 1710 quan·

111 1710 148 1767 do
164 1711 387 1767 misericorditer
416 1717 444 1768 et
469 1712 573 1768 blande
600 1728 700 1768 conso-

109 1781 197 1838 lando
210 1782 418 1855 indulgentiam
429 1782 569 1855 peccatori
583 1781 700 1854 promit-

110 1851 216 1917 timus:
231 1853 347 1925 iusuper
360 1860 388 1910 et
402 1854 499 1911 vinum
511 1854 698 1917 infundimus.

111 1926 226 1998 quando
241 1942 342 1998 aspere
355 1930 383 1982 et
397 1933 509 1983 austere
526 1925 699 1999 increpando

107 1996 242 2070 jejunare
265 2004 294 2054 et
320 2014 434 2054 carnem
455 2014 599 2054 macerare
616 1999 699 2069 jube·

111 2084 185 2125 mus.
202 2071 262 2126 Non
280 2074 316 2125 sit
331 2069 419 2141 igitur
437 2070 531 2126 oleum
548 2069 608 2125 sine
623 2070 699 2138 vino,

111 2155 206 2211 neque
226 2142 322 2197 vinum
340 2142 402 2197 sine
416 2142 489 2197 oleo.
506 2141 585 2197 Unde
601 2142 700 2208 Grego-

111 2214 196 2267 rias:
226 2237 239 2260 «
269 2211 412 2268 blisceuda
440 2228 508 2281 ergo
528 2217 571 2267 est
597 2211 700 2267 lenitas

112 2296 176 2337 cum
192 2282 354 2349 severitate,
371 2282 531 2338 laciendum
548 2286 592 2337 est
608 2283 698 2352 quod-

112 2351 179 2408 dam
194 2369 226 2408 ex
251 2359 372 2423 utroque
388 2358 654 2425 terrrperameutum,
670 2358 700 2409 ut

112 2438 207 2493 neque
225 2425 313 2480 multa
334 2423 488 2495 asperitate
502 2423 701 2481 exulcerentur

113 2494 231 2564 subditi,
249 2512 340 2567 neque
356 2495 443 2552 nimia
457 2494 634 2567 benignitate
646 2495 701 2551 sol·

111 2572 224 2623 vantur.
243 2589 257 2621 n
293 2568 372 2624 Unde
402 2572 442 2623 ait
460 2576 488 2624 et
515 2569 697 2624 burcardus:

115 2656 130 2692 c
148 2640 266 2711 Semper
281 2639 380 2711 punire
394 2639 549 2696 ferocitatis
561 2646 614 2707 est,
629 2656 701 2696 sem-

112 2725 165 2837 Ber
182 2728 299 2783 parcere
306 2711 554 2838 pusillanimitatis
568 2717 632 2779 est;
648 2727 701 2767 nee

133 2797 167 2837 oc
182 2798 234 2838 nec
253 2782 303 2838 illu
338 2782 480 2853 aequitatis
500 2783 618 2851 habere,
636 2783 701 2854 plus

113 2853 324 2920 amaritudinis,
345 2864 430 2924 quam
447 2852 604 2918 suavitatis,
618 2854 701 2909 dam·

113 2924 209 2981 nobile
228 2930 292 2990 est;
319 2939 491 2980 econverso
519 2925 700 2995 commenda-

113 2994 181 3062 bile,
200 3000 351 3065 utrumque
376 2994 532 3051 tolerabile.
556 3019 568 3045 n
599 2999 635 3051 Et
663 2996 702 3051 le·

114 3083 195 3136 vans,
211 3074 296 3137 atque
309 3070 450 3138 imponens
462 3068 585 3122 illumin
594 3067 702 3135 jumen-

113 3145 171 3195 tum
182 3155 261 3194 suurn
274 3139 356 3193 duait
371 3140 401 3191 in
413 3138 564 3205 stabulum,
573 3144 701 3194 eteuram

112 3225 173 3282 ejus
187 3213 252 3278 epit.
267 3211 430 3266 iumentum
456 3208 560 3265 dicitur
573 3209 619 3265 bie
636 3225 702 3265 caro

115 3281 229 3349 Christi,
246 3281 273 3337 ln
289 3297 345 3353 qua
356 3280 392 3337 ad
403 3296 455 3336 uns
465 3279 701 3354 reniredignatus

115 3352 701 3425 est.lluicjumentosauciatumimposuit,

113 3426 200 3483 fidem
234 3423 440 3483 lucarnationis
469 3423 644 3496 inspirando.
674 3428 703 3481 et

112 3504 229 3625 Beeeata
241 3504 351 3567 nostra,
362 3495 393 3555 iu
407 3511 525 3579 corpore
538 3512 601 3563 suo,
617 3512 703 3569 super

124 3567 223 3640 'gnum
240 3570 380 3639 portando
394 3584 402 3637 ;
417 3572 446 3624 et
456 3573 537 3640 Juxta
553 3567 639 3624 aliam
655 3584 702 3640 pa-

116 3639 269 3706 rabolam,
299 3639 443 3695 inventam
472 3655 534 3708 quae
557 3643 703 3695 erraverat

115 3722 208 3775 ovem,
237 3707 364 3764 humeris
391 3708 450 3764 suis
473 3707 635 3780 impositam
664 3711 701 3765 ad

115 3793 230 3852 gregem
251 3779 435 3849 reportando.

151 3851 246 3916 8an
260 3867 311 3904 ren
326 3865 466 3906 armosos
483 3867 515 3905 nr
531 3868 600 3907 nuos
615 3868 700 3906 orua-

116 3938 178 3979 atos
197 3937 360 3977 anonumos.
390 3950 420 3960 -
436 3924 473 3977 nt
492 3921 575 3976 duait
592 3925 623 3977 in
641 3927 700 3977 sta·

117 3994 222 4055 butum,
240 3992 268 4047 id
285 3996 329 4048 cst
342 3990 419 4048 intra
437 3997 565 4048 sanctam
581 4008 702 4075 praesen-

115 4069 174 4122 tem
190 4061 342 4121 Ecelesiam
358 4062 515 4130 collocavit,
542 4064 600 4132 ubi,
616 4065 701 4136 depo·

118 4136 172 4194 sito
186 4151 273 4192 onere
287 4144 478 4208 peccatorum,
495 4135 586 4192 viator
613 4135 702 4192 lassus

118 4206 264 4275 refieitur3
280 4213 310 4264 et
329 4207 452 4264 relectus
469 4206 577 4264 salubri
598 4222 702 4279 pascua

116 4285 278 4350 reparatur.
289 4279 544 4350 ltondomum,sed
558 4278 701 4336 stabulum

750 432 845 495 vocat;
863 444 918 499 quo
933 427 1059 497 nomine,
1075 429 1191 486 toetores
1210 432 1238 484 et
1253 425 1340 485 mise-

751 501 809 556 rias
825 501 909 571 hnjus
927 500 1076 572 praesentis
1093 501 1157 557 vitae
1183 498 1341 569 significat,

751 587 789 628 ne
804 573 888 627 bomo
903 571 932 627 in
955 573 1007 628 hoc
1022 572 1130 640 exsilio,
1150 577 1296 642 tamquam
1310 569 1340 627 in

751 642 843 716 patria
859 643 991 714 gandeat.
1005 648 1050 713 Et,
1068 651 1098 700 ut
1111 646 1201 701 bonus
1214 642 1342 698 medicus

752 720 779 771 et
788 715 977 783 necessarius,
985 732 1079 770 curum
1091 717 1151 785 ejus
1164 718 1230 782 epit,
1243 729 1341 784 quam-

752 784 801 842 diu
814 784 843 841 in
858 787 911 842 bac
926 786 983 841 rita
999 803 1063 842 cum
1078 803 1111 843 eo
1131 786 1193 855 luit,
1205 786 1272 855 quia
1282 785 1339 840 eir·

752 873 785 914 ea
799 864 938 927 aegrotum
955 858 1092 914 sollicitus
1119 857 1181 913 luit.
1200 860 1236 912 Et
1252 858 1341 911 altera

752 929 807 996 die,
823 936 887 1000 post
905 935 1050 1000 peractum
1067 927 1255 985 ministerium
1276 927 1341 983 red-

753 999 915 1071 emptioniS,
930 1000 1037 1057 scilicet
1048 1006 1111 1072 post
1122 999 1233 1055 Domini
1245 1014 1338 1055 resur·

753 1071 918 1140 rectionem,
930 1088 993 1143 quae
1003 1074 1093 1143 magis
1103 1071 1231 1142 splendet
1239 1085 1337 1140 uuam,

753 1149 864 1212 tempus
878 1144 1058 1215 praecedens:
1073 1142 1163 1214 prima
1182 1141 1257 1196 enim
1277 1140 1338 1196 dies

753 1214 806 1271 suit
816 1214 875 1270 dies
891 1214 1071 1270 mortalitatis
1088 1220 1116 1270 et
1132 1210 1337 1284 passibilitatis;

753 1286 844 1343 altera
858 1285 920 1342 dies
933 1286 985 1341 luit
1001 1284 1223 1342 immortalitatis
1238 1289 1266 1338 ct
1289 1282 1340 1339 im·

753 1356 960 1430 passibilitatis,
978 1358 1090 1428 quando
1115 1355 1249 1429 splendor
1266 1352 1338 1410 lucis

754 1437 869 1486 aeternae
894 1429 984 1497 magis
999 1427 1105 1485 ellulsit
1119 1446 1126 1494 ;
1140 1427 1257 1498 protulit
1270 1426 1340 1506 duos

753 1503 890 1563 denarios,
906 1499 1012 1556 scilicet
1022 1501 1077 1556 duo
1093 1501 1341 1554 Testamentaun-

753 1571 855 1644 quibus
864 1577 1003 1627 etnomen
1016 1576 1043 1627 et
1053 1571 1145 1641 imago
1158 1568 1242 1639 Regis
1255 1573 1339 1623 aeter·

754 1643 783 1699 ni
797 1642 987 1711 eontinentur,
1001 1648 1029 1698 et
1048 1657 1167 1713 quorum
1177 1639 1268 1711 pretio
1282 1638 1341 1694 vul·

754 1731 823 1771 nera
840 1723 937 1771 nostra
952 1720 1102 1781 curantur;
1116 1719 1141 1768 et
1154 1712 1231 1767 dedit
1245 1711 1340 1765 stabu-

754 1789 836 1853 lario,
851 1784 918 1856 quia
929 1783 1075 1842 distribuit
1089 1784 1340 1853 utriusqueTosta-

753 1856 842 1914 menti
857 1857 1016 1927 scientiam,
1041 1863 1069 1912 et
1081 1853 1255 1927 praedicandi
1275 1867 1341 1924 gra·

753 1926 1339 2004 tiamdpostolis,quibussensumaperuit,

754 2007 784 2057 ut
796 2002 955 2071 Scripturas
965 2001 1160 2067 intelligerent.
1172 2012 1205 2052 ae
1237 1994 1342 2051 raelatrs

753 2078 782 2129 et
796 2072 929 2128 omnibus
945 2070 994 2143 qui
1009 2069 1163 2150 Ecclesiam
1178 2011 1341 2139 gubernare

753 2143 870 2212 debent,
893 2149 922 2199 ut
941 2158 1036 2199 euram
1057 2149 1156 2211 aegroti
1176 2143 1296 2209 agerent
1310 2140 1339 2193 et

754 2215 901 2271 baberent.
920 2213 972 2281 Qui
992 2213 1078 2269 etiam
1103 2213 1208 2267 debent
1236 2209 1266 2264 in
1286 2209 1341 2264 bac

754 2301 822 2342 cura
847 2284 955 2356 aliquid
984 2298 1201 2356 supererogare,
1219 2286 1251 2337 ut
1279 2294 1338 2361 non

755 2356 846 2413 solum
860 2372 894 2411 ea
908 2373 971 2426 quae
987 2354 1136 2412 induobns
1151 2356 1341 2409 Testamentrs

754 2431 936 2484 continentur
950 2426 1085 2483 studeant
1098 2424 1272 2497 predicare,
1289 2421 1341 2505 sed

754 2505 783 2556 et
796 2499 853 2555 alia
868 2499 967 2566 multa,
983 2499 1138 2554 secundum
1153 2512 1187 2552 ea
1216 2511 1260 2551 uae
1273 2510 1341 2550 seri·

755 2575 804 2643 pta
818 2576 896 2639 sunt,
912 2571 1043 2627 laborent
1058 2569 1122 2625 aliis
1138 2512 1342 2648 praeffiicatione

756 2641 961 2698 manifestare.
998 2643 1189 2711 supererogat
1225 2645 1341 2718 ettam,

756 2713 873 2785 quisine
884 2708 1339 2785 sumptibus,exemplodpostolr,

756 2785 912 2856 praedicat3
930 2789 959 2840 et
971 2786 1007 2840 ab
1022 2787 1064 2841 eis
1077 2783 1180 2854 quibus
1192 2780 1340 2853 praedicat,

756 2862 885 2927 sumptus
900 2872 956 2911 nou
973 2856 1085 2926 accipit.
1101 2856 1181 2910 ltem.
1194 2865 1342 2923 superero-

755 2932 814 2998 gat,
833 2926 881 2997 qui
914 2943 971 2982 non
1000 2927 1090 2983 solum
1120 2920 1341 3003 praeeepta,·sed

756 2998 842 3057 otiam
862 2997 980 3053 consilia
1006 2998 1103 3068 implet
1130 2996 1173 3051 vel
1194 2995 1340 3067 praedicat.

757 3073 789 3126 lu
817 3067 863 3124 die
878 3069 975 3125 autem
988 3068 1098 3139 judicii,
1117 3082 1181 3123 cum
1207 3067 1342 3121 [lominus

755 3139 882 3199 redierit.
895 3145 985 3195 totum
995 3139 1070 3211 quod
1082 3137 1262 3211 promiserat,
1273 3141 1342 3192 tam·

756 3228 842 3285 quam
859 3210 971 3267 debitor
984 3213 1095 3278 reddet,
1112 3225 1175 3265 cum
1190 3209 1267 3264 fideti
1281 3222 1342 3263 ser·

756 3301 791 3340 ro
803 3283 877 3339 dicet
890 3300 897 3338 :
911 3284 1172 3354 Quiasuperpaueo
1181 3283 1265 3347 suisti
1275 3279 1341 3348 fide·

757 3357 802 3423 tis,
821 3370 903 3424 super
920 3355 1009 3409 multa
1024 3359 1050 3409 te
1064 3355 1247 3418 constituam
1268 3355 1342 3406 iutra

756 3427 931 3496 inpendium
946 3427 1057 3480 Domini
1070 3427 1122 3479 tui.

793 3519 809 3571 9
841 3499 959 3553 llrsrrcr
1001 3512 1145 3552 neccarum
1174 3508 1338 3550 erraremus

757 3586 814 3625 nac
842 3585 991 3625 rnnnaona.
1012 3598 1048 3609 -
1065 3568 1120 3622 Per
1148 3567 1222 3622 hunc
1245 3568 1341 3621 autem

757 3639 897 3696 viatorem
915 3640 1054 3721 liguratur
1078 3637 1194 3709 mystice
1221 3635 1341 3763 ‘inim‘

757 3717 898 3782 peccator,
913 3727 961 3780 qut
977 3710 1119 3782 peccando
1140 3712 1233 3764 morta
1247 3713 1310 3773 tter,
1325 3720 1343 3763 a

758 3783 828 3849 Deo,
849 3783 898 3851 qui
923 3787 967 3837 est
987 3797 1041 3853 pax
1068 3786 1176 3849 nostra,
1194 3786 1342 3858 tamquam

757 3853 793 3908 ab
815 3852 975 3909 Jerusalem
993 3869 1023 3910 se
1038 3851 1151 3913 avertit,
1169 3856 1197 3908 et
1213 3850 1249 3906 ad
1268 3851 1341 3906 tert·

757 3924 822 3991 elio,
838 3923 867 3978 id
895 3929 937 3979 est
961 3924 997 3980 ad
1016 3923 1187 3995 culpabilem
1202 3920 1343 4002 delectum

758 4006 788 4050 se
804 3997 943 4050 convertit
957 4012 963 4063 ;
979 4000 1008 4051 et
1035 3995 1076 4050 sie
1099 4010 1117 4050 a
1141 3995 1215 4049 bono
1235 4004 1343 4046 incom-

758 4065 907 4133 mutabili,
937 4066 973 4121 ad
1001 4067 1109 4122 bonum
1140 4061 1344 4120 commutabile

758 4136 916 4193 deseendit.
934 4138 1054 4192 llomine
1075 4141 1170 4192 autem
1197 4134 1238 4190 sic
1264 4135 1344 4205 lapso

758 4208 788 4263 in
802 4208 939 4277 latrones,
956 4212 986 4264 et
1001 4206 1143 4279 spoliatio,
1159 4221 1192 4262 ac
1211 4205 1343 4262 vulnera·

756 4284 798 4352 to,
813 4287 843 4338 at
865 4294 948 4338 secus
972 4278 1049 4335 riam
1072 4277 1209 4335 semivivo
1230 4277 1343 4343 relicto,
