2880 4942
107 335 152 392 ild
490 329 600 387 Pilllldl
627 328 749 384 Pluris
776 329 881 385 CAPUT
907 327 951 383 lx

106 444 135 498 et
158 438 243 496 stibio
272 435 404 512 depinxi;
430 434 620 508 affligendum
648 437 692 490 est
746 433 849 490 mulier
859 448 933 505 quas,
942 447 1008 490 eum
1020 431 1123 503 tangit
1135 431 1178 488 hd
1189 432 1245 487 hoc
1255 429 1334 490 enim

106 527 220 584 corpus,
235 511 311 581 quod
326 508 423 565 multis
435 505 545 565 vacavit
558 503 690 562 deliciis:
745 504 806 576 ipse
822 503 906 571 venit,
924 504 1032 561 adhoc
1050 503 1112 576 ipse
1131 503 1166 560 de
1183 501 1264 559 coelis
1283 502 1333 561 de·

106 584 208 655 longus
222 582 297 639 risus
347 586 447 652 rpetuo
464 576 693 651 compensandus
745 575 865 634 scendit.
884 576 957 633 Dixit
971 575 1048 633 enim
1064 595 1072 631 s
1088 578 1150 633 Non
1162 576 1225 630 oeci
1236 590 1335 632 occare

106 660 150 712 est
163 656 249 722 lletu;
266 669 311 709 mo
325 653 363 709 lia
375 651 542 708 linteamina
557 653 586 706 et
600 647 694 704 serica
741 648 842 718 iustos,
868 649 917 705 sed
948 653 1104 719 peccatores
1131 647 1169 701 ad
1199 649 1332 717 perniten-

105 726 313 799 pretiosissima
334 723 490 796 asperitate
519 718 604 778 cilicii
626 725 694 776 sunt
745 723 834 787 tiam
850 721 904 777 hoc
930 718 992 791 ipse
1015 723 1149 786 testatur,
1163 718 1226 790 ejus
1241 719 1329 776 verba

107 796 316 854 commutanda.
331 792 694 863 Quoeolimriroetsecupo
745 792 1330 861 sunthaec.llonhorretergopeocatores‚

126 867 210 938 lacui,
242 884 318 924 nunc
343 866 455 924 Christo
482 865 596 937 placere
620 863 693 920 desi·
745 863 793 936 qui
803 879 855 935 pro
871 861 1066 935 peccatoribus
1078 861 1327 918 lactusesthomo.

105 884 176 997 gero
196 956 203 994 :
226 961 240 989 s
265 940 327 996 haec
341 942 534 1008 Hieronymus.
552 934 604 993 llic
623 950 692 1005 ergo
744 935 843 1006 Igitur,
860 935 1014 992 secundum
1028 933 1199 1002 Greporiam,
1214 947 1331 990 necesse

105 1012 245 1067 habemus
259 1010 403 1082 quomodo
417 1008 547 1066 iacienda
558 1008 595 1065 sit
606 1006 693 1080 poeni·
745 1022 864 1080 semper.
871 1012 925 1074 est,
941 1010 974 1062 nt
988 1020 1054 1061 cnm
1068 1010 1234 1085 peccatores
1246 1019 1332 1075 quos·

103 1081 203 1138 tentia.
228 1085 258 1138 ln
278 1098 334 1154 quo
355 1080 431 1138 enim
450 1079 514 1152 quis
532 1084 640 1152 peccat,
663 1079 692 1136 in
744 1093 800 1151 que
826 1077 1026 1150 conspicimus,
1044 1081 1235 1146 nosmetipsos
1249 1075 1332 1146 prius

104 1153 205 1211 eodem
228 1152 476 1225 percontrarium
495 1150 692 1223 paenitentiam
743 1151 774 1208 in
800 1149 916 1207 illorum
959 1147 1121 1205 calamitate
1151 1147 1328 1231 defleamus,

103 1229 180 1297 agat,
202 1222 280 1281 verbi
303 1223 395 1295 gratia
421 1239 429 1279 τ
456 1222 579 1295 peccasti
606 1221 692 1279 nimis
744 1221 889 1295 quiacnm
911 1220 952 1277 eis
967 1220 998 1276 in
1013 1218 1153 1276 similibus
1180 1223 1230 1273 ant
1255 1217 1328 1290 lapsi

67 1334 69 1338 »
103 1295 240 1368 potando,
253 1294 452 1367 poenltentiam
504 1293 693 1366 epotuabsti·
744 1309 852 1362 sumus,
878 1297 928 1349 aut
952 1290 1009 1369 labi
1033 1305 1195 1371 possumus,
1211 1287 1236 1344 si
1256 1289 1327 1362 lapsi

103 1366 212 1437 nendo;
230 1365 279 1439 qui
294 1366 381 1423 nimis
396 1382 459 1424 com
498 1365 549 1421 isti
565 1365 608 1420 rel
623 1380 689 1437 pre·
743 1362 1328 1433 nonsumus.Per1stumPhar1saeum,qni

103 1435 232 1506 tiosiora,
253 1439 352 1510 jejuna
373 1442 402 1495 et
427 1439 545 1494 comede
572 1436 688 1505 viliora3
742 1436 885 1495 Christum
918 1435 1028 1492 notavit
1051 1434 1087 1490 de
1111 1431 1276 1497 ignorantia
1300 1437 1328 1490 et

104 1509 189 1565 etsie
209 1510 244 1565 de
270 1509 334 1565 aliis
364 1526 416 1565 suo
437 1509 532 1564 modo.
549 1508 688 1579 conspice
741 1507 890 1566 mulierem
916 1506 953 1563 de
975 1503 1166 1572 immunditia,
1187 1502 1329 1574 signitica-

103 1578 112 1635 i
135 1577 192 1635 'tur
216 1581 289 1636 bene
311 1581 384 1635 hanc
407 1580 555 1637 mulierem
574 1584 603 1635 et
626 1579 689 1650 ejus
742 1585 787 1637 tur
809 1576 956 1650 hypocrita
978 1578 1014 1634 de
1037 1577 1108 1633 lalsa
1122 1574 1235 1647 justitia
1252 1591 1328 1647 prae-

158 1650 302 1718 otione1n;
336 1656 365 1706 et
391 1649 546 1723 superbis
574 1665 688 1707 morose
740 1666 856 1709 sumens
879 1655 908 1706 et
929 1647 1001 1705 alios
1024 1653 1210 1704 contemnens
1226 1665 1233 1704 :
1249 1647 1327 1719 quia,

102 1720 252 1790 meditare,
271 1721 337 1792 qnia
359 1722 462 1778 lactum
483 1723 537 1778 boc
560 1722 687 1778 solemne
740 1721 897 1780 secundum
912 1719 1044 1777 eumdem
1066 1720 1237 1788 Greporium,
1261 1734 1330 1776 vera

101 1791 154 1848 luit
166 1793 257 1849 valde.
278 1793 414 1864 Conspice
434 1792 519 1850 etiam
534 1793 687 1850 Dominum
736 1793 847 1868 justitia
858 1791 1084 1863 compassionem
1095 1793 1191 1858 habet,
1202 1790 1275 1847 lalsa
1284 1806 1330 1847 ve-

100 1864 200 1921 lesum
220 1880 305 1936 quam
326 1863 449 1936 benigne
469 1879 532 1921 eam
559 1865 685 1936 suscipit,
739 1883 772 1923 ro
788 1864 1023 1938 indignationem.
1042 1864 1163 1934 Propter
1175 1861 1328 1933 quod,iste

101 1939 129 1992 et
144 1950 230 2017 quam
245 1935 389 2008 patienter
407 1935 528 1993 sustinet
549 1935 688 2064 quidguid
740 1936 903 1994 Pharisaeus
922 1936 1061 2016 superbus
1078 1932 1264 2016 etuingroatus
1278 1948 1327 1991 ar-

101 2005 178 2063 laclt.
194 2008 292 2064 Cessat
305 2013 334 2063 et
350 2007 471 2079 quiescit
492 2022 510 2065 a
534 2023 615 2064 come
636 2024 686 2065 en·
738 2009 836 2082 guitur
851 2008 888 2064 de
901 2007 1016 2079 pietatis
1028 2020 1183 2062 omissione
1196 2021 1224 2060 1n
1239 2006 1329 2061 modi-

100 2077 148 2147 do,
180 2078 272 2135 donec
313 2078 459 2151 negotium
491 2079 686 2152 compleatur;
739 2081 781 2138 cis
794 2079 962 2152 respective,
980 2083 1009 2135 et
1024 2077 1129 2133 mulier
1146 2077 1327 2133 commenda·

101 2155 213 2206 cessant
237 2156 265 2206 et
285 2151 423 2219 convivae,
439 2155 468 2207 et
486 2166 587 2208 omnes
601 2166 689 2224 snper
739 2159 788 2209 tur
801 2152 837 2208 de
852 2150 1009 2222 majoribus
1023 2149 1114 2204 valde.

99 2219 152 2276 hac
166 2219 291 2277 novitate
306 2221 455 2277 mirantur.
774 2228 791 2279 6
807 2224 953 2278 Pansnona
971 2238 1005 2276 na
1019 2237 1124 2277 nunnus
1138 2236 1326 2276 neamanmus.

135 2292 263 2353 slmool
287 2293 423 2347 Psanism
436 2308 632 2349 mrnmnssro.
651 2322 686 2335 -
739 2294 872 2350 -Unde
897 2291 1035 2348 Dominus
1057 2293 1140 2349 lesus
1164 2307 1221 2347 non
1240 2293 1327 2349 rerba

98 2360 154 2417 Sed
186 2363 342 2418 Pharisaus
366 2365 417 2433 qui
442 2378 502 2420 eum
530 2369 685 2439 voepuerat,
739 2363 876 2422 Pharisaei
908 2363 1037 2431 audiens,
1064 2363 1114 2419 sed
1140 2362 1328 2432 cogitationes

97 2436 266 2513 nontamen
282 2432 471 2503 invocaverat,
492 2435 569 2506 quod
584 2435 686 2492 melius
737 2435 902 2508 inspiciens,
920 2433 1068 2506 respondit
1084 2432 1248 2506 cogitationi
1264 2435 1327 2506 ejus

97 2501 208 2565 inisset.
226 2504 365 2562 fallaciter
385 2509 491 2576 justus,
507 2521 541 2562 ac
563 2507 599 2562 de
614 2507 684 2564 salsa
737 2509 774 2566 ad
786 2505 1111 2572 contutationemillius3
1123 2522 1174 2576 per
1185 2506 1326 2562 hocenim

98 2575 682 2702 etputativaJ'ustitiaveracitersuperbus,
737 2579 815 2653 quod
826 2578 862 2636 ad
878 2579 940 2652 ejus
953 2578 1099 2650 respondit
1113 2575 1326 2649 cogitationem,

97 2662 136 2702 nu
150 2647 232 2718 laque
246 2665 307 2704 com
330 2650 562 2706 assionenaturae
578 2655 682 2719 motus,
738 2668 801 2724 quae
826 2650 879 2707 soli
904 2652 962 2706 Deo
984 2655 1026 2706 est
1051 2654 1128 2717 nola,
1148 2648 1274 2705 ostendit
1295 2664 1327 2706 se

97 2721 127 2773 et
152 2735 212 2774 suaa
238 2665 397 2790 tragilitatis
425 2720 541 2789 oblitus,
566 2721 601 2777 de
629 2722 683 2778 hoc
736 2724 801 2850 Blus
821 2737 907 2794 quam
925 2722 1107 2793 Prophetam,
1128 2725 1156 2775 et
1173 2719 1325 2777 Dominum

98 2796 339 2858 murmurans‚ait
348 2795 424 2848 intra
434 2808 474 2857 se,
484 2796 585 2848 contra
600 2808 683 2849 suum
761 2794 954 2867 rophetarum.
977 2795 1009 2848 Et
1048 2790 1176 2863 roposuit
1193 2790 1221 2848 ei
1239 2806 1327 2862 para·

95 2858 239 2930 hospitem
252 2861 467 2931 murmurando,
480 2862 579 2919 dicens
596 2879 603 2918 :
619 2866 680 2929 llic,
737 2864 831 2923 bolam
846 2864 881 2920 de
892 2863 1006 2921 duobus
1035 2862 1202 2931 emtoribus,
1214 2867 1246 2919 nt
1258 2878 1325 2920 con-

96 2932 124 2986 si
136 2936 207 2985 esset
220 2934 357 3004 Propheta
368 2933 562 3002 verus,sciens
575 2933 684 2991 scilicet
735 2935 898 2994 venientius
915 2935 1068 2992 concludat
1079 2939 1178 2990 contra
1196 2948 1273 3004 eum,
1291 2951 1325 2991 ex

96 3001 217 3069 occulta,
227 3006 423 3086 sciretatiqae,
432 3021 503 3087 qua,
514 3003 680 3076 inpersona,
735 3005 924 3079 responsione
936 3006 1035 3079 ipsius.
1050 3008 1119 3064 Cum
1133 3005 1211 3062 enim
1224 3006 1325 3063 desua

95 3076 124 3128 et
137 3074 240 3144 cuuth,
255 3082 366 3144 invita,
384 3081 425 3131 est
438 3082 492 3132 ista
507 3078 608 3132 mulier
622 3093 685 3148 qua
736 3078 878 3137 sententia
887 3077 1049 3135 Pharisaeus
1058 3077 1246 3147 convincitur,
1257 3093 1326 3150 qua·

95 3147 189 3226 tonost
205 3161 285 3216 eum;
307 3152 335 3202 et
360 3163 412 3219 per
427 3163 606 3219 consequens
624 3164 682 3205 non
735 3150 759 3208 si
775 3149 956 3222 phreneticus
970 3149 1067 3206 sunem
1078 3153 1172 3221 pirtat
1187 3164 1250 3206 cum
1266 3165 1323 3221 quo

95 3221 277 3288 permutaret
294 3234 324 3275 se
337 3217 416 3292 tangi
431 3220 468 3276 ab
481 3234 525 3289 ea,
541 3223 608 3290 qaia
618 3237 683 3293 pee-
723 3222 847 3294 ligetur.
859 3220 907 3278 lsti
915 3221 971 3278 duo
980 3221 1126 3279 debitores
1133 3224 1224 3288 erant,
1234 3219 1324 3279 Maria

94 3290 187 3371 calda
209 3295 260 3359 est,
283 3295 311 3347 et
327 3290 391 3348 ideo
417 3295 594 3363 unguentum
618 3293 682 3364 ejus
735 3296 794 3352 Deo
808 3292 931 3351 debitrix
949 3292 1169 3366 quingentorum
1188 3291 1323 3348 denario·

93 3363 185 3416 mtare
211 3361 338 3420 deberet.
363 3365 477 3437 AEgram
497 3363 682 3436 reprehendit
734 3381 811 3436 rum,
827 3369 855 3422 et
877 3364 1037 3422 Pharisaeus
1054 3365 1100 3436 qui
1118 3362 1324 3436 quinquaginta

94 3429 130 3488 de
147 3447 171 3488 ae
192 3432 329 3517 citudine,
341 3450 404 3506 que
419 3435 515 3509 potius
527 3442 589 3492 erat
604 3452 681 3494 com·
734 3438 867 3508 debebat,
882 3436 949 3520 quia
963 3436 1058 3494 minus
1071 3451 1103 3492 se
1118 3450 1250 3508 peccasse
1265 3451 1326 3494 cre·

93 3517 161 3584 men
182 3505 267 3574 anda,
284 3522 350 3578 quia
364 3507 512 3579 languoris
524 3506 568 3565 sui
587 3523 681 3567 reme·
734 3510 834 3579 debat;
848 3514 877 3566 et
889 3509 954 3566 ideo
968 3508 1056 3566 Maria
1069 3506 1134 3579 plus
1145 3506 1265 3578 diligere
1277 3506 1324 3566 de

94 3571 174 3629 dium
189 3579 338 3647 quaerebat
363 3579 438 3651 apud
452 3584 563 3636 unium
590 3579 681 3638 medi·
734 3582 831 3650 bebat,
857 3579 925 3652 quia
952 3581 1092 3653 mtu'orem
1124 3578 1324 3637 remissionem

93 3658 280 3774 tlstlh‘i
307 3647 609 3791 tltsllltlll
632 3651 681 3779 si
733 3649 1325 3795 tttthtlebtllttlthll'lslt

284 3759 292 3786 ‚
667 3752 681 3764 .

93 3783 188 3842 tiones
220 3792 302 3844 erant
330 3789 446 3871 ‘releren
468 3807 511 3860 ces
540 3792 589 3865 qui
619 3790 681 3863 ipse
732 3794 792 3851 bat.
808 3793 942 3866 Exemplo
958 3792 1046 3867 igitur
1059 3793 1221 3851 debitorum
1236 3799 1266 3850 et
1279 3793 1323 3850 le·

92 3858 255 3942 qunquede
269 3859 403 3917 elationis
417 3860 534 3921 vulnere
556 3866 679 3936 aegruta·
734 3864 876 3922 neratoris
889 3864 1031 3922 convincit
1046 3864 1234 3934 Pharisaenm,
1245 3863 1323 3937 quod

92 3928 151 3993 bat,
163 3933 197 4012 ,et
211 3931 276 3989 ideo
294 3947 347 3988 nec
371 3931 512 3990 medicum
536 3949 588 4006 pro
611 3935 679 3991 sub-
732 3937 795 3994 haec
815 3935 919 3993 mulier
934 3941 1009 3993 esset
1023 3935 1118 4010 grstia
1136 3935 1224 3994 divini
1240 3951 1324 3993 amo·

93 4004 228 4061 ventione
248 4002 420 4087 requirebat.
442 4003 550 4075 llescis,
577 4005 679 4062 Phari-
732 4007 773 4065 ris
788 4007 983 4082 iustificanda,
1000 4014 1030 4065 et
1045 4008 1160 4081 dignior
1176 4007 1278 4078 amari,
1293 4012 1324 4065 et

94 4087 152 4156 sees
168 4075 265 4146 stulte,
280 4091 383 4145 nescis,
401 4091 495 4149 nuper
508 4080 537 4133 te
562 4077 681 4135 munda·
819 4084 849 4138 ta
862 4078 916 4136 sibi
931 4077 1049 4148 remitti,
1066 4095 1131 4152 que
1144 4079 1227 4153 plura
1240 4082 1324 4151 grata

93 4148 133 4200 nt
147 4159 166 4203 a
179 4146 268 4220 lepra,
277 4163 362 4221 quem
368 4147 452 4205 modo
463 4148 622 4232 noncredis
633 4164 679 4208 es-
731 4094 908 4210 motulis
920 4149 951 4208 in
962 4151 1018 4209 hoc
1030 4151 1116 4220 lacto,
1126 4166 1213 4224 quam
1224 4165 1324 4223 snper

94 4229 127 4272 ss
150 4217 333 4292 Prophetnm.
344 4222 379 4277 Et
392 4220 536 4294 Propheta
562 4220 679 4293 qnidam
731 4224 787 4282 bus
808 4222 970 4281 Pharisaeus
991 4221 1021 4280 in
1041 4222 1234 4291 convisendm
1254 4220 1322 4294 qnia

93 4290 148 4358 ast,
163 4294 192 4348 et
204 4290 313 4365 optime
326 4290 381 4351 scit
392 4294 616 4367 patapeccetn'e
638 4297 680 4351 est
731 4293 1178 4371 amorinbumsnisplerumqas
1187 4297 1327 4353 minatur
