2880 4942
253 333 292 385 [td
319 332 440 385 Juuuls
468 331 638 384 utitusrutl
669 331 839 385 tilltntttlt
868 334 1097 388 valantinus.
1244 338 1290 392 2⁸5

61 458 160 499 verum
183 440 339 507 hominem,
354 443 448 508 posset
474 437 643 520 peccatadi-

62 513 185 583 mittere,
202 513 332 585 dignatur
353 514 412 579 ipse
433 509 557 580 apertius
572 511 643 564 rtru-

60 585 157 642 nitatis
175 602 234 640 sure
255 581 410 656 potentiam
437 581 643 639 demonstrare.

60 657 140 713 Unde
155 656 256 713 dicitur
270 672 277 710 :
293 658 393 711 lterum
408 668 471 721 erpo
486 654 591 709 locutus
604 659 645 708 est

58 731 98 783 eis
111 731 198 791 iesus,
208 728 315 787 dimo:
327 728 384 794 Epo
395 740 457 780 sem
471 726 520 780 iac
536 726 642 789 mundi,

58 799 165 855 scilicet
180 798 277 866 totius,
290 814 347 854 non
360 795 644 868 particularitergeu·

60 872 96 927 tis
117 872 209 929 unius.
225 872 259 926 Et
273 868 349 937 ideo,
367 867 505 924 accedens
528 868 645 924 adeum

57 957 110 1015 per
128 943 215 998 sidem
231 948 259 998 et
278 939 471 1008 devotionem,
484 939 520 995 ab
535 955 569 994 eo
584 938 647 995 iltu-

57 1013 185 1070 miuatur
200 1013 235 1068 ad
251 1013 385 1077 salutem;
402 1013 438 1066 ab
458 1026 492 1065 eo
518 1025 584 1066 vero
600 1026 645 1066 ro-

59 1086 174 1146 cedens.
189 1083 395 1140 obtenebratur
416 1080 452 1137 ad
473 1083 644 1152 gehennam.

60 1155 201 1223 Christus,
218 1152 376 1211 secundum
394 1159 544 1223 utramque
564 1162 645 1234 natu-

60 1243 133 1295 ram,
146 1225 249 1282 dicitur
262 1227 317 1292 tux,
330 1225 397 1296 qnia
411 1224 565 1280 secundum
578 1224 646 1279 dirr-

60 1300 180 1354 nitatem
204 1297 346 1354 illuminat
369 1295 446 1352 intus
467 1295 603 1364 animam,
619 1302 648 1352 et

59 1370 216 1427 secundum
234 1370 439 1425 humanitatem
452 1366 588 1424 int'ormat
603 1383 647 1423 ex-

59 1442 147 1498 terius
161 1440 264 1507 vitam,
281 1445 308 1496 et
328 1441 380 1494 hoe
399 1436 556 1519 tripliciter,
572 1438 646 1494 scili-

58 1518 120 1568 cet:
134 1510 288 1579 miraculis,
301 1509 550 1589 praedicationibus
560 1516 645 1581 atque

57 1583 209 1655 exemplis;
220 1590 248 1638 et
262 1582 381 1652 primum
391 1586 435 1636 est
446 1585 588 1653 potentias,
603 1596 645 1637 se·

57 1655 182 1712 cundum
200 1654 356 1726 sapientias,
376 1650 492 1707 tertium
512 1668 577 1709 vero
593 1652 644 1709 bo-

58 1725 165 1783 nitatis.
182 1728 243 1798 lpse
255 1723 359 1797 quippe
372 1727 416 1780 est
431 1724 480 1778 iae
493 1740 567 1787 earo,
585 1740 645 1794 qeae

56 1799 200 1854 illuminet
221 1813 326 1853 omnem
343 1797 478 1851 homiaem
493 1798 644 1851 venientem

56 1873 87 1926 in
100 1871 170 1926 tuno
184 1869 326 1934 mundum,
344 1870 409 1950 quia
423 1865 485 1938 ipse
498 1868 643 1923 uniuersa·

58 1941 124 1998 liter
151 1957 250 1997 omnes
274 1940 425 2001 illuminat.
448 1945 476 1994 et
499 1944 541 1994 est
569 1938 645 1994 solus

59 2013 106 2069 lux
120 2029 170 2086 per
184 2011 348 2075 essentiam,
366 2009 436 2082 quia
450 2011 486 2066 ab
507 2008 570 2091 ipso
586 2025 644 2065 orn·

58 2084 103 2140 nis
118 2084 219 2141 notitia
234 2085 388 2151 derivatur,
404 2083 482 2152 cuius
495 2083 645 2162 participa-

58 2158 135 2212 tione
157 2155 205 2212 alii
226 2156 262 2212 ab
284 2155 337 2210 hac
358 2153 419 2210 luce
436 2151 643 2234 illumin-otidi-

57 2232 162 2285 cuntur
183 2227 242 2294 lux,
257 2226 308 2282 sed
331 2241 388 2282 non
416 2240 466 2296 per
490 2229 644 2280 essentiam

57 2304 88 2356 ut
104 2298 175 2368 ipse,
192 2298 259 2371 qnia
275 2301 333 2380 ipse
349 2296 645 2354 estVerbumaPatre

57 2370 255 2442 progrediens,
268 2375 341 2427 sicut
365 2369 444 2425 luxa
463 2367 535 2424 luce.
553 2367 643 2448 Unde,

58 2445 215 2499 secundum
232 2443 430 2510 deposuerim,
450 2441 495 2495 lux
515 2438 612 2520 mupdr
627 2454 645 2494 a

59 2515 142 2570 Patre
158 2512 308 2585 egrediens
324 2515 398 2568 rante
413 2509 505 2567 carnis
517 2515 643 2590 tegitur3

57 2591 86 2641 et
100 2585 140 2642 sic
158 2590 372 2656 contemperata
388 2581 536 2662 toleranda
551 2584 644 2638 homs-

58 2658 144 2713 nibus
163 2656 296 2722 eflicitur,
311 2661 341 2711 ut
360 2671 411 2727 per
430 2655 575 2709 hominem
601 2669 646 2734 vp-

58 2728 197 2784 niaturad
208 2726 532 2795 divinitatemlllaergo
544 2723 645 2780 luced-

58 2799 226 2868 luminaute,
246 2797 442 2856 illuminamur
459 2795 543 2852 modo
558 2795 644 2867 colly-

59 2871 101 2928 rio
112 2871 190 2942 fidei,
202 2871 295 2943 quide
306 2872 398 2943 primo
407 2869 496 2924 Adam
510 2868 576 2923 caeci
586 2868 644 2923 nati

58 2959 171 3009 sumus3
186 2949 214 2998 et
227 2943 353 3014 sequitur
372 2947 430 2997 tam
451 2938 544 3021 verbis
559 2955 644 3022 quam

59 3015 194 3086 exemplis
208 3014 427 3081 obediendo,ut,
439 3012 558 3068 exclusis
566 3027 644 3083 igno·

59 3089 158 3143 rautiae
182 3085 224 3142 rel
270 3091 430 3143 cecatoruxn
460 3083 595 3143 tenebris.
613 3081 643 3138 in

58 3160 151 3214 l'uturu
167 3103 318 3214 inanilsssta
331 3157 438 3213 visione
451 3153 564 3237 deitatis
579 3153 643 3239 illu·

57 3231 210 3286 ruinemur.
227 3232 324 3299 ltaque
342 3230 513 3298 subjungit:
532 3226 586 3292 Qec
599 3240 644 3279 se-

59 3304 155 3371 quitur
166 3317 217 3364 me,
234 3301 342 3357 seilicet
355 3298 507 3365 eredendo,
521 3295 644 3352 amando

58 3378 88 3429 et
101 3371 251 3440 imitando,
268 3389 322 3428 non
335 3370 459 3425 ambulet
474 3370 503 3422 in
517 3367 645 3434 tenebris,

57 3443 179 3500 scilieet:
193 3442 371 3516 ignorantie,
383 3439 518 3522 quiaupo
529 3453 590 3493 sum
603 3453 646 3522 pe-

56 3519 146 3582 ritos,
166 3532 218 3572 nec
233 3516 336 3588 culpae,
350 3527 417 3586 qma
433 3527 491 3591 ego·
502 3524 566 3566 sum
580 3525 644 3580 ore;

56 3592 85 3644 et
97 3603 148 3658 per
162 3603 344 3658 consequens
356 3600 412 3640 non
428 3587 506 3638 venit
519 3579 555 3637 ad
568 3584 647 3665 tene·

58 3657 125 3714 bras
144 3659 296 3730 gehennae,
312 3659 380 3729 quia
401 3671 456 3737 ego
483 3668 547 3709 sum
567 3656 643 3734 ¹irato.

57 3731 176 3786 Fructus
188 3743 283 3787 autem
305 3730 389 3801 liujus
404 3727 474 3782 lucis
491 3723 643 3803 subditur:

56 3802 112 3859 Sed
123 3803 233 3858 iubebit
247 3804 338 3858 iumen
354 3804 512 3880 oitae,·nnnc
525 3802 552 3852 ct
565 3813 593 3878 xp
605 3794 645 3851 lu·

56 3877 132 3942 turo,
149 3873 217 3946 quia
241 3873 356 3931 habebit
373 3873 517 3952 Cnrxstum
533 3870 588 3949 Dor·
600 3882 645 3923 sa·

56 3943 207 4017 pientiam,
225 3945 273 4017 qui
293 3952 336 4001 cst
358 3944 454 4000 lumen
476 3940 644 3997 indeilcrens

57 4022 86 4072 et
109 4015 349 4088 inexstinguibile.
367 4017 411 4072 tric
431 4030 482 4087 per
501 4012 597 4078 fidem,
617 4018 645 4090 et

57 4086 96 4143 ibi
116 4104 165 4159 per
180 4089 314 4160 speciem.
330 4088 419 4152 Unde,
436 4087 491 4142 hoc
509 4085 585 4155 quod
601 4081 644 4138 dr-

57 4158 106 4228 cit,
121 4163 170 4231 qui
183 4164 309 4231 sequitur
323 4176 374 4227 me,
389 4156 513 4240 pertinet
532 4155 568 4240 ad
581 4169 646 4209 mo-

58 4229 163 4301 ritum;
184 4232 261 4304 quod
285 4247 351 4288 vero
370 4230 448 4299 dreit,
468 4226 578 4308 dedebat
597 4228 646 4308 iu7

58 4319 118 4359 men
133 4307 204 4363 stite.
223 4302 346 4376 pertinet
364 4300 399 4357 ad
419 4313 578 4373 praemium.
593 4298 644 4353 Ubi

700 441 893 508 depectimus:
910 443 1019 512 «Ergo,
1033 442 1134 499 tratres
1143 442 1210 513 mei,
1221 460 1290 517 quo·

701 510 778 566 niam
794 511 929 568 Dominus
943 513 1067 569 breviter
1081 514 1122 571 ait
1135 518 1209 584 :Epo
1229 533 1290 572 sum

702 584 752 638 iae
767 585 879 649 mundi3
895 587 945 654 qui
958 588 1085 655 sequitur
1098 603 1149 653 sae,
1166 604 1291 643 nonem-

703 654 780 710 bulut
798 658 828 710 ie
848 657 976 722 tenebris,
991 657 1040 712 sed
1063 658 1174 713 hebebit
1200 660 1291 715 lumen

700 728 772 784 vite.
794 725 898 797 quibus
917 729 1012 785 verbis
1040 727 1119 785 aliud
1142 734 1186 786 est
1214 729 1291 802 quod

698 796 795 868 jussit,
808 797 886 855 aliud
901 800 976 871 quod
991 799 1136 872 promisit3
1154 800 1291 858 iaciamus

702 867 778 949 quod
789 868 884 939 jussit,
902 886 937 926 ne
957 869 1116 943 impudenti
1131 872 1224 929 fronte
1239 874 1291 930 de·

702 940 861 996 sideramus
881 940 957 1011 qrrod
982 942 1132 1014 promisit;
1157 960 1193 1001 ne
1215 943 1291 1001 dicut

701 1009 785 1066 nobis
798 1010 828 1067 in
842 1011 949 1083 judicio
965 1029 1015 1070 suo
1032 1036 1038 1070 :
1058 1014 1195 1071 Fecistine
1212 1016 1290 1086 qnod

699 1081 783 1152 jussi,
799 1088 829 1138 nt
844 1087 956 1155 expetas
972 1085 1048 1155 quod
1064 1086 1204 1157 promisit
1218 1085 1291 1154 Quid

703 1151 790 1224 igitur
799 1153 921 1225 iussisti,
942 1155 1060 1213 Domine
1074 1158 1148 1213 [teus
1171 1158 1292 1214 noster?

704 1222 765 1279 ttixi
780 1226 842 1295 tilii,
860 1231 891 1283 ut
904 1230 1034 1296 sequaris
1048 1244 1103 1284 me.
1120 1230 1194 1300 Ergo
1209 1229 1292 1285 modo

703 1295 849 1366 iaciamus,
863 1314 1016 1369 sequamur
1027 1298 1189 1367 Dominum,
1201 1305 1230 1357 et
1239 1300 1292 1357 sol·

703 1383 802 1423 vamus
817 1370 969 1441 compedes
984 1370 1087 1441 quibus
1109 1370 1291 1440 impedimur.

703 1439 862 1566 Setppamur
873 1441 1015 1498 Christum
1026 1442 1122 1499 lumen
1136 1443 1293 1506 [nundine

702 1525 749 1565 am
771 1512 880 1568 ulemus
892 1512 920 1568 in
936 1514 1079 1582 tenebris;
1097 1516 1223 1570 tenebrae
1233 1530 1291 1571 me-

703 1582 816 1639 tuende
829 1588 906 1648 sunt,
923 1584 973 1640 sed
988 1599 1101 1641 morem
1123 1601 1180 1640 non
1194 1586 1291 1643 oculo·

702 1668 777 1720 rum,
793 1653 854 1709 etsi
870 1655 1027 1722 oculorum,
1038 1672 1094 1713 non
1107 1657 1290 1726 exteriorum,

701 1723 751 1780 sed
767 1723 945 1794 interiorum,
959 1727 1031 1783 unde
1048 1726 1220 1793 discerpitur
1233 1744 1291 1786 non

701 1794 797 1851 albxxm
815 1802 843 1853 et
857 1797 980 1869 nigrum,
996 1799 1045 1855 sed
1063 1800 1174 1871 justum
1198 1804 1227 1857 et
1246 1799 1290 1856 in-

698 1867 823 1937 justum:
835 1889 850 1918 u
865 1869 1120 1937 naecnupusltnus.
1141 1873 1178 1927 Dc
1192 1887 1291 1941 snper·

701 1937 866 1995 excedentia
879 1947 974 1996 autern
986 1940 1065 1997 istius
1079 1940 1194 1998 luminis
1210 1940 1293 1999 nohis

702 2009 844 2080 promissi.
865 2012 905 2066 sie
920 2011 987 2067 dicit
1003 2011 1078 2068 idem
1095 2014 1291 2080 depectimus:

702 2100 716 2134 u
727 2082 1114 2154 TautaestJ'ucunditaslucis
1128 2096 1253 2155 aeternae,
1264 2089 1293 2143 ut

702 2152 881 2210 etiamsinon
895 2153 992 2210 liceret
1007 2154 1036 2211 in
1052 2171 1085 2211 ea
1098 2155 1221 2226 amplius
1231 2173 1290 2213 ma-

701 2225 1293 2299 uerequamnninsdieimorapropterhoc

702 2295 795 2352 solum
815 2295 1040 2355 innumerabiles
1058 2299 1127 2355 anni
1152 2299 1236 2371 hujus
1252 2298 1290 2356 vi·

702 2370 738 2422 te
749 2366 824 2438 pleni
833 2368 953 2438 deliciis,
969 2375 997 2426 et
1004 2367 1232 2428 circumfluentia
1240 2372 1289 2429 bo·

703 2454 804 2493 norum
822 2440 1022 2513 temperalium
1038 2448 1113 2498 recte
1131 2442 1289 2515 meritoque

702 2515 953 2568 contemnerentur
970 2530 976 2568 :
994 2534 1008 2562 »
1024 2515 1085 2570 lraee
1102 2513 1288 2581 nepessinus.

739 2601 753 2636 s
779 2582 914 2639 Coenoscr
944 2601 1043 2641 uorum
1074 2585 1224 2654 Cunrsrus,
1258 2602 1291 2642 ur

702 2668 939 2711 crummennnrun.
958 2685 993 2697 -
1014 2654 1131 2725 Deinde,
1153 2663 1215 2726 pest
1237 2655 1290 2713 ali·

703 2738 769 2794 qna,
781 2726 840 2793 jam
856 2725 992 2798 incipiens
1008 2727 1045 2783 ad
1061 2733 1205 2785 certamen
1228 2730 1291 2784 Pas-

703 2794 792 2851 sionis
819 2798 935 2854 iudaees
963 2815 1126 2869 provocare,
1147 2801 1225 2856 dicit
1250 2801 1289 2855 eis

700 2868 804 2922 iestis:
822 2869 887 2924 Cum
907 2873 1110 2936 exaltaveritis,
1131 2870 1240 2928 scilieet
1260 2870 1289 2928 iu

702 2954 797 3008 cruce,
814 2941 916 2996 Filiam
934 2943 1061 3003 dominis.
1079 2941 1108 2998 id
1126 2947 1168 2998 est
1188 2941 1287 3000 Filium

702 3009 837 3082 Virginis,
847 3015 1003 3070 secundum
1015 3014 1095 3086 cuius
1110 3030 1227 3071 carnem
1243 3016 1288 3071 de·

703 3082 787 3138 bebai
811 3083 867 3152 peti
895 3090 923 3141 et
946 3086 1063 3142 exaltari
1087 3087 1115 3142 in
1140 3102 1234 3155 eruce,
1257 3085 1286 3142 in

702 3168 758 3223 qua
772 3152 824 3208 luit
839 3161 973 3212 extensus
983 3161 1011 3211 et
1023 3157 1160 3212 exaltatus
1170 3155 1198 3212 in
1209 3173 1286 3223 aere,

702 3232 819 3349 prepter
837 3227 914 3296 quod
932 3233 961 3282 et
982 3226 1121 3282 exaltatus
1135 3232 1178 3282 est
1194 3243 1211 3282 a
1230 3229 1287 3283 Deo

726 3302 801 3360 atre3
816 3299 880 3351 tune
892 3299 1068 3366 eopnoscetis,
1079 3296 1190 3353 scilicet
1200 3297 1287 3368 aliqui

701 3380 735 3420 ex
761 3364 841 3421 robis
869 3382 920 3438 per
943 3368 1038 3431 tidem,
1055 3370 1123 3438 quia
1142 3383 1190 3436 epo
1216 3384 1286 3433 sum,

702 3435 810 3492 scilicet
829 3452 895 3493 vere
916 3437 1056 3507 Christus,
1070 3455 1123 3510 ego
1141 3454 1215 3506 sum,
1235 3440 1287 3496 sub

701 3523 787 3564 carue
798 3509 871 3563 Dens
885 3509 1084 3577 absconditus;
1097 3508 1145 3567 ubi
1161 3509 1289 3579 praedicit

702 3577 839 3650 quosdam
850 3581 885 3636 de
897 3583 939 3637 eis
951 3590 1011 3651 post
1027 3580 1193 3638 Passionem
1206 3596 1287 3638 suurn

701 3652 865 3723 cognituros
886 3654 949 3723 quis
971 3657 1055 3722 esset,
1078 3657 1107 3710 et
1129 3653 1289 3710 credituros

702 3722 730 3778 in
761 3737 837 3791 eum,
855 3728 1051 3794 praenuntians
1073 3724 1124 3795 eis,
1149 3740 1202 3798 per
1222 3742 1288 3797 quae

701 3792 825 3849 debeant
851 3794 1000 3866 pervenire
1031 3797 1066 3854 ad
1097 3797 1194 3866 tidem,
1221 3798 1289 3869 quia

702 3880 846 3935 persuum
864 3868 1038 3929 Passionem.
1056 3870 1136 3926 Unde
1151 3869 1288 3937 depasti-

701 3953 774 3992 nus:
793 3959 803 3988 ι
822 3938 926 3996 Differo
942 3940 1134 4013 cognitionem
1149 3945 1286 4007 vestram,

702 4013 732 4063 nt
757 4010 888 4078 impleam
914 4014 1078 4069 Passionem
1099 4026 1210 4080 meam;
1234 4012 1288 4066 hoc

701 4083 852 4151 oportebat
864 4080 978 4151 impleri
996 4100 1044 4153 per
1060 4099 1160 4140 manus
1174 4098 1285 4150 eorum,

701 4153 749 4222 qui
774 4157 873 4223 postea
893 4154 1004 4212 luerunt
1027 4153 1173 4211 credituri.
1195 4155 1287 4220 Quare

701 4221 779 4278 hoel
802 4224 860 4281 Nisi
884 4233 916 4283 ut
945 4242 1030 4283 nemo
1058 4226 1232 4298 desperaret,
1257 4222 1287 4280 in

701 4309 879 4368 qirocumque
905 4298 1012 4354 scelere
1040 4297 1114 4352 male
1142 4294 1196 4351 sibi
1223 4312 1287 4352 con-
