2880 4942
98 315 145 369 266
467 316 576 372 rainu
604 316 723 371 rinris
751 315 854 371 eiinr
882 312 986 368 cxxx

742 422 790 480 nie
802 419 952 505 premissa
967 437 974 476 ε
991 419 1063 488 Quia
1085 420 1192 488 omnis,
1207 419 1270 479 sive
1289 420 1340 509 lai3

101 423 269 493 notandum,
292 423 368 496 quod
384 423 484 497 triplex
503 423 689 495 distinguitur

99 495 295 564 novissimum,
317 496 443 552 scilicet:
466 501 601 564 statuum,
619 513 685 567 gra-

98 568 196 630 duum.
213 576 240 624 et
255 569 390 625 locorum.
408 571 592 638 luterstatus,
608 569 686 625 locus

99 639 272 697 novissimus
287 646 330 696 est
353 639 560 712 incipientium,
577 640 687 697 medius

99 712 685 840 proficientium,supreiuuspeilectorum.

114 789 176 840 uter
203 783 318 855 gradus,
342 783 418 840 locus
446 784 615 842 novissimus
645 790 688 841 est

101 854 289 923 subditorum,
309 855 417 912 medius
432 858 613 928 praelatorum
633 857 686 913 mi-

98 942 211 995 norum,
228 943 377 1054 supremus
391 929 574 1000 praelatorum
595 931 686 1001 majo-

98 1001 257 1056 rumlnter
273 1016 334 1068 ora,
344 1000 686 1071 novissimusestiuleriii‚

99 1070 686 1143 mediusmundi,supremuscoeliltecum·

101 1143 138 1200 be
153 1159 221 1215 ergo
233 1150 283 1200 aut
293 1145 322 1200 in
333 1145 486 1203 novissimo
497 1146 599 1218 primo,
613 1146 687 1203 seili-

101 1221 146 1272 cet
157 1215 185 1272 in
197 1222 271 1273 statu
285 1216 480 1289 incipientium
492 1225 518 1274 te
530 1219 687 1289 reputando

100 1302 151 1361 per
162 1288 367 1356 humilitatem
380 1298 429 1346 aut
439 1290 467 1346 iii
479 1291 632 1347 novissimo
643 1307 687 1347 se-

96 1361 201 1428 eundo,
223 1360 330 1417 scilicet
349 1362 377 1417 in
399 1362 489 1433 gradu
509 1362 687 1419 subditorum

98 1447 151 1504 per
167 1432 216 1488 liei
237 1433 391 1499 timorem;
418 1440 467 1489 aut
491 1433 687 1491 innovissimo

100 1503 195 1569 tertio,
214 1503 322 1560 scilieet
337 1505 366 1560 in
383 1505 495 1561 iuleruo
520 1522 570 1577 per
591 1508 686 1577 jugem

102 1574 327 1631 meditationem.
356 1578 389 1632 Et
406 1577 519 1633 adducit
538 1577 601 1645 tria,
620 1594 687 1650 pro-

99 1651 163 1718 pter
177 1662 241 1717 quae
257 1646 515 1706 novissimuslocus
526 1655 568 1705 est
583 1649 687 1721 eligen-

102 1717 166 1774 dus.
182 1748 216 1758 —
233 1716 358 1776 Primum
373 1727 425 1787 est,
442 1720 509 1792 qnia
521 1738 554 1777 ex
568 1723 621 1778 linc
638 1723 686 1779 ha-

103 1790 187 1847 betur
201 1790 293 1863 gratia
308 1791 459 1850 amicitiae:
478 1796 521 1862 Ut,
535 1811 594 1850 cnm
607 1811 687 1850 eene-

102 1865 151 1931 rit,
168 1869 278 1920 mentes
293 1866 446 1936 visitando,
457 1867 500 1922 iel
514 1866 615 1923 merila
626 1871 689 1939 post

103 1941 225 1991 mortem
241 1935 431 2005 discutiendo,
448 1940 498 2010 qni
514 1944 540 1995 te
558 1942 689 1995 invitarit

103 2007 140 2063 ad
154 2011 278 2080 ariptins,
291 2010 367 2066 dieat
379 2011 431 2066 tibi
445 2030 453 2066 ε
467 2013 570 2080 Amice,
582 2011 689 2068 scilieet

101 2089 218 2151 propter
233 2085 310 2138 tuem
322 2081 567 2140 bumilitatem-
582 2086 687 2141 Seruii·

102 2151 170 2207 duur
196 2159 239 2208 est
267 2154 429 2211 consecutio
457 2155 512 2211 loci
540 2155 687 2227 dignioris,

101 2225 215 2279 ascende
230 2229 366 2296 superins,
385 2232 413 2282 et
435 2226 465 2283 in
488 2227 619 2298 prasenti
638 2244 689 2299 per

103 2295 235 2366 gratiam,
254 2302 281 2352 el
308 2297 337 2352 in
363 2298 456 2354 laturo
475 2313 528 2369 per
550 2299 686 2369 gloriam;

103 2366 170 2438 qula
185 2374 212 2423 te
228 2368 393 2437 liumiliasli,
408 2374 435 2425 et
448 2369 607 2440 quinetiam
621 2371 689 2427 ami·

101 2453 161 2495 eus.
178 2470 213 2481 —
236 2440 360 2498 Tertium
386 2445 429 2497 est
452 2442 567 2499 honoris
587 2444 687 2514 gloria,

106 2527 169 2583 queo
187 2512 314 2584 sequitur
330 2513 496 2585 dignitatem
516 2531 523 2570 ε
547 2518 620 2571 Tune
639 2519 690 2572 erit

103 2584 156 2639 tibi
168 2587 259 2653 pleriq
280 2587 396 2643 honoris
419 2604 510 2642 eoriim
528 2589 612 2643 simut
629 2588 689 2643 dis·

102 2658 300 2727 erimbentibiis,
316 2659 346 2714 iu
362 2658 460 2715 eadem
475 2659 531 2715 lide
544 2660 586 2716 vel
603 2659 632 2716 in
644 2676 689 2716 ee-

104 2728 169 2784 dem
193 2731 370 2787 beatiludIne
387 2731 596 2802 quiesceutibus
604 2750 612 2801 3
629 2738 689 2788 tum

107 2800 174 2871 quia
186 2801 455 2873 bumili5,tnmquie
465 2802 572 2858 amicus
586 2803 689 2875 priuci-

104 2871 159 2943 pis,
175 2879 234 2927 tnui
250 2873 317 2944 qula
330 2874 387 2928 alto
403 2875 493 2954 gradu
508 2874 686 2931 sublimatus.

104 2945 138 3000 Et
156 2950 224 2999 uota
239 2944 313 3014 qued
335 2946 469 3000 Dominus
487 2962 543 3000 nou
567 2946 689 3002 intendit

104 3014 150 3072 liic
163 3014 257 3071 dicere
271 3016 413 3087 quomodo
428 3016 575 3087 acquirere
587 3018 688 3074 debea-

104 3103 167 3144 mus
192 3088 345 3145 humanam
358 3087 491 3161 gloriam;
518 3089 568 3146 sed
594 3106 687 3146 ciem-

105 3161 152 3232 plo
174 3160 337 3233 acquirendi
351 3159 471 3232 gloriam
490 3161 573 3218 istam
590 3163 689 3220 liuma-

105 3233 689 3308 namdocetuosmiidumacqutreudiglo·

105 3305 176 3363 riam
189 3306 347 3373 coetestem
358 3306 397 3364 ite
409 3308 483 3380 quod
496 3307 568 3364 sieut
578 3307 690 3365 bumili-

104 3382 147 3435 tas
158 3385 200 3436 est
213 3379 375 3437 necessaria
389 3380 415 3437 ei
426 3379 473 3453 qui
484 3380 559 3452 cupit
572 3379 688 3437 exaltari

100 3450 210 3509 honore
224 3453 425 3521 ecclesiastico,
440 3452 480 3509 sic
495 3459 537 3508 est
556 3468 686 3509 necessa·

102 3522 145 3579 iia
164 3526 188 3580 ei
206 3525 252 3596 qni
276 3524 351 3598 cupit
367 3525 483 3582 exaltari
499 3527 607 3582 bonore
622 3541 688 3595 gra-

102 3594 197 3651 tieret
220 3597 328 3665 gloriae.
357 3599 411 3654 Sed
436 3597 597 3654 dillereutia
621 3602 686 3653 est:

102 3666 168 3738 quia
190 3668 359 3749 quicumque
375 3685 404 3724 se
422 3669 554 3725 humiliat
567 3675 598 3725 ut
613 3669 687 3724 exal-

100 3743 176 3793 tetur
201 3747 380 3808 promotione
403 3740 604 3809 ecclesiastica,
623 3757 686 3812 pee-

100 3815 155 3868 cat,
172 3815 215 3865 est
230 3809 306 3866 euim
323 3810 394 3866 lalsa
409 3811 563 3874 liumililas,
581 3811 610 3866 in
633 3828 688 3882 qua

101 3880 169 3938 latet
185 3881 329 3937 immunda
343 3882 493 3952 superbia,
511 3882 558 3953 qui
575 3898 641 3938 virro
658 3900 688 3939 se

100 3953 229 4010 humiliat
246 3961 274 4010 ut
285 3954 423 4010 exaltetur
437 3953 519 4010 donis
532 3953 688 4024 gratiarum

101 4032 129 4083 et
149 4025 266 4098 praemio
283 4024 394 4097 gloria,
412 4026 498 4082 lialiet
521 4032 626 4081 rectam
643 4027 686 4082 iil·

101 4100 266 4156 tentionem.
275 4099 355 4167 Quia,
367 4105 396 4155 ul
408 4097 476 4155 dicit
486 4101 665 4168 Hieronymus
679 4118 685 4155 :

100 4190 114 4224 «
130 4173 232 4228 Sancta
250 4173 383 4244 superbla
401 4178 445 4230 est
464 4170 581 4227 virtutes
600 4186 686 4243 appe-

101 4247 170 4299 tere.
188 4265 202 4294 ii
224 4243 327 4301 Ultimo
348 4252 443 4301 autem
466 4243 601 4300 Dominus
614 4243 685 4300 assi-

101 4321 166 4382 gnat
181 4314 322 4373 rationem
335 4315 414 4387 dieti,
430 4322 568 4388 quantum
584 4315 618 4374 ad
629 4331 687 4373 om·

744 512 803 564 cus,
819 511 878 551 sive
894 491 1022 560 clericus,
1032 491 1091 548 sine
1106 491 1278 564 religiosus,
1292 512 1339 566 qen

743 585 772 624 se
793 570 911 634 eanttet,
933 565 1040 622 scilicet
1059 564 1273 636 superbiendo,
1289 569 1338 622 be·

742 641 900 697 initiabitur
914 645 1015 710 sponte
1031 637 1073 693 vel
1092 638 1270 701 necessario,
1284 638 1337 708 liic,

744 712 788 769 vel
807 712 837 768 iu
859 712 973 778 luturo;
990 712 1079 779 etqui
1097 725 1126 764 se
1141 712 1281 766 buiniliat
1295 728 1337 768 so·

743 783 876 850 luntarle,
898 799 954 839 nou
967 781 1014 853 qui
1028 780 1200 841 humiliatur
1233 782 1336 840 nasica

745 859 923 924 necessitate,
948 855 1131 917 exaltabitur,
1150 854 1198 910 vel
1243 854 1280 923 ic,
1295 856 1335 912 iel

744 928 773 985 in
790 928 896 997 laturo,
914 930 942 983 et
962 929 1015 982 hoe
1034 931 1083 982 aut
1107 924 1136 981 in
1156 925 1269 994 allicio,
1290 933 1334 984 eut

743 1000 773 1056 iu
801 1000 913 1068 merito,
936 1003 984 1055 aut
1010 997 1039 1054 in
1054 996 1186 1069 premio.
1210 998 1334 1056 Humiles

744 1071 811 1128 dicti
822 1072 1028 1128 suntabbumo
1043 1069 1086 1126 eui
1101 1071 1242 1142 prostrati
1260 1077 1332 1140 sunt,

743 1144 868 1215 eoquod
886 1142 954 1199 nibil
969 1140 1089 1199 interius
1099 1158 1130 1198 se
1143 1141 1200 1198 uisi
1215 1143 1333 1199 liuninin

743 1220 887 1286 reputant,
899 1220 926 1271 el
936 1231 966 1271 se
981 1213 1191 1270 conculcandos
1200 1215 1333 1272 omnibus

743 1287 887 1356 exliibent,
900 1292 1059 1414 etsropter
1074 1287 1127 1342 boc
1138 1286 1260 1343 exaltari
1277 1303 1333 1343 me-

743 1367 856 1427 rentum
876 1367 905 1416 et
925 1361 932 1414 i
955 1376 987 1415 eo
1006 1359 1101 1425 homo,
1120 1357 1169 1429 qui
1188 1359 1280 1415 laetus
1294 1363 1335 1415 est

744 1433 779 1489 de
796 1434 881 1489 bunio
895 1429 1037 1487 humiliari
1048 1430 1143 1499 debet,
1159 1435 1189 1486 et
1203 1431 1332 1487 exaltatio

744 1520 801 1562 non
824 1504 944 1560 debetur
968 1502 993 1559 ei
1016 1502 1069 1558 nisi
1092 1518 1144 1574 per
1164 1502 1333 1559 humilitatis

745 1577 893 1643 maritu1u;
923 1580 952 1631 et
984 1576 1049 1631 talis
1080 1573 1228 1630 humilitas
1260 1575 1334 1633 ducit

744 1648 781 1706 ad
804 1647 1000 1704 laetabundum
1023 1646 1168 1718 gaudium.
1196 1647 1276 1704 Unde
1297 1648 1334 1704 ait

743 1722 925 1778 Bernartius:
952 1723 1100 1791 «Semper
1123 1718 1153 1775 in
1178 1718 1332 1775 cordetuo

745 1794 831 1850 debes
847 1794 963 1860 babere,
981 1792 1058 1863 quod
1080 1790 1118 1847 sis
1135 1798 1272 1863 peccator
1294 1791 1332 1846 ri·

745 1866 870 1922 tissimus
884 1871 913 1921 et
932 1862 1010 1921 ouini
1029 1864 1102 1920 donn
1127 1869 1156 1920 et
1169 1862 1265 1935 gralia
1286 1862 1332 1919 oei

745 1936 897 2008 indiguum
923 1953 974 1992 nec
992 1936 1029 1992 ad
1056 1937 1109 1991 tiae
1130 1933 1228 2006 aliquo
1250 1935 1331 1991 niodo

744 2017 837 2092 aptus,
853 2015 883 2065 ut
898 2011 970 2064 tiens
981 2006 1139 2063 orationem
1155 2011 1233 2063 tuam
1248 2022 1333 2063 exau·

744 2081 813 2138 diat.
832 2101 845 2134 u
863 2083 979 2136 lluttum
1000 2095 1067 2150 ergo
1085 2080 1223 2135 debemus
1236 2079 1331 2150 lugere

745 2153 918 2235 superbiam,
949 2168 1010 2223 qum
1044 2167 1096 2207 uos
1123 2150 1286 2207 derisibiles
1306 2154 1332 2207 et

745 2225 877 2281 inimicos
888 2228 943 2280 lleo
957 2229 984 2279 et
994 2223 1157 2279 bominibus
1169 2221 1331 2290 constituit,

745 2304 775 2354 et
788 2296 919 2368 amplecti
931 2295 1130 2364 bumilitatem,
1143 2311 1207 2365 quae
1222 2311 1273 2351 nos
1288 2294 1331 2350 de·

746 2368 912 2426 sideratiiles
933 2374 961 2423 et
984 2368 1092 2424 amicos
1122 2366 1232 2424 eisdem
1255 2366 1330 2423 lacit.

746 2441 825 2498 Unde
840 2442 1060 2510 etii-prosternes:
1078 2460 1091 2493 u
1104 2441 1144 2495 lte
1154 2438 1268 2507 timeas,
1283 2440 1331 2495 be·

746 2530 816 2569 nore
840 2518 889 2569 tuo
914 2512 1068 2580 destructo,
1092 2510 1114 2567 si
1136 2511 1330 2568 humiliareris

746 2584 934 2657 temetipsum.
949 2587 989 2640 lta
1000 2584 1075 2639 euim
1086 2582 1177 2649 magis
1191 2582 1332 2640 extollitur

745 2657 837 2729 gloria
861 2662 920 2725 tua,
939 2656 977 2711 ita
998 2658 1089 2727 major
1105 2655 1239 2712 eflicitur.
1267 2657 1331 2711 llas

746 2729 825 2799 regui
840 2734 884 2785 est
895 2732 992 2801 janua.
1006 2728 1032 2785 Si
1048 2727 1222 2784 voluerimus
1236 2727 1331 2799 magni

745 2817 893 2873 apparere,
909 2817 967 2856 neu
986 2799 1091 2856 erimus
1111 2798 1218 2871 magni,
1237 2800 1288 2856 sed
1307 2804 1331 2854 et

745 2873 878 2929 omnibus
893 2871 1166 2928 dehonorabiliores.
1187 2871 1239 2939 Qui
1255 2871 1330 2928 enim

744 2944 902 3002 derisibiles
919 2951 994 3000 sunt.
1015 2950 1042 2999 el
1064 2943 1196 3000 omnibus
1215 2942 1330 3009 inimici,

745 3023 773 3074 et
785 3019 820 3073 ab
836 3016 957 3072 inimicis
973 3016 1053 3072 l'acite
1066 3014 1232 3098 captabiles,
1244 3020 1272 3071 et
1282 3014 1332 3070 im·

745 3088 852 3153 muudi,
870 3089 944 3159 apud
967 3091 1054 3144 lleuui
1082 3089 1109 3143 tii
1132 3086 1247 3143 maximi
1272 3102 1331 3143 tim·

745 3162 823 3218 uiuui
840 3168 914 3217 sunt.
932 3160 1003 3228 Quid
1018 3165 1114 3216 aulem
1125 3159 1280 3217 humilibus
1292 3165 1332 3215 cst

745 3232 952 3299 delectabilius,
977 3239 1025 3289 ant
1046 3230 1169 3301 beatius,
1195 3248 1260 3288 cum
1280 3233 1331 3288 bu-

745 3306 826 3363 miles
843 3307 898 3361 llen
912 3304 969 3361 siut
988 3303 1212 3361 desiderabiles?
1229 3304 1285 3360 Sed
1305 3308 1332 3359 et

745 3394 789 3446 ce,
810 3394 872 3449 quae
890 3379 925 3434 ab
943 3376 1105 3433 hominibus
1125 3381 1168 3432 est
1184 3375 1288 3447 gloria,
1304 3373 1333 3430 bi

746 3450 866 3506 maxime
878 3449 1042 3522 polinutnr;
1059 3455 1087 3505 et
1101 3464 1201 3504 omncs
1212 3464 1262 3504 eos
1275 3446 1332 3502 rel·

745 3527 775 3578 ut
792 3527 886 3593 patres
903 3524 1053 3585 honorant,
1071 3520 1143 3577 sicut
1163 3521 1267 3577 lratros
1282 3535 1332 3575 sa·

745 3596 845 3657 lutaut,
860 3594 931 3650 sicut
947 3593 1062 3665 propria
1080 3593 1209 3650 membra
1222 3591 1332 3663 ample-

744 3672 846 3723 xantur
862 3684 868 3722 :
887 3686 900 3719 i)
914 3668 975 3722 liae
988 3668 1202 3734 t‘lirpsestemie.

784 3759 814 3794 ia
831 3740 963 3795 Cunisrus
986 3755 1145 3793 trevirenses
1170 3755 1205 3793 iiii
1229 3754 1332 3794 ursani·

744 3828 860 3867 eonniiii
881 3827 950 3867 enei
973 3828 1109 3867 runrnnns
1129 3827 1272 3867 uonrirnn
1299 3840 1333 3853 -·

746 3886 789 3952 at,
813 3882 880 3954 quia
899 3885 1033 3938 Dominus
1052 3885 1182 3938 iustruxit
1199 3886 1332 3938 invitatos

745 3958 780 4011 ait
805 3957 1003 4023 bumilitrtem,
1030 3970 1103 4011 nune
1126 3954 1241 4011 inaruit
1261 3954 1332 4010 iuvi-

745 4028 881 4082 tinlesail
895 4028 1096 4084 misericoriliae
1109 4028 1242 4097 pirtzitem
1256 4026 1332 4084 etad

746 4115 900 4169 pauperum
920 4098 1055 4156 detritium
1072 4107 1101 4156 et
1114 4098 1237 4155 aliorum
1253 4100 1332 4155 inlin-

745 4172 1333 4242 morumpotiusquamamicorumetdiii-

744 4251 804 4300 tum
817 4241 1024 4314 invitationem,
1034 4249 1063 4299 ut
1073 4245 1202 4301 convivia
1214 4243 1330 4314 iaciant,

743 4332 801 4375 non
813 4321 928 4388 propter
938 4316 1062 4373 bominis
1071 4316 1196 4375 levorem
1208 4319 1235 4374 et
1246 4316 1330 4374 veui-
