2880 4942
116 309 160 361 tab
487 299 594 352 Plutia
623 297 741 351 titanis
770 299 873 352 estut
902 299 973 350 exli

114 424 189 477 lbeus
217 418 253 474 sit
283 414 410 489 spiritua,
441 418 469 469 et
498 427 556 467 non
585 425 699 480 corpus,

113 491 291 564 spiritualem
312 489 416 553 locuni,
434 481 542 539 seilicet
558 498 606 537 eor
622 498 701 536 tritin-

113 565 181 621 dum
196 569 224 619 et
238 562 382 626 devotum,
399 573 432 612 ae
446 570 546 626 puram
562 558 699 620 mentem,

113 641 141 692 et
157 651 214 691 non
241 634 347 698 intans,
366 627 488 701 quturii3
516 642 573 682 non
599 640 700 695 scorrio-

114 706 202 762 ralem
230 705 322 760 locum
346 708 375 757 et
394 705 533 767 montem,
558 697 602 752 vel
628 702 699 752 teur-

113 778 201 849 plum‚
214 776 241 831 iu
251 792 306 846 quo
319 773 458 829 orandum
473 771 526 827 sit:
540 768 607 841 quia
620 767 699 824 loeus

115 864 171 904 rton
186 853 229 903 est
241 848 277 903 de
300 843 460 901 substantia
475 841 631 907 orationis;
649 840 699 895 sed

111 920 173 991 ejus
187 919 325 990 templum
348 922 391 974 est
411 915 529 998 spiritus
552 928 651 985 purus,
668 911 698 966 in

113 1007 168 1062 quo
191 997 290 1046 oretur
318 990 354 1045 de
377 1004 453 1044 voris
479 984 572 1053 bonis,
591 983 699 1066 scilicet

111 1065 239 1130 aeternis,
253 1078 309 1117 non
325 1061 361 1117 de
376 1059 457 1116 vanis
469 1064 497 1115 et
511 1062 694 1113 transitorius.

110 1133 175 1201 tini,
188 1133 261 1191 sicut
275 1131 379 1203 ubique
392 1136 445 1199 est,
456 1130 497 1187 ita
510 1129 615 1199 ubique
629 1127 698 1208 ado-

111 1204 170 1261 rari
189 1204 248 1260 vult
268 1209 295 1260 ct
313 1209 416 1276 potest.
433 1202 513 1258 Unde
526 1199 614 1257 David
634 1204 696 1254 ait:

111 1279 227 1333 inomni
239 1277 294 1331 loco
305 1277 504 1331 dominationis
516 1273 576 1342 ejus
586 1272 696 1326 benedic

111 1351 206 1404 auimo
214 1364 274 1403 mea
284 1351 408 1403 Domino.
420 1346 500 1402 Unde
512 1345 695 1414 Theophilus:

112 1441 126 1469 a
145 1419 391 1476 Samaritanorum
421 1423 483 1473 erat
499 1415 606 1487 opinis,
620 1413 696 1485 quod

110 1493 185 1546 Deus
212 1491 273 1545 ioco
287 1489 514 1555 concluderetur,
530 1491 559 1542 et
573 1485 650 1557 quod
665 1484 696 1540 in

110 1562 165 1616 boe
193 1561 255 1616 loco
283 1562 372 1616 Deum
402 1559 522 1616 adorare
548 1561 693 1628 oporteat3

110 1636 211 1687 eontra
239 1648 310 1702 quos
335 1630 413 1699 dicit,
432 1630 509 1702 quod
526 1632 585 1683 ocri
598 1629 696 1682 adora

108 1708 191 1772 tores,
208 1719 265 1758 non
276 1702 415 1771 localiter,
431 1702 482 1757 sed
495 1699 693 1771 spiritualiter,

110 1777 140 1830 in
154 1777 258 1845 spirita
274 1773 405 1830 adorant.
426 1773 536 1829 ludaeis
550 1787 617 1828 vero
633 1786 695 1827 am·

110 1843 159 1902 nia
182 1847 234 1902 sub
254 1845 348 1916 ssgura
371 1849 471 1915 erant3
489 1849 517 1900 et
540 1842 605 1899 ideo
627 1842 696 1898 dicit

108 1917 184 1988 quod
210 1920 269 1972 ocri
291 1918 450 1974 adoratores
472 1914 578 1972 nonin
602 1915 695 1986 ligura

106 1989 273 2053 adorabant,
291 1988 383 2046 sedin
397 1991 523 2045 oeritma
534 1986 693 2054 Quiaonim

105 2063 177 2117 bears
195 2064 312 2133 spiritus
333 2067 384 2130 est,
402 2059 565 2135 spirituales
590 2060 693 2115 adora·

107 2137 184 2190 tores
209 2133 328 2204 quaerit3
346 2133 414 2204 quia
438 2131 554 2199 veritas,
568 2147 661 2186 veros.
677 2151 692 2182 o

108 2203 186 2260 Unde
205 2210 234 2260 ct
254 2206 429 2272 Augustinus
444 2222 453 2258 ε
468 2204 525 2267 cO
541 2201 565 2257 si
588 2201 695 2258 inveni-

107 2288 179 2341 rem,
201 2273 328 2343 dicebas,
349 2280 478 2329 montem
504 2271 627 2342 aliquem
656 2273 695 2329 al·

105 2350 168 2399 tum
182 2349 211 2400 et
229 2343 406 2400 solitariuml
423 2342 514 2400 Credo
533 2341 610 2398 anim
625 2343 693 2414 quia

106 2415 136 2470 in
151 2414 208 2471 alto
233 2413 278 2471 est
297 2417 382 2485 Deus,
398 2413 491 2485 magis
512 2429 558 2471 me
577 2414 694 2470 exaudit

104 2501 138 2543 ex
162 2485 233 2545 alto.
258 2486 330 2554 Quia
345 2487 377 2543 in
398 2489 496 2544 monte
520 2501 562 2556 es,
581 2485 694 2558 propin·

103 2573 191 2686 gpnm
212 2564 241 2614 te
261 2560 319 2616 Deo
339 2563 434 2641 putas,
447 2563 477 2615 et
492 2557 547 2615 cito
564 2562 592 2614 te
609 2574 693 2615 exeu-

124 2646 170 2696 1r1,
191 2632 275 2703 qnasi
293 2633 330 2689 de
354 2646 483 2704 prosumo
499 2630 693 2688 clamantem?

756 408 831 465 ximo
856 409 965 476 iuturo;
983 407 1049 479 quia
1073 406 1244 463 idololatria
1265 409 1345 466 Gen·

756 480 827 536 tium
849 486 877 536 ot
897 481 1075 537 crerernonitn
1090 481 1259 535 irritatorum
1274 496 1344 537 con-

755 554 900 609 vertendae
915 560 996 609 erant
1016 551 1043 607 in
1060 550 1241 622 spiritualem
1256 553 1343 610 Novae

755 624 837 695 Legis
850 625 956 681 cultum
972 623 1110 679 divisurus.

791 701 807 752 6
822 698 908 759 Loom
929 714 980 752 ceu
996 713 1112 752 attumne
1128 713 1195 751 sont
1211 714 1265 751 sos
1280 714 1345 751 cou-

755 784 848 824 snuvm
866 771 997 824 boninus.
1023 799 1056 808 -
1080 771 1114 821 Et
1137 772 1275 823 attitulantes
1295 770 1343 823 di·

754 842 856 911 scipuli
873 842 907 895 do
922 843 1045 906 ciuitate,
1059 855 1122 893 crini
1143 839 1213 895 cibis
1226 840 1342 911 emptis,

753 913 939 976 mirabantur,
961 915 1028 982 quic
1042 929 1101 966 cum
1119 913 1232 966 recellere
1248 912 1343 982 loquo-

755 985 851 1055 boiar;
869 1000 926 1040 non
940 991 1055 1055 propter
1067 982 1191 1053 aliquam
1206 983 1343 1055 suspicie-

753 1072 831 1123 nem,
846 1056 897 1112 sed
911 1056 986 1126 quod
999 1054 1063 1110 talis
1082 1061 1110 1109 ct
1128 1061 1224 1110 tantus
1239 1055 1342 1112 doctor

754 1144 787 1184 ac
802 1127 940 1184 Dominus
959 1127 1036 1183 orbis
1052 1132 1135 1182 terra
1151 1126 1340 1196 dignatusest

753 1199 858 1271 alloqui
877 1214 963 1256 unam
986 1199 1075 1254 solani
1099 1197 1248 1254 mulierem
1270 1214 1341 1270 pau-

752 1272 897 1343 perculam
912 1277 940 1328 et
955 1271 1098 1340 gentilem.
1115 1272 1175 1325 dou
1196 1269 1339 1326 miraban-

752 1349 810 1414 tur,
836 1343 999 1415 quodcum
1022 1340 1142 1397 muliere
1171 1342 1340 1411 loquebatur·

752 1416 899 1484 Dominus,
910 1414 977 1485 quia
990 1412 1157 1469 mulieribus
1169 1412 1341 1485 quandoque

752 1483 1342 1562 loquiconsueserat,‹siquandoquoinco-

751 1558 853 1613 mitatu
870 1573 918 1613 oas
936 1558 1075 1623 lrabcbat3
1094 1556 1144 1611 sed
1162 1555 1342 1613 mirabantur

751 1628 941 1696 clementiam,
959 1644 1015 1699 qna
1033 1627 1180 1697 gentilem,
1196 1633 1225 1684 et
1240 1626 1341 1683 alioni-

751 1716 855 1771 genam
867 1716 1018 1757 erroneam
1028 1701 1159 1766 docebat,
1174 1699 1341 1769 ignorantes

750 1771 918 1844 mysterium
941 1772 1018 1843 quod
1035 1770 1137 1826 rnulier
1164 1771 1217 1826 ista
1241 1776 1340 1842 typum

751 1849 863 1915 gereret
878 1843 1009 1900 Ecclesia¹
1026 1843 1061 1898 de
1075 1842 1211 1899 Gentibus
1225 1842 1340 1904 intuear,
1404 1867 1408 1874 ·

751 1931 837 1987 qnam
853 1917 1008 1987 querebat,
1025 1913 1072 1985 qui
1088 1916 1161 1969 uenit
1177 1929 1296 1983 querere
1315 1920 1341 1968 et

749 1989 857 2043 salvum
881 1989 972 2056 secere
1002 1987 1075 2056 qaod
1102 1989 1232 2055 perierat.
1260 1984 1339 2042 Unde

749 2058 791 2114 ait
809 2061 1036 2129 Glupsostomus:
1054 2078 1068 2108 «
1086 2057 1264 2114 Mirabantur
1279 2056 1341 2128 qui·

749 2130 815 2188 dem
825 2130 1103 2203 superabundantem
1114 2128 1216 2185 tlbristi
1227 2144 1341 2185 mansn-

749 2202 895 2259 etudinem
920 2208 949 2258 et
979 2201 1180 2268 bumilitatem,
1202 2200 1336 2272 quoniam

747 2272 789 2330 ila
804 2272 971 2345 perspicuus
991 2274 1115 2329 existens
1138 2270 1272 2329 sustinuit
1294 2270 1336 2326 lo-

748 2343 807 2415 qui,
828 2359 892 2400 cum
918 2349 999 2400 tanta
1018 2344 1187 2413 humilitate,
1205 2339 1282 2414 inopi
1307 2347 1338 2397 et

749 2416 946 2473 Samaritanae.
967 2436 981 2466 u
1002 2419 1087 2473 Nemo
1112 2421 1200 2471 tamea
1223 2414 1337 2470 illorum

747 2487 825 2543 diruit
839 2491 864 2544 ei
879 2506 887 2542 ε
904 2488 977 2555 Quid
1000 2491 1112 2558 quaeris,
1133 2491 1182 2543 eui
1208 2485 1279 2557 quid
1300 2486 1338 2540 lo-

748 2562 842 2630 queris
866 2575 928 2617 com
942 2562 996 2615 eci?
1027 2562 1150 2615 scientes
1174 2558 1249 2630 quad
1273 2557 1337 2628 ejus

749 2630 852 2688 locutio
874 2646 939 2688 cum
955 2629 1073 2687 muliere
1098 2647 1157 2686 non
1176 2634 1239 2686 erat
1251 2627 1339 2685 inuti·

102 2704 135 2758 ln
148 2704 216 2758 attis
229 2704 349 2768 habitat,
366 2703 418 2760 sed
433 2704 552 2759 humilia
564 2706 689 2773 respicit.
747 2701 783 2758 lis
801 2708 831 2759 et
847 2718 931 2770 vana,
947 2701 1077 2774 quamvis
1097 2703 1152 2758 hoe
1167 2716 1226 2758 non
1242 2704 1340 2772 aperte

105 2776 250 2854 ....·.Propa
264 2781 305 2831 est
318 2778 460 2830 Dominus.
471 2773 597 2842 Quibus?
608 2776 692 2831 Forte
747 2772 891 2842 viderent;
908 2774 986 2845 quod
1004 2775 1078 2831 bene
1097 2789 1130 2830 ex
1149 2771 1281 2846 sequenti
1296 2772 1339 2828 el-

103 2842 199 2900 altas‘l
226 2846 278 2900 llis
325 2849 356 2900 ai
384 2846 589 2901 certauerant
615 2846 692 2901 aor‘l
746 2844 823 2902 lectu
859 2850 927 2901 atet.

102 2911 234 2996 blirares
251 2862 368 2996 estflit
388 2918 421 2971 in
440 2917 508 2971 alto
528 2916 647 2978 baboel,
662 2921 693 2972 et
783 2939 799 2988 7
847 2934 1002 2974 mamers-s
1025 2933 1145 2973 nmnmu
1170 2930 1339 2980 nemnounas

101 2984 257 3042 humilibus
271 2990 454 3057 propinquat.
464 2988 591 3041 Humilia
605 2990 692 3057 rospi·
747 3004 811 3052 outo
854 2990 1024 3045 siesrsrcuri
1061 3017 1087 3029 ·-
1128 2989 1199 3045 Nam
1227 2989 1337 3056 odio,

101 3059 150 3121 cit,
166 3058 276 3112 excelsa
294 3062 387 3139 autera
401 3073 419 3112 a
434 3059 688 3139 lonae-capnosoii.
746 3060 878 3118 edoctae
893 3060 1016 3128 Christo,
1032 3077 1065 3116 ex
1079 3060 1190 3116 fervore
1205 3058 1339 3116 denunti·

101 3129 244 3209 Superbos
264 3127 349 3201 longe
362 3129 450 3211 ndei,
468 3145 503 3211 eo
523 3128 581 3185 dlis
595 3130 691 3187 minus
746 3131 814 3190 andi
832 3131 906 3204 quod
923 3133 1063 3200 audierat,
1078 3133 1195 3202 reliquit
1209 3131 1338 3201 buddam

100 3204 283 3272 propinquat,
311 3217 367 3274 quo
390 3201 447 3258 subi
464 3200 598 3258 videntur
625 3201 691 3258 alti·
746 3204 1151 3268 suoraelobiitinctoiootom
1165 3201 1337 3260 annuntiare

101 3287 176 3330 ores.
198 3273 351 3340 Quaerebas
378 3289 447 3345 ergo
470 3274 616 3330 montom
642 3275 692 3331 lte·
747 3275 783 3333 de
802 3274 914 3333 Christo
941 3275 1096 3348 magnalia,
1121 3290 1241 3331 monens
1263 3273 1338 3331 aros

99 3343 204 3426 scendo
228 3350 261 3401 ut
291 3345 428 3417 attingas.
452 3345 508 3403 Sed
534 3345 691 3403 ascendere
747 3347 844 3419 egredi
865 3346 903 3404 ad
923 3345 1085 3404 videndum·
1102 3345 1262 3416 hominem,
1289 3344 1336 3417 qui

101 3416 162 3472 aas?
186 3417 327 3475 Ascende.
355 3415 418 3475 Noli
446 3422 542 3475 umen
564 3425 693 3475 montem
746 3419 819 3477 dixit
842 3418 869 3476 ei
902 3435 1088 3491 quecumque
1119 3419 1235 3485 fecerat,
1251 3415 1337 3473 etiam

100 3502 245 3570 querere:
258 3488 692 3563 Ascmsiones,inquit,ineorde
747 3491 869 3549 occulta.
890 3491 1003 3562 Exque
1026 3495 1105 3563 patet
1123 3490 1186 3561 ejus
1212 3487 1348 3556 dovotio‚·

100 3574 171 3628 eras,
191 3561 251 3642 boe·
265 3562 394 3619 Psatmus
415 3560 494 3629 dicit,
513 3560 543 3617 in
561 3563 691 3620 convalle
747 3578 834 3635 quarn
851 3567 1022 3634 conceperat
1038 3563 1074 3620 do
1097 3561 1236 3618 Christo:
1270 3558 1338 3632 quia

99 3629 278 3756 gloriationis.
291 3632 432 3689 convallis
441 3630 632 3690 humilitatem
642 3634 692 3691 lra-
746 3633 932 3705 oblitaaquae
944 3633 1113 3691 necessariae
1128 3633 1166 3689 ad
1175 3632 1339 3689 vitamcor-

121 3703 159 3754 et
173 3701 247 3780 ljlrgo
260 3706 338 3781 inuis
351 3719 405 3774 age
415 3707 518 3759 totoni.
532 3705 567 3759 nt
578 3703 603 3760 si
618 3704 692 3761 lodo
766 3705 886 3773 coalent,
899 3705 1001 3761 statim.
1011 3705 1101 3763 currit
1116 3704 1152 3762 ad
1167 3701 1338 3761 denuntian-

99 3784 204 3842 quaens
233 3770 360 3843 aliquem
386 3773 609 3854 locumaltum,
638 3774 691 3855 ali·
744 3719 819 3833 dum
838 3790 944 3856 aquam
968 3776 1116 3848 sapientia
1143 3773 1340 3834 necessariam.

99 3855 185 3914 quern
208 3839 303 3898 lacum
332 3847 475 3912 sanctum,
490 3848 568 3901 intus
587 3845 691 3902 exhibe
746 3845 1092 3919 advitamspuitualam,
1108 3863 1166 3904 non
1181 3845 1335 3905 curans-de

99 3919 128 3970 te
142 3912 282 3984 templum
304 3914 373 3972 Deo.
392 3914 691 3985 despumandas
746 3917 1062 3991 cmpomlieomrnodo,
1076 3924 1193 3993 propter
1202 3919 1335 3976 minum.

97 3990 225 4068 seucum
239 3990 290 4056 ost,
306 3986 385 4058 quod
404 3988 471 4042 ostis
492 4000 549 4042 aar.
567 3988 598 4043 ln
614 3992 691 4044 tom·
746 3990 779 4047 ln
807 4004 870 4062 qno·
895 3988 983 4046 etiam
1012 3990 1142 4063 sequitur
1172 3990 1336 4062 exemplum

98 4057 146 4129 plo
163 4072 206 4114 us
227 4058 336 4116 oraret
351 4060 385 4141 ¹.¹¹
406 4062 436 4115 te
454 4071 518 4126 ora,
535 4057 588 4114 sed
609 4057 691 4131 prius
744 4061 950 4134 Apostolorum
973 4062 1033 4133 qui,
1062 4065 1167 4119 relictis
1195 4061 1334 4129 amadus,

98 4133 160 4184 esto
170 4130 308 4202 templum
315 4132 366 4189 Del
378 4149 413 4187 :u
427 4128 687 4201 haeobstpurttuus.
744 4135 912 4190 secuti'srmt
922 4136 1079 4190 Dominam
1097 4137 1136 4191 Ex
1149 4134 1205 4192 hoe
1224 4133 1333 4190 discam

101 4200 135 4254 Et
154 4199 196 4282 eje
213 4207 302 4274 patet,
321 4202 401 4276 quod
413 4199 542 4285 destats
557 4200 691 4284 insumit
745 4203 1067 4278 evangelizaturiprius
1078 4207 1223 4290 deponere
1236 4218 1335 4262 curam

101 4269 689 4348 mulioromdsvemerdtndrunoanpro·
744 4279 779 4333 et
792 4292 866 4335 onus
884 4277 983 4336 seculi.
1009 4278 1089 4336 Unde
1114 4278 1191 4337 idem
1212 4277 1336 4349 dirase-

102 4588 251 4656 A
