2880 4942
254 345 296 399 ΒΕ
323 345 387 398 nott
414 346 559 401 llnnnba
587 349 698 402 ilottl'lt
726 350 765 403 ET
795 347 1007 403 collinense
1035 350 1189 403 ClllllSTO.
1308 352 1340 406 bt

102 457 238 531 pereunt,
255 467 307 534 vos
321 452 370 522 qui
383 452 483 508 aeterni
497 453 575 519 estis,
594 453 695 512 timere
750 456 826 512 etde
846 457 991 528 superllno
1010 455 1145 519 hominis,
1161 460 1192 512 ut
1212 453 1336 527 corpori,

102 541 164 585 non
183 525 295 581 debetis
312 524 388 595 quod
408 524 515 595 absque
529 524 578 581 Dei
599 527 695 583 l‘rovi·
749 526 887 584 indebito
904 543 1033 594 numero,
1051 528 1177 594 recloant,
1194 543 1263 597 ergo
1280 542 1337 583 non

103 596 203 656 dentia
216 593 331 652 riualis.
346 594 397 651 llbi
412 595 452 652 ait
464 598 669 665 chrysostomus
685 615 693 655 ι
749 604 792 655 est
818 598 975 655 timendum
997 599 1032 655 de
1047 599 1110 654 aliis
1127 598 1294 669 inaJoribus,
1312 596 1336 654 si

46 730 49 735 ⁸
104 690 121 722 α
134 666 165 726 Si
177 683 246 740 ergo
266 682 399 740 passeres
422 665 451 723 in
471 667 616 724 voluntate
642 669 693 726 Dei

102 737 190 815 positi
204 745 282 800 sunt,
295 755 350 794 non
366 737 393 794 in
406 744 546 810 potestate
558 740 692 808 bominis,

102 826 175 884 quos
194 812 269 867 lteus
287 810 325 866 ad
342 827 423 866 rmum
443 811 589 868 bominum
606 813 691 881 lecit3

102 886 211 955 manto
232 880 325 953 magis
340 897 389 938 vos
405 898 461 938 non
476 883 545 938 estis
568 883 597 939 in
616 890 693 954 pole-

101 960 178 1012 atate
192 953 352 1023 bominum,
364 954 414 1009 sed
428 953 456 1010 in
473 954 617 1010 voluntate
630 955 690 1014 [lei.

101 1027 268 1156 gnoslleus
292 1025 329 1080 ad
357 1041 437 1081 suam
455 1025 576 1095 gloriam
604 1026 693 1083 lecit?

124 1095 135 1153 i
170 1111 251 1153 asser
272 1102 376 1152 eventu
401 1112 453 1152 nec
479 1098 610 1166 moritur,
640 1115 691 1154 nec

161 1166 194 1236 ·t,
209 1173 322 1240 propter
345 1168 400 1223 boc
414 1168 505 1239 ipsum
529 1169 596 1240 quia
620 1186 691 1242 opus

104 1237 162 1298 nei
175 1244 232 1307 est;
258 1238 470 1310 quantomagis
491 1241 586 1312 J'ustus
605 1242 690 1297 homo

101 1326 166 1368 non
199 1315 240 1366 est
272 1310 302 1366 in
335 1317 437 1367 evetttn
472 1313 590 1382 positus,
624 1313 691 1383 quia

98 1380 200 1455 imago
222 1381 272 1438 nei
296 1388 350 1449 est,
365 1381 413 1437 sed
429 1390 478 1438 aut
493 1399 510 1438 a
526 1386 582 1439 Deo
600 1384 688 1440 tradi-

99 1457 161 1523 tus,
187 1458 237 1509 aut
261 1469 279 1508 a
298 1456 355 1510 Deo
372 1452 507 1510 liberatus
526 1454 646 1510 evadit?
661 1456 688 1512 Si

100 1522 132 1581 in
149 1523 315 1598 passeribus
330 1524 402 1581 nihil
422 1525 482 1581 sinc
500 1526 611 1582 ratione
626 1526 688 1598 agi-

99 1599 160 1665 tur,
189 1609 310 1666 quorum
333 1596 454 1652 duorum
474 1597 596 1669 prelium
619 1615 690 1654 nnius

100 1672 148 1724 est
175 1665 267 1733 assis;
298 1673 404 1738 quanto
434 1668 525 1739 magis
556 1668 584 1724 in
609 1670 689 1726 robis

98 1736 163 1795 aine
188 1738 248 1794 Deo
269 1737 338 1794 nihil
358 1738 452 1810 agitur
482 1757 603 1803 nuorurn
624 1757 689 1813 pre-

98 1808 174 1866 tium
188 1813 233 1865 est
246 1810 363 1881 sanguis
374 1826 463 1868 meus.
481 1812 507 1867 Si
529 1812 568 1867 sic
582 1813 688 1869 haben·

98 1884 150 1937 tur
201 1896 307 1949 sseres,
327 1883 469 1953 quomodo
484 1884 606 1939 habendi
623 1889 690 1940 sunt

97 1895 317 2034 affictaeque
332 1969 388 2009 non
404 1954 515 2010 debetis
528 1954 629 2010 timere
643 1957 693 2012 bo-

98 2037 207 2092 mnnes,
224 2040 290 2094 quta
303 2040 361 2079 non
374 2030 416 2081 est
433 2025 461 2080 in
481 2025 562 2083 vobis
576 2026 690 2082 illorum

99 2099 242 2167 potestas,
263 2096 312 2151 sed
328 2095 387 2151 [lei.
410 2099 470 2153 Non
486 2098 561 2153 euim
578 2098 690 2168 qnando

98 2164 202 2222 volunt
212 2165 292 2238 impii
304 2173 373 2223 tunc
382 2175 496 2238 possunt
509 2185 612 2225 nocere
623 2171 691 2226 San-

101 2235 180 2306 ctis;
201 2237 250 2293 sed
277 2240 392 2309 quando
408 2239 464 2295 illis
482 2240 604 2296 nocendi
620 2252 690 2297 tern-

100 2322 158 2381 pus
167 2309 353 2385 concesserit,
373 2317 401 2366 ul
420 2310 565 2382 provideat
581 2311 691 2369 Sanctis

101 2378 166 2436 mis
196 2396 342 2437 coronam.
371 2382 438 2448 Quae
455 2388 499 2438 est
529 2383 689 2456 ergosapi-

100 2448 183 2507 entia
202 2450 280 2508 illum
296 2468 353 2508 non
380 2452 494 2521 timere,
512 2454 560 2526 (pn
576 2455 624 2511 dat
638 2472 688 2527 po·

99 2524 236 2579 testatem
251 2540 259 2588 3
275 2525 325 2580 sed
344 2523 422 2580 illum
438 2524 538 2580 timere
553 2526 601 2595 nni
615 2525 688 2582 acci·

99 2591 165 2665 pit?
182 2593 212 2651 Si
229 2610 297 2666 ergo
327 2612 383 2651 non
411 2612 442 2651 es
470 2596 601 2665 traditus,
629 2597 690 2654 sine

102 2678 192 2721 causa
207 2665 304 2734 times,
328 2673 356 2722 et
381 2665 406 2722 si
423 2667 543 2723 traditus
558 2685 599 2735 es,
615 2669 691 2740 pari·

99 2737 149 2792 ter
160 2734 224 2793 sine
236 2753 322 2793 causa
337 2737 429 2794 times.
445 2741 502 2794 lleo
522 2739 597 2795 ellim
623 2740 692 2797 libe

100 2814 197 2878 rante,
213 2809 299 2864 homo
313 2807 363 2865 tibi
383 2826 486 2865 nocere
502 2827 557 2866 uon
583 2817 689 2882 potest:

101 2877 163 2935 Deo
180 2884 276 2936 autem
296 2880 436 2948 tradente,
453 2882 538 2937 homo
557 2882 607 2938 tibi
624 2899 691 2954 par·

100 2962 169 3008 cera
195 2967 252 3007 non
276 2956 377 3022 potest,
399 2951 450 3007 elsi
479 2958 546 3009 vult.
574 2955 692 3010 Nescitis

126 3022 252 3080 uomodo
273 3022 378 3079 Pilatus
405 3024 515 3080 volcbal
548 3024 691 3082 dimittere

100 3041 267 3156 absistam?
278 3094 333 3151 Sed
349 3110 406 3149 non
420 3096 521 3167 potuit,
538 3095 605 3166 ninia
615 3100 691 3154 Deus

101 3181 170 3226 eum
186 3165 318 3222 tradebat
335 3182 342 3221 :
360 3187 374 3215 n
391 3167 452 3222 liaec
471 3170 689 3233 Gbrtssostomns.

101 3237 186 3297 Unde
208 3235 277 3292 dicit
301 3243 329 3294 et
343 3240 443 3294 Seneca
460 3257 468 3293 :
485 3259 499 3290 n
519 3239 568 3295 Vir
587 3242 690 3308 bonus,

101 3307 243 3383 quidquid
279 3308 320 3364 illi
348 3309 459 3378 accidit,
492 3326 574 3380 aequo
596 3310 691 3366 animo

101 3378 258 3439 sustinebit
283 3397 291 3434 z
317 3380 369 3435 scit
394 3383 470 3437 enlm
499 3381 526 3437 id
554 3381 692 3437 accidisse

99 3451 168 3524 lege
198 3449 304 3516 divina,
339 3466 396 3522 qua
426 3452 559 3508 universa
591 3468 691 3524 proce·

101 3521 219 3581 dunt.»
240 3553 276 3562 -
291 3522 417 3594 Mystico,
437 3524 592 3579 secundum
611 3525 691 3578 Hilo-

98 3595 188 3658 rtum,
201 3593 257 3651 duo
271 3609 412 3675 passeres,
428 3594 535 3650 scilicet
547 3610 649 3665 corpus
664 3599 692 3650 et

102 3663 212 3734 mima,
242 3665 359 3721 minimo
394 3666 485 3738 pretio
518 3667 690 3735 venduntur,

101 3751 169 3794 cum
183 3752 236 3808 pro
249 3736 368 3793 minima
377 3737 565 3795 delectatione
577 3737 691 3795 diabolo

102 3807 268 3865 tradamur.

141 3882 158 3935 5
176 3879 393 3945 Quinimmo,
409 3896 443 3934 nx
462 3896 691 3937 coustosnsrtosn

102 3964 216 4009 wwnn
229 3968 463 4006 assunnncrtosts.
479 3983 514 3991 -
528 3952 633 4019 Quarta
646 3969 691 4008 ra-

103 4019 146 4078 tio
166 4027 209 4078 est
228 4037 261 4077 ex
280 4021 508 4078 consideratione
528 4023 693 4080 resurrecti·

104 4090 170 4151 onis
184 4091 214 4149 in
226 4093 283 4149 llice
293 4092 388 4150 mundi
403 4094 514 4160 luturae,
526 4110 588 4165 quae
601 4097 691 4151 solum

126 4162 229 4220 ertinel
245 4165 280 4221 ad
293 4163 452 4228 hominem
470 4182 536 4234 nuta
552 4169 625 4222 [leus
639 4168 690 4222 ba-

143 4239 156 4290 t
165 4234 375 4366 {residentiam
389 4237 424 4292 de
436 4235 603 4306 minoribus,
620 4236 694 4294 scili-

105 4309 152 4365 eet
186 4322 202 4365 e
214 4307 334 4381 capillis,
345 4307 393 4381 qui
407 4314 473 4365 sunt
482 4315 608 4367 extrema
613 4325 692 4384 pars,

747 677 864 742 propter
881 673 968 726 Deum
992 670 1074 726 morti
1100 672 1258 726 tradantur.
1280 671 1336 726 Un-

747 742 783 797 de
802 741 893 798 dicit:
912 745 1004 797 Vestri
1018 750 1108 797 nutem
1123 749 1151 797 et
1172 743 1270 812 cnptlti
1288 757 1335 797 cn·

744 815 815 885 pitis
823 830 913 869 omnes
923 817 1060 869 numeruti
1067 821 1141 875 sunt,
1149 814 1222 884 apud
1234 815 1335 882 Deum,

748 891 834 954 atque
849 885 878 940 in
897 885 946 942 llei
966 886 1126 957 praesentia.
1146 892 1173 939 et
1190 885 1334 954 redibunt,

747 962 884 1027 quantum
908 957 1011 1013 suflicit
1035 957 1069 1012 ad
1088 964 1220 1012 ornatum
1236 972 1335 1027 corpo·

748 1027 796 1096 ris,
812 1027 841 1083 in
857 1028 1064 1084 resurrectione
1086 1028 1192 1092 lutura;
1207 1034 1234 1082 ct
1249 1027 1334 1098 longe

747 1099 838 1226 mazia
857 1116 959 1171 corpus
974 1107 1001 1154 et
1018 1104 1111 1169 partes
1125 1098 1264 1168 corporis,
1280 1096 1334 1154 etsi

747 1185 774 1238 a,
819 1169 898 1225 ostiis
924 1178 1049 1226 comesta
1072 1171 1175 1225 suerint
1196 1175 1335 1238 quantum

747 1240 852 1297 sufficit
883 1241 917 1296 ad
936 1241 1060 1297 debitam
1078 1242 1276 1306 substantiam,
1305 1239 1334 1296 in

746 1312 965 1374 resurrectione,
982 1311 1010 1367 in
1026 1312 1178 1367 novissimo
1194 1312 1250 1377 ctio,
1263 1309 1336 1366 redi·

747 1385 825 1439 bunt.
839 1384 923 1451 Quasi
939 1384 1044 1439 diceret
1060 1401 1066 1437 :
1083 1383 1152 1438 llori
1174 1399 1210 1438 nc
1235 1382 1336 1439 timue-

745 1455 818 1523 ritis,
835 1455 901 1526 qttio
927 1455 955 1511 in
969 1455 1146 1527 plenitudine
1167 1452 1332 1523 resurgetis.

745 1529 823 1583 Unde
845 1529 964 1584 dinosa:
991 1550 1004 1578 n
1024 1529 1058 1583 Ut
1081 1528 1115 1582 de
1139 1533 1199 1582 tota
1224 1533 1334 1583 taceam

745 1615 839 1655 massa
854 1598 991 1671 corporis,
1006 1598 1091 1655 etiam
1108 1598 1232 1654 arnume
1245 1598 1333 1670 parti·

745 1670 1332 1738 culce,luturaresurrectioniserrantur.»

745 1742 888 1798 lleditatio
907 1743 990 1797 lm'us
1016 1742 1234 1797 resurrectionis
1259 1741 1334 1798 mul·

746 1820 805 1868 tum
829 1812 894 1869 lacit
921 1760 956 1869 ati
980 1813 1160 1869 tolerantiam
1191 1812 1331 1884 martyrii,

745 1884 811 1955 quia
825 1900 877 1956 por
893 1885 1129 1940 resurrectionem
1149 1883 1282 1939 redibunt
1303 1883 1334 1940 in

746 1955 853 2016 electis,
872 1971 928 2009 non
946 1956 1037 2010 solum
1059 1954 1118 2021 illa,
1137 1970 1198 2023 qtrce
1214 1959 1281 2009 sunt
1299 1954 1335 2011 de

747 2025 915 2082 necessitate
959 2026 1091 2081 humanae
1125 2031 1252 2093 naturm3
1284 2024 1335 2081 sed

746 2098 832 2153 etiam
859 2112 904 2164 ea,
924 2112 986 2166 quae
1009 2095 1115 2151 tat-inm
1132 2096 1166 2150 ad
1189 2096 1333 2165 decorem,

746 2167 903 2239 cujusmodi
921 2175 988 2223 sunt
1002 2167 1106 2239 capilli.
1124 2169 1183 2222 Non
1202 2182 1270 2237 ergo
1284 2183 1334 2224 no·

746 2246 869 2297 strorum
883 2256 1033 2311 corporum
1048 2255 1143 2295 casnm
1156 2237 1335 2310 pertimesca-

746 2329 829 2380 mus;
851 2313 900 2368 sed
930 2328 1045 2368 omnem
1074 2328 1171 2367 curam
1203 2310 1229 2366 in
1257 2326 1334 2382 enm,

745 2385 821 2455 apud
835 2399 918 2454 quern
938 2399 988 2439 nect
1004 2384 1122 2455 capillus
1142 2383 1225 2454 perit,
1246 2383 1334 2456 proii-

746 2455 863 2511 ciamus.
883 2456 1041 2511 Secundum
1059 2459 1263 2522 Hieronymum,
1277 2470 1335 2511 non

746 2526 815 2582 dixit
829 2527 958 2582 Salvator
971 2526 1045 2652 Ὶυοᾶ
1060 2525 1153 2595 capilli
1167 2541 1268 2580 omnes
1282 2526 1336 2581 sal·

747 2596 832 2654 vendi
847 2603 922 2659 sunl,
940 2613 969 2652 se
1002 2597 1089 2666 qnod,
1106 2599 1243 2650 nurneruti
1258 2600 1334 2662 sunt,

747 2668 795 2725 nbi
824 2667 943 2724 scientia
972 2666 1081 2723 numeri
1106 2667 1332 2737 demonstratur,

747 2756 803 2796 non
833 2738 960 2822 ejusdem
993 2736 1104 2793 numeri
1140 2736 1334 2808 consmvati03

748 2811 823 2882 quod
849 2826 1016 2866 immensam
1045 2808 1091 2864 llei
1115 2825 1183 2879 erga
1206 2808 1336 2866 homines

747 2882 873 2938 ostendit
890 2880 1096 2938 l‘rovidentiam
1114 2887 1140 2936 et
1162 2880 1336 2939 inellabilem

747 2955 879 3010 allectum
891 2953 1043 3026 significat,
1057 2951 1123 3023 quia
1139 2952 1206 3008 nibil
1222 2958 1334 3009 nostro-

746 3041 809 3081 rum
839 3028 928 3081 Deum
961 3026 1057 3082 lateat.
1092 3026 1150 3079 b'on
1178 3041 1247 3095 ergo
1269 3027 1335 3081 actu

747 3095 978 3179 computationis,
1004 3096 1052 3151 sod
1080 3095 1213 3152 facilitate
1234 3093 1336 3167 cogni·

746 3168 843 3237 tionis,
860 3174 957 3224 sunta
974 3170 1029 3222 [leo
1044 3167 1140 3222 omitia
1159 3172 1332 3223 numerata:

747 3239 813 3310 quia
828 3255 892 3295 cum
909 3246 1022 3308 cognita
1038 3244 1101 3292 sucat
1119 3238 1335 3305 otnclia,nume·

747 3315 809 3366 rata
824 3316 891 3365 sunt
905 3308 1011 3365 omitia.
1031 3311 1106 3363 Bene
1125 3308 1211 3363 etiam
1233 3323 1333 3363 nume·

747 3387 810 3436 rata
831 3380 964 3436 dicuntur
989 3394 1052 3449 quae
1077 3385 1181 3434 senat.
1203 3377 1271 3447 qnia
1285 3376 1336 3435 illa

747 3467 810 3522 quae
836 3451 967 3505 volumus
996 3464 1109 3503 servare
1133 3463 1334 3518 numeramus,

747 3522 823 3578 unde
842 3519 935 3591 capilli
956 3520 1098 3575 numerali
1116 3525 1192 3585 sunl,
1220 3524 1251 3575 ut
1275 3533 1335 3576 ser·

747 3591 894 3649 venturad
911 3590 1149 3648 resurrectionem
1166 3590 1333 3664 gloriosam,

747 3665 817 3722 sicul
832 3669 997 3720 ntimeratur
1009 3663 1139 3735 pecunia,
1151 3670 1179 3719 ut
1193 3669 1334 3723 servetur.

749 3735 1335 3809 -ltlysticeaulemsocnndnmberniciam,

747 3808 876 3866 Christus
892 3815 978 3879 caput
992 3816 1045 3876 est,
1060 3806 1123 3864 inde
1138 3809 1280 3880 prodeunt
1292 3822 1336 3864 ca·

747 3880 818 3953 pilli,
834 3878 1050 3936 scilicetomnes
1062 3878 1142 3951 justi,
1158 3879 1203 3949 nui
1218 3878 1337 3959 pulclme

748 3951 889 4009 numerati
905 3951 1047 4018 dicuntur,
1068 3950 1203 4022 quoniam
1219 3961 1337 4005 nomina

749 4024 917 4080 Sanctorum
937 4023 1043 4093 scripta
1057 4028 1124 4076 sunt
1142 4021 1171 4075 in
1186 4018 1335 4098 ⁶oe¹i⁸nssir

749 4095 902 4152 secundum
927 4096 1072 4163 cyrillum,
1101 4096 1186 4161 caput
1212 4090 1337 4169 bominis

748 4172 792 4223 est
811 4166 980 4233 intellectus,
995 4163 1087 4234 capilli
1103 4174 1169 4214 vero
1183 4164 1338 4214 minutissi-

749 4254 803 4294 mae
818 4235 1014 4309 cogitationes,
1031 4248 1097 4312 nuce¹
1111 4234 1208 4301 patent
1223 4230 1292 4298 Deo,
1307 4232 1337 4287 et

749 4309 940 4368 discutientur
966 4304 1128 4377 injudicio.
1148 4301 1183 4356 Et
1197 4301 1272 4358 bene
1284 4315 1337 4375 per
