2880 4942
478 303 518 354 DE
548 301 700 354 bibbibiiB
728 300 960 356 statuimus.
1299 310 1342 361 ¹⁴27

100 421 223 471 stamus:
238 432 251 463 a
265 410 343 469 Sicut
357 409 482 480 hpestoti
497 409 586 466 uocati
598 411 692 465 dimit-

102 487 135 543 tit
151 485 291 556 hydriam,
309 487 335 537 et
351 481 598 551 Evangctistacum
620 498 693 552 opus

101 557 186 626 t'acit;
204 563 231 612 et
248 572 303 611 nou
317 569 405 609 unum
417 558 526 608 tantum
537 557 628 621 cocat,
642 553 693 608 sed

102 629 244 686 civitatem
271 631 423 697 mtegram.
453 646 466 677 a
490 624 567 680 tiude
591 626 694 680 etAu-

103 704 229 769 pastious
260 719 267 753 ε
300 722 312 745 «
343 696 498 768 Oportebat
523 701 631 759 autem,
664 701 694 751 ut

105 771 215 828 Christe
232 770 363 836 credens,
380 767 475 823 secuto
496 768 692 835 renuntiaret3

105 849 142 911 et,
158 842 256 898 reiicta
272 841 383 911 hydria,
400 838 585 910 cupiditatem
609 856 695 895 secu-

106 915 192 971 tarem
224 930 253 968 se
288 911 437 982 reliquisse
473 911 694 967 demonstraret.

105 984 227 1056 Projecit
245 1000 313 1052 erpo
336 981 532 1053 cupiditatem,
548 987 577 1037 et
596 997 697 1053 prope·

104 1054 371 1112 ravitammutiare
396 1053 555 1108 ceritatem.
583 1053 698 1108 biscant

102 1144 173 1198 ergo
187 1127 234 1196 citii
249 1126 346 1179 solum
357 1124 562 1191 evangelizare,
578 1128 605 1178 ut
619 1124 698 1195 prius

106 1197 239 1268 hydriam
268 1196 302 1250 ad
334 1201 450 1266 puteum
481 1194 660 1267 projiciant:
683 1216 697 1245 u

107 1272 169 1324 tuce
187 1270 373 1335 dispostione.
404 1268 485 1334 item,
505 1282 537 1322 ex
563 1283 597 1323 eo
622 1271 699 1338 patet

105 1339 235 1395 mutieris
259 1337 382 1401 devotio,
408 1337 557 1407 quianon
584 1344 700 1394 veretur

105 1411 187 1467 iateci
199 1425 279 1465 suam
296 1409 510 1480 turpitudinem,
526 1415 556 1464 ut
567 1408 698 1465 concives

104 1482 229 1537 adducat
258 1481 295 1535 ad
322 1480 426 1535 Christi
451 1479 696 1551 pradicationem.

106 1553 184 1610 Unde
201 1554 431 1618 chrysostomus:
449 1573 463 1603 a
479 1554 540 1607 Non
559 1568 697 1608 verecun-

105 1625 172 1681 data
199 1628 293 1680 autom
326 1630 370 1679 est
394 1624 447 1678 hoc
471 1623 583 1691 dicere3
601 1623 696 1679 anima

106 1696 184 1751 euim
210 1711 273 1750 curn
299 1693 388 1766 ignita
406 1693 490 1750 tuerit
508 1693 573 1764 igne
588 1693 694 1763 divino,

106 1767 141 1824 ad
158 1765 231 1821 nihii
248 1782 346 1821 eorum
363 1782 427 1837 qua>
443 1770 509 1821 suut
524 1767 554 1821 in
569 1772 646 1822 terra
659 1767 695 1822 de

85 1837 214 1909 ‚ratique
242 1836 364 1908 inspicit,
390 1853 481 1908 neque
508 1838 544 1893 ad
563 1837 696 1907 gloriam,

110 1925 201 1980 neque
218 1909 254 1964 ad
271 1908 482 1974 verecundiam,
495 1908 545 1964 sed
565 1910 599 1963 ad
620 1909 698 1964 ittam

107 1981 200 2036 sotum
216 1996 279 2050 uitae
300 1979 410 2035 detinet
433 1995 497 2034 eam
520 1981 666 2035 bamman.
682 2000 696 2029 »

107 2054 141 2108 Et
151 2051 278 2108 dicebat:
289 2051 450 2120 Natizqte'di
470 2050 700 2106 seestchn'stus‘t

104 2122 191 2191 Quasi
218 2122 294 2178 dicat
318 2139 325 2177 :
353 2122 398 2178 Sic
416 2067 529 2177 videtur
555 2136 606 2193 per
628 2122 700 2177 etie-

108 2199 200 2262 ctum3
216 2193 329 2249 videtur
340 2193 415 2249 enim
424 2192 516 2263 magis
529 2194 604 2249 Deus
614 2207 700 2264 quam

106 2267 211 2322 bomo:
229 2264 297 2336 quia
308 2265 386 2321 sotus
402 2266 476 2321 Deus
495 2264 574 2320 novit
591 2264 700 2337 cogita·

106 2337 202 2394 tiones
221 2343 251 2393 et
263 2342 373 2392 secreta
387 2336 547 2392 bominum.

141 2409 499 2465 8Dou1ncsSaxxmrxmu
515 2426 547 2464 cr
557 2425 609 2465 uos
623 2425 651 2465 rx
666 2425 700 2464 xa

105 2496 140 2537 xa
159 2497 222 2536 rara
238 2496 353 2547 isocen,
375 2496 489 2535 semmua
511 2497 518 2535 ι
539 2498 573 2537 xo
591 2498 701 2536 suonam

106 2569 191 2608 numm
208 2569 434 2619 corrumpamur,
444 2553 522 2607 Dxcu
536 2568 702 2607 ummauucu

105 2624 299 2686 Cuxrsrcuoux
326 2639 548 2678 coeuosexsocu.
574 2624 702 2679 -Nota

106 2694 155 2751 hie
169 2694 246 2777 quod
261 2693 393 2750 Christus
408 2695 484 2750 hauc
503 2692 654 2750 mulierem
674 2697 702 2748 et

105 2781 160 2823 nos
173 2781 204 2822 m
223 2781 268 2834 ea,
288 2765 325 2821 ad
340 2765 396 2821 tria
415 2764 535 2821 induxit.
553 2765 649 2821 Primo
664 2765 701 2821 ad

104 2837 347 2894 contemnendum
378 2852 507 2893 amorem
534 2837 645 2907 mundi,
672 2841 701 2893 et

107 2924 208 2966 rerum
234 2925 297 2980 qua
326 2908 358 2963 iu
390 2908 499 2964 muodo
528 2913 605 2977 sunt,
634 2923 699 2965 emn

106 2979 181 3037 dixit
195 2999 204 3036 :
221 2981 318 3038 Omnis
331 2983 382 3062 pai
393 2981 492 3035 biberit
506 2981 698 3052 coequatae,

107 3050 218 3109 seilicet
242 3051 396 3120 materiali,
411 3055 489 3107 sitiet
507 3055 617 3122 iterum,
631 3051 699 3109 licet

106 3123 146 3181 ad
160 3128 274 3196 tempus
287 3121 365 3179 sitim
381 3124 503 3180 auterat.
518 3125 607 3181 Amor
620 3123 697 3181 euim

108 3194 332 3257 mundanorum,
350 3194 457 3251 seilicet
476 3193 650 3265 divitiarum,
669 3199 699 3251 et

107 3265 276 3323 deliciarum
303 3271 331 3322 et
351 3267 503 3334 bonorum,
533 3265 610 3323 sitim
638 3281 699 3322 nou

107 3337 272 3410 exstinguit,
293 3337 343 3394 sed
362 3342 463 3409 auget;
479 3337 516 3393 de
533 3336 639 3408 quibus
653 3336 698 3393 di-

106 3409 184 3466 citur
195 3408 225 3465 iu
241 3408 402 3466 Proverbiis
419 3427 426 3464 :
442 3411 625 3476 Sannaoaaae
639 3409 701 3463 dae

104 3484 172 3537 sctit
185 3482 260 3551 ptis,
275 3497 335 3552 qus
346 3496 452 3552 semper
469 3480 567 3536 decuit
585 3495 592 3534 :
609 3478 700 3550 affer,

107 3552 189 3624 offer.
203 3552 382 3625 siuguisuga
391 3554 536 3608 estmater
546 3548 699 3632 mperbiae,

108 3627 226 3695 quaest
235 3640 322 3681 causa
333 3629 363 3680 et
377 3622 493 3680 initium
505 3636 635 3679 omnium
642 3636 703 3678 ma·

109 3694 222 3765 torum3
237 3696 429 3753 hebetantem
439 3694 512 3752 duas
525 3691 611 3762 titius,
627 3692 702 3750 sciti-

108 3769 179 3823 eet:
195 3766 378 3839 cupiditatem
391 3771 420 3824 et
436 3765 622 3839 voluptatem,
672 3764 701 3823 ia

108 3837 250 3966 morbus
264 3854 322 3895 nou
337 3843 449 3895 tautum
461 3837 586 3894 honores
599 3852 646 3894 am
667 3837 700 3906 it,

175 3908 263 3967 mam
277 3912 354 3967 bona
373 3909 496 3967 altorum
510 3907 587 3982 rapit
603 3913 632 3966 et
650 3924 700 3966 vo·

109 3980 243 4052 luptuoss
259 3979 338 4037 vivit.
354 3982 411 4039 Ista
428 3986 524 4038 autem
539 3996 625 4051 quam
644 3979 701 4037 siut

109 4057 246 4109 vaaueet
262 4066 347 4121 sana,
370 4053 399 4109 iu
422 4057 515 4109 morte
540 4050 701 4109 ostenditur

109 4121 264 4181 mambri
274 4123 378 4194 Magni,
390 4124 438 4196 qui
451 4139 516 4181 cum
528 4126 604 4181 esset
613 4123 701 4180 totius

110 4193 212 4252 mundi
240 4193 385 4264 domiuus,
412 4194 518 4252 diuitiis
543 4195 656 4268 plenus,
671 4199 699 4251 et

110 4263 294 4337 libidinosus,
309 4270 340 4325 et
357 4267 419 4340 ejus
433 4282 500 4324 osse
511 4265 542 4323 iu
566 4282 634 4325 reso
651 4282 705 4324 au··

754 424 802 464 reo
823 409 946 480 reposita
963 412 1093 478 inissent,
1107 415 1267 489 philosophi
1284 418 1339 476 ibi·

753 480 817 535 dem
831 491 1036 538 com'cncrunt.
1056 487 1132 541 t'uus
1151 504 1219 553 cauo
1241 490 1340 547 voleus

752 568 833 608 suum
870 553 1015 609 dominum
1052 559 1203 614 ostemiere
1237 576 1341 618 carrum

752 623 850 691 tuisse,
866 623 926 679 ait:
946 625 1010 680 Heri
1039 625 1083 682 isti
1104 645 1160 683 riori
1180 631 1341 690 suiticiebat

753 701 828 750 totus
843 695 979 763 muudus3
994 698 1078 754 hodie
1095 715 1183 770 parra
1195 705 1345 773 scputtura

752 771 795 822 est
816 773 974 824 contentus
986 769 1065 826 attius
1079 772 1177 827 votens
1187 775 1341 831 ostendere

752 853 856 894 cauum
874 855 936 895 esse
949 855 1052 897 aurum
1066 848 1094 898 et
1109 852 1259 913 argentum
1275 861 1342 902 con·

752 925 884 982 gregare,
898 910 939 966 ait
960 932 968 967 ε
989 913 1052 969 lteri
1075 914 1127 970 iste
1144 916 1264 972 t'aricbat
1279 918 1341 973 the·

754 997 870 1037 saurum
896 983 931 1038 de
950 1000 1033 1054 auro;
1057 986 1142 1042 hodie
1163 1004 1263 1044 ararum
1284 990 1344 1046 the-

755 1069 872 1108 saurum
890 1054 957 1109 iacit
973 1055 1008 1111 de
1036 1055 1109 1127 ipso.
1141 1059 1220 1114 itlius
1244 1060 1344 1117 coiens

756 1124 907 1204 ostendere
921 1141 1024 1183 canum
1041 1144 1103 1184 esse
1118 1146 1219 1201 corpus
1234 1131 1343 1189 deliciis

756 1201 878 1264 nutrire,
904 1196 995 1252 dixit:
1026 1200 1091 1254 iteri
1120 1199 1173 1255 iste
1196 1202 1344 1260 ritrtriebat

756 1281 860 1337 corpus
879 1282 961 1323 suum
982 1267 1101 1325 diversis
1121 1272 1239 1341 deliciis,
1255 1274 1341 1332 hodie

756 1353 823 1393 vero
842 1338 1000 1395 comeditur
1019 1357 1036 1397 a
1056 1342 1211 1399 vermibus.
1230 1377 1265 1388 -
1289 1347 1340 1404 Se·

756 1408 850 1465 cundo
866 1409 993 1467 Christus
1010 1411 1161 1470 inducebat
1177 1416 1260 1472 istam
1277 1432 1344 1475 mu-

755 1479 865 1548 lierem,
878 1484 906 1536 et
921 1498 974 1537 nos
992 1482 1020 1538 iu
1036 1483 1100 1551 ista,
1118 1487 1152 1541 ad
1176 1488 1339 1546 desideran-

755 1551 824 1608 dum
836 1567 963 1609 aurorem
977 1554 1103 1623 stoicum
1115 1557 1154 1612 ait
1166 1577 1171 1613 :
1187 1560 1241 1626 Oai
1250 1567 1341 1618 autem

756 1623 856 1704 biberit
868 1640 902 1679 ea
912 1642 986 1705 aquo
997 1643 1079 1696 quam
1092 1645 1140 1693 coo
1156 1631 1227 1686 ‹tobo
1241 1636 1276 1701 ci,
1291 1634 1345 1690 sei·

754 1694 1345 1769 hcetdegratraSpiritusSaucti,oonsiti·

754 1768 817 1846 etta
827 1772 967 1836 aternum,
977 1769 1132 1840 qtriaamor
1144 1775 1265 1845 Spiritus
1274 1778 1344 1834 Sau-

755 1841 791 1892 ch
806 1838 964 1917 'exstinguit
983 1856 1109 1897 amonem
1135 1847 1341 1904 mundanarum

756 1907 922 1965 deliciarum
949 1915 977 1966 et
1006 1912 1156 1969 honorum.
1179 1917 1257 1973 t'udo
1284 1919 1346 1974 harre
1395 1934 1402 1943 ·

757 1978 932 2046 xupusonus
949 2000 957 2035 :
976 2003 991 2031 ι(
1006 1983 1058 2048 Qui
1079 1984 1184 2040 biberit
1199 1988 1233 2042 de
1259 1991 1345 2046 tiuvio

757 2049 894 2120 paradisi,
912 2052 993 2122 cujus
1008 2069 1065 2109 una
1089 2061 1169 2125 gutta
1196 2060 1287 2141 major
1303 2067 1346 2117 est

758 2121 883 2189 Oceano,
910 2128 999 2179 restat
1022 2130 1054 2179 ut
1073 2124 1103 2181 in
1121 2143 1154 2183 co
1173 2145 1265 2187 omnis
1282 2132 1345 2189 sitis

758 2192 857 2248 muudi
872 2194 957 2265 hujus
971 2195 1083 2267 penitus
1100 2199 1237 2259 exstincta
1249 2203 1286 2260 sit
1301 2222 1307 2260 :
1325 2226 1340 2256 u

757 2265 819 2320 haee
829 2265 1013 2334 Aupustthus.
1027 2269 1115 2341 Hujus
1129 2271 1207 2329 timii
1219 2276 1344 2347 paradisi

757 2351 845 2418 uuum
861 2343 971 2408 guttam
991 2351 1156 2413 perceperat
1173 2347 1287 2418 Paulus,
1316 2357 1344 2406 et

758 2411 854 2465 statim
869 2409 1000 2467 exstinxit
1019 2411 1046 2467 in
1062 2429 1095 2469 eo
1113 2431 1227 2474 ornnem
1240 2435 1342 2494 super·

758 2479 845 2548 biam,
860 2479 901 2536 ita
915 2482 991 2553 quod
1006 2483 1129 2540 ferocem
1142 2488 1237 2559 lupum
1253 2497 1344 2549 muta·

758 2551 798 2606 sit
813 2551 842 2606 in
859 2566 964 2622 agnum
974 2560 1164 2611 mansuetum.
1176 2562 1344 2643 t‘erceperat

760 2622 920 2691 Matthaeus,
937 2629 966 2678 et
993 2624 1087 2680 statim
1112 2627 1244 2685 exstinxit
1265 2647 1343 2690 meo

760 2708 874 2749 omnem
889 2693 1048 2764 arentiam,
1066 2694 1105 2752 ita
1120 2699 1194 2768 quod
1211 2717 1344 2775 rapacem

759 2763 899 2821 convertit
926 2764 954 2821 in
972 2768 1253 2839 contemplatorem:
1274 2791 1342 2834 uam

759 2836 807 2908 qui
820 2835 899 2908 prius
905 2835 1035 2909 rapiebat
1044 2839 1148 2911 ahena,
1160 2848 1342 2914 postmodum

759 2907 929 2989 contempsit
943 2910 1068 2983 propria.
1095 2914 1264 2988 Perceperst
1288 2922 1346 2978 dta-

758 2994 802 3061 rra
825 2980 1004 3052 Magdateua,
1019 2987 1058 3066 et·
1072 3000 1140 3069 mox¹
1159 2990 1294 3049 exstinxit
1314 2993 1342 3049 in

756 3052 1343 3207 attathatdththtthetta:

755 3194 1010 3275 bamncandtdam.
1031 3200 1175 3256 -Tertio
1194 3202 1344 3262 inducebat
1411 3200 1416 3207 ’

757 3266 893 3321 Dominus
902 3267 977 3322 hauc
988 3267 1137 3325 mulierem
1148 3276 1177 3326 et
1191 3287 1244 3329 nos
1259 3276 1289 3330 in
1299 3291 1344 3343 ea,

757 3336 794 3393 act
809 3335 852 3391 sui
861 3335 1071 3417 coguitionem.
1089 3341 1236 3397 Gradatim
1251 3350 1345 3402 autem

758 3408 939 3488 Samaritana
961 3408 1082 3464 surrexit
1097 3412 1135 3466 ad
1154 3414 1345 3483 cognitionem

759 3477 887 3534 Christi:
909 3492 975 3533 uem
999 3479 1091 3550 primo
1114 3481 1184 3538 dixit
1200 3500 1265 3543 eum
1283 3502 1347 3545 esse

758 3547 848 3605 unius
873 3546 924 3604 Dei
950 3548 1100 3620 cultorem,
1128 3552 1159 3610 in
1190 3556 1243 3613 hoe
1271 3560 1347 3632 quod

760 3618 830 3677 dixit
845 3633 911 3676 eum
935 3635 998 3678 esse
1012 3622 1154 3695 Judaeum,
1171 3632 1199 3684 et
1217 3629 1272 3689 hoe
1294 3632 1348 3690 mit

760 3706 912 3762 magnum
944 3691 1049 3752 deinde
1075 3695 1145 3754 dixit
1178 3716 1243 3760 cum
1284 3720 1347 3763 esse

761 3763 945 3848 prophetam,
961 3769 990 3822 et
1011 3766 1066 3824 hoc
1085 3768 1140 3826 tuit
1159 3775 1266 3847 majus;
1282 3784 1346 3835 tau·

759 3835 826 3893 dem
843 3836 912 3892 dixit
925 3841 956 3893 et
968 3838 1089 3897 credidit
1103 3857 1168 3900 eum
1188 3862 1250 3904 esse
1265 3849 1348 3906 Chri—

760 3913 835 3964 stum
849 3953 857 3978 ,
875 3914 906 3964 et·
918 3908 972 3966 hoe
988 3910 1042 3967 tuit
1055 3912 1219 3973 maximum.
1230 3919 1284 3976 Per
1294 3921 1347 3976 hor

760 3979 847 4062 datur
866 3978 955 4037 intelli
976 3981 985 4038 i
1010 3984 1085 4054 quod
1110 3986 1278 4047 debemusa
1297 3990 1365 4045 mi·-

759 4065 846 4106 mmrs
859 4058 888 4107 et
906 4065 943 4123 pa
972 4053 1043 4110 atina
1058 4057 1213 4113 ascendere
1229 4059 1271 4116 ad'
1285 4073 1345 4117 ma·

756 4121 832 4193 jora.
844 4123 900 4204 lete
914 4125 1020 4204 gradus
1034 4125 1214 4196 significatur
1229 4128 1260 4185 in
1274 4132 1345 4188 titur-

760 4192 986 4260 co‚ub1dtmtur:
996 4197 1074 4254 Uitru
1088 4200 1162 4252 terra
1171 4202 1342 4272 sanctitum

758 4266 848 4336 pitseo
869 4265 990 4331 horbam,
1007 4266 1108 4322 <tonde
1129 4273 1232 4340 apicas
1248 4273 1347 4331 deinde
