2880 4942
120 340 169 394 att

119 446 189 506 tiam
207 462 214 504 τ
234 446 284 520 qui
300 446 376 505 enim
400 445 461 503 vult
484 445 615 503 ordinate
629 446 706 512 eleef

119 535 268 592 mosynam
282 519 361 588 dare,
376 518 406 577 id
422 523 465 575 est
480 516 704 575 misericordiam

120 592 224 660 lacere,
250 609 267 648 a
295 590 389 663 seipso
408 591 493 648 debet
518 589 655 672 incipere,
678 598 705 647 et

120 680 183 722 eam
202 663 294 736 primo
310 663 364 720 sibi
381 664 459 720 dare.
476 664 523 719 Est
539 677 615 719 emm
630 663 704 720 elee-

118 752 238 807 mosyna
270 751 354 791 omne
391 751 462 817 opus
491 733 703 791 misericordiae.

119 808 199 864 Unde
212 806 242 863 iu
258 805 453 864 Ecclesiastico
471 805 594 862 dicitur:
617 809 705 862 ttltse-

118 895 178 935 rere
194 881 293 934 anima
306 885 360 934 tuae
381 881 492 950 placens
507 880 571 935 Deo.
592 878 705 935 Nullum

119 949 195 1008 enim
209 966 280 1021 opus
295 949 420 1008 bominis
440 953 498 1007 Deo
518 951 629 1021 placere
646 956 722 1022 pot·

119 1030 172 1091 est,
187 1021 241 1078 nisi
266 1021 326 1093 ipse
347 1022 425 1094 prius
444 1023 563 1094 placeat.
580 1022 660 1079 Unde
677 1021 705 1078 in

120 1094 222 1151 Genesi
237 1093 365 1165 legimus,
382 1096 457 1165 quod
477 1096 551 1150 [leus
565 1096 644 1166 prius
659 1110 705 1150 re·

118 1166 208 1237 spexit
222 1166 258 1223 ad
270 1166 340 1223 Abel
355 1182 439 1239 quam
454 1166 490 1224 ad
506 1182 623 1224 munera
633 1167 704 1238 ejus.

118 1238 153 1295 Et
165 1247 232 1295 tunc
246 1244 387 1311 superest,
403 1244 433 1295 ut
449 1237 495 1310 qui
506 1237 627 1311 propriae
643 1240 707 1295 sub·

120 1309 198 1367 venit
221 1309 355 1379 miseriae,
376 1310 524 1367 subveniat
542 1318 571 1367 et
591 1311 704 1378 alienae,

118 1381 214 1439 dando
228 1382 437 1454 eleemosynam
455 1382 655 1455 procedentem
672 1398 705 1438 ex

118 1453 176 1509 llde
188 1460 217 1509 et
228 1453 366 1522 caritate,
382 1458 409 1510 et
424 1454 465 1509 sic
479 1470 530 1526 per
545 1453 705 1510 misericor-

118 1523 195 1581 diam
219 1523 263 1581 sui
288 1531 317 1580 et
338 1524 459 1597 proximi
478 1524 575 1581 omnia
599 1524 704 1603 mupda

118 1600 184 1652 suut
203 1601 231 1651 et
250 1595 328 1652 nulla
352 1603 476 1653 mentem
492 1595 651 1668 inquinant,
676 1601 704 1653 et

117 1664 294 1722 immundam
311 1666 426 1725 iaciunt..
448 1669 521 1740 Ergo
543 1667 703 1724 misericor·

117 1737 165 1794 dia
174 1742 202 1794 et
214 1737 329 1795 abolitio
340 1738 448 1811 peccati
458 1738 632 1810 promittitur
641 1755 703 1796 om·

117 1807 704 1879 nibusmisericordiamfacientibus.Quod

117 1880 213 1953 itaque
228 1881 396 1950 bicdicitur,
405 1883 470 1940 date
481 1884 703 1955 eleemosynam,

117 1953 260 2011 adomnia
273 1971 335 2027 quae
346 1954 406 2012 utili
422 1955 605 2012 miseratione
621 1955 703 2023 liunt,

116 2025 200 2082 valet.
217 2028 276 2083 Nou
297 2026 373 2084 enim
394 2027 485 2083 solum
506 2026 553 2099 qui
574 2027 623 2084 dat
641 2044 703 2083 esu-

116 2096 201 2154 rienti
216 2098 321 2167 cibum,
337 2104 366 2155 et
380 2105 475 2155 cetera
489 2098 701 2170 hujuscemodi;

116 2170 304 2226 verumetiam
323 2179 352 2227 et
371 2170 417 2241 qui
438 2171 486 2227 dat
503 2187 615 2227 reniam
632 2187 704 2242 pee-

116 2243 202 2309 canti,
214 2247 299 2310 atque
309 2247 430 2368 oratfro
443 2258 495 2309 eo;
513 2245 596 2313 etqui
609 2241 703 2298 corri-

116 2311 167 2384 pit,
179 2319 206 2367 ct
219 2311 275 2368 alia
286 2328 369 2368 emen
391 2313 482 2368 atoria
498 2329 583 2385 pmna
597 2313 702 2383 plectit,

116 2382 326 2454 eleemosynam
340 2383 397 2439 dat.
416 2385 493 2441 Unde
506 2385 546 2440 ait
563 2386 704 2452 aciamu-

115 2471 167 2510 nus
178 2474 186 2510 :
198 2476 212 2506 α
224 2457 327 2511 Facere
338 2455 546 2525 eleemosynam
559 2461 600 2511 est
612 2460 703 2512 t'acere

116 2525 352 2584 misericordiam.
366 2528 393 2585 Si
406 2527 550 2598 intelligis,
561 2544 579 2583 a
592 2535 619 2584 te
633 2528 702 2584 iuci-

117 2615 161 2671 pe.
174 2600 322 2667 Quomodo
333 2599 408 2656 euim
420 2599 621 2657 misericoraes
632 2599 703 2656 alte·

116 2670 151 2739 ri,
162 2671 184 2727 si
197 2672 320 2728 crudelis
329 2688 359 2728 es
369 2671 515 2729 tibilAudi
528 2672 703 2744 Scripturam

116 2742 258 2799 dicentem
277 2761 284 2798 ι
310 2747 439 2799 Miserere
453 2748 552 2799 anima
570 2750 622 2799 tuae
641 2746 702 2814 pta·

115 2830 176 2870 cens
189 2818 254 2869 Deo.
270 2815 340 2869 Redi
355 2815 391 2871 ad
407 2814 609 2871 conscientiam
625 2821 702 2872 tuam

116 2884 289 2956 quicumque
302 2885 375 2940 male
388 2890 437 2941 aut
451 2885 605 2941 infideliter
621 2884 702 2954 rivis,

116 2961 145 3012 et
159 2955 197 3012 ibi
218 2955 345 3012 iuvenies
359 2956 568 3012 mendicantem
576 2955 703 3013 animam

115 3031 205 3094 tuam,
226 3026 354 3083 iuvenies
371 3033 513 3099 egentem,
538 3044 701 3099 pauperem,

116 3115 323 3168 aerumnosam3
336 3098 543 3155 invenieslorte
555 3117 607 3155 nee
619 3116 704 3171 egen-

116 3176 184 3240 tem,
208 3171 257 3227 sed
293 3178 418 3243 egestate
448 3173 701 3229 obmutescentem.

116 3243 234 3311 Quando
253 3243 396 3300 inveneris
415 3243 539 3300 animam
556 3244 641 3300 talem
658 3243 701 3300 iu-

116 3319 161 3372 tus
176 3314 205 3370 in
224 3317 310 3372 corde
328 3320 388 3379 tuo,
405 3314 446 3372 illi
464 3316 507 3372 lac
530 3315 609 3388 prius
622 3317 702 3372 elee-

116 3403 275 3459 mosynam.
297 3389 326 3443 lu
342 3387 451 3460 judicio
471 3394 499 3444 et
521 3387 639 3444 caritate
659 3389 703 3444 sac

116 3459 327 3531 eleemosynam
348 3478 410 3517 cun
428 3459 523 3516 anima
549 3465 607 3517 tua.
631 3459 703 3528 Quid

116 3536 160 3587 est
169 3531 308 3601 judicium
320 3531 334 3587 t
348 3532 469 3604 Displice
489 3531 551 3587 tibi.
572 3531 646 3599 Quid
660 3539 704 3588 est

115 3601 243 3659 caritas?
268 3602 359 3673 Dilige
380 3607 478 3665 iteum.
498 3602 583 3674 dilige
603 3603 703 3675 proxi-

116 3689 203 3752 mum.
220 3676 298 3729 llanc
316 3675 526 3748 eleemosynam
541 3675 564 3729 si
586 3683 703 3756 praetcr-

117 3743 216 3809 mittrs,
230 3744 413 3814 quantumvis
428 3763 516 3811 ames,
535 3745 605 3801 nihil
621 3745 702 3814 lacis,

115 3816 229 3887 quando
243 3823 337 3872 tecum
348 3817 427 3888 prius
439 3834 496 3874 non
508 3816 577 3874 lacis
592 3834 598 3871 z
611 3837 625 3867 u
641 3819 703 3874 haec

116 3889 302 3956 Aaoiisanus.

150 3965 166 4028 a
187 3961 409 4018 Renaneuuurun
430 3961 564 4018 Punmsm
583 3980 703 4021 naorreu

115 4049 260 4088 ,tvamrrau
281 4051 313 4088 er
338 4050 523 4089 crrrnrrarau.
541 4037 621 4091 -Et
636 4038 703 4106 quia

115 4105 701 4178 Pbarismicxbypocrisinunsulumquoe·

114 4177 216 4232 rebant
246 4187 414 4235 exteriorem
444 4179 630 4247 munditiam,
651 4181 701 4236 sed

114 4246 200 4304 etiam
217 4254 402 4320 apparentem
414 4250 554 4322 justitium
575 4267 607 4306 ac
625 4251 700 4307 deci-

116 4333 175 4377 mas
188 4320 305 4394 dabant,
317 4328 403 4394 atque
417 4324 623 4398 eleemosynam
637 4323 702 4381 laci·

475 340 585 393 ttttttu
612 339 733 394 rturts
760 337 864 392 CAPUT
891 334 1000 393 txltt't

763 445 860 514 ebant,
879 448 1051 515 putaverunt
1066 443 1214 502 Christum
1230 444 1356 503 inaniter

762 516 850 587 loqui,
867 518 947 589 quasi
957 515 998 573 eis
1009 515 1056 588 qui
1071 517 1287 591 eleemosynam
1299 533 1357 575 non

762 589 906 658 lacerent;
922 596 950 644 et
965 605 1030 646 eum
1044 588 1074 645 in
1085 589 1220 647 cordibus
1234 592 1295 647 suis
1310 590 1356 647 de·

763 661 903 719 ridebant.
919 663 980 717 Nou
1000 662 1091 718 solum
1113 661 1190 718 enim
1215 660 1355 731 triticum,

762 735 859 790 vinum
877 740 904 788 et
920 733 1024 796 oleum,
1045 733 1094 788 sed
1114 733 1200 790 etlam
1221 751 1268 790 res
1287 751 1355 791 con·

761 804 945 874 temptibiles,
957 805 1065 861 scilicet
1079 804 1234 877 cyminum,
1248 811 1353 871 rutam,

762 878 918 945 mentham,
933 884 961 934 et
978 876 1142 948 huyusmodi
1159 876 1354 947 decimabant,

762 956 791 1006 et
805 951 838 1005 de
854 950 969 1006 residuo
981 953 1189 1021 eleemosynam
1199 949 1353 1018 iaciebant,

762 1021 838 1091 quod
870 1036 927 1077 non
963 1021 1044 1077 facile
1077 1020 1143 1076 lacit
1174 1021 1355 1078 Christianus

762 1092 888 1164 aliquis:
908 1101 935 1149 ut
953 1110 1003 1161 per
1017 1094 1071 1149 bue
1086 1097 1259 1165 apparerent
1272 1093 1353 1165 jiiai,

762 1164 842 1238 quasi
858 1166 978 1221 volendo
995 1163 1113 1235 implere
1122 1165 1290 1221 mundatum
1303 1163 1353 1221 lici

762 1239 796 1292 de
821 1235 938 1292 decimis
964 1236 1128 1305 reddendis,
1160 1236 1246 1292 etiam
1275 1235 1353 1293 circa

762 1307 893 1375 minima;
908 1315 937 1363 ut
952 1325 1004 1380 per
1017 1309 1071 1364 boc
1080 1308 1267 1364 crederentur
1280 1309 1352 1365 mul·

761 1384 821 1436 tum
838 1380 989 1437 voluntarii
1008 1380 1045 1437 ad
1064 1379 1240 1449 implendum
1256 1379 1353 1436 divina

761 1452 905 1519 mandata,
925 1468 989 1508 cum
1015 1457 1109 1507 tamen
1135 1457 1233 1509 essent
1256 1458 1353 1508 trans-

761 1540 907 1595 gressores
930 1523 959 1581 in
976 1523 1130 1595 majoribus
1140 1541 1147 1592 ;
1165 1528 1193 1581 et
1212 1528 1244 1580 ut
1259 1523 1295 1579 de
1311 1523 1353 1580 eis

760 1595 902 1652 diceretur
916 1613 933 1652 a
948 1594 1121 1665 videntibus,
1134 1595 1272 1667 quoniam
1292 1611 1352 1652 om·

760 1667 839 1724 nium
866 1667 991 1724 decimas
1015 1667 1094 1736 dunt,
1112 1667 1159 1738 qui
1186 1669 1273 1723 etiam
1292 1668 1352 1725 ole-

759 1755 823 1796 rum
850 1739 974 1796 decimas
1003 1739 1072 1797 dare
1100 1756 1158 1795 nou
1187 1738 1352 1811 negligunt.

760 1811 899 1869 Durninus
914 1828 992 1878 rere,
1007 1809 1162 1884 cogitatum
1178 1827 1278 1867 eorum
1297 1809 1351 1867 sci·

761 1900 823 1945 eus,
839 1882 995 1955 subiunxit,
1012 1882 1112 1940 dicens
1131 1900 1137 1937 :
1154 1883 1220 1946 Sed,
1234 1899 1286 1948 aa,
1301 1884 1352 1938 sci-

761 1955 826 2010 licet
854 1954 1054 2023 damnationis,
1085 1956 1162 2010 uobis
1187 1955 1348 2020 Pharisais,

760 2030 810 2098 qui
835 2028 979 2083 declinatis
994 2028 1145 2095 mentitum,
1160 2031 1187 2082 et
1205 2032 1312 2094 rutam,
1325 2032 1351 2083 et

759 2115 836 2154 omae
849 2101 918 2166 olus,
938 2099 1045 2155 scilicet
1060 2097 1170 2154 minuta
1184 2102 1212 2153 ct
1224 2104 1350 2155 coutem-

759 2170 870 2242 ptibiliu
894 2171 1035 2227 fructuum
1052 2177 1221 2233 vestrorum,
1236 2175 1262 2226 et
1281 2187 1351 2242 pra-

759 2246 849 2298 teritis
871 2241 1001 2312 graviora
1017 2242 1109 2310 Legis,
1126 2240 1235 2297 scilicet
1245 2241 1353 2311 judici·

759 2331 805 2369 um
824 2321 852 2368 et
868 2313 1018 2385 justitiam,
1035 2313 1239 2380 subvertendo,
1260 2319 1289 2370 et
1308 2330 1351 2369 ca·

758 2389 868 2440 ritatem
882 2389 942 2453 Dei,
954 2402 1041 2456 opera
1052 2383 1256 2441 misericordiae
1270 2383 1351 2441 omit-

759 2458 856 2513 tendo.
878 2459 939 2512 Non
956 2464 998 2513 est
1013 2459 1067 2513 boc
1083 2459 1175 2512 lacere
1192 2456 1351 2513 miscricor-

760 2529 835 2585 diam
865 2534 893 2585 et
923 2531 1155 2600 eloeiuosynam:
1178 2531 1240 2584 llaec
1262 2530 1349 2593 euim,

758 2600 865 2657 scilicet
877 2600 1015 2671 iudicium
1034 2607 1062 2656 et
1084 2600 1245 2666 caritatem,
1263 2618 1350 2672 opor-

758 2675 813 2728 tuit
843 2675 951 2741 facere.
972 2672 1064 2744 primo
1092 2672 1165 2739 loco,
1194 2672 1262 2743 qula
1289 2673 1351 2729 baec

758 2748 900 2826 praecepta
927 2750 992 2800 sunt
1015 2743 1053 2800 ad
1078 2743 1127 2800 Dei
1145 2744 1305 2814 bonorem3
1325 2748 1351 2799 et

758 2815 929 2884 ittu,scrlicet
941 2815 1080 2873 decimam
1090 2821 1119 2872 et
1127 2816 1350 2887 eleemosynam,

758 2904 812 2943 nou
828 2891 960 2950 omittere,
976 2903 1040 2970 quae
1069 2895 1134 2943 sunt
1152 2887 1189 2944 ad
1210 2887 1350 2943 sacerdu-

760 2967 817 3016 tum
832 2965 861 3014 et
876 2962 994 3028 prommr
1011 2959 1220 3016 necessitatem.
1240 2958 1291 3014 llla
1306 2959 1349 3016 la·

758 3031 823 3099 cite,
838 3036 867 3087 et
879 3030 933 3087 ista
946 3030 1114 3103 praeponite.
1130 3033 1191 3086 Nou
1205 3029 1283 3086 enim
1300 3047 1350 3101 per

758 3103 977 3174 eleemosynam,
1001 3102 1106 3158 emitur
1134 3100 1289 3173 impunitas
1319 3101 1350 3159 in

757 3179 872 3246 peceato
887 3183 915 3230 et
925 3174 1073 3246 iniquitate
1085 3173 1278 3231 manentibus.
1294 3175 1349 3231 ue-

757 3246 896 3302 cimantcs
909 3245 995 3316 igitur
1008 3254 1035 3302 et
1051 3246 1261 3317 eleemosynam
1274 3244 1350 3302 laci·

757 3324 847 3385 cutes,
860 3317 1000 3374 exteriora
1012 3318 1201 3385 mundabant,
1216 3318 1266 3372 sed
1281 3317 1349 3388 quia

754 3388 1348 3461 judiciumetcaritatemrelinquebantiu·

757 3460 864 3518 teriora
879 3477 935 3517 nou
957 3462 1143 3518 mundabant.
1161 3460 1274 3532 Optime
1290 3477 1348 3517 au-

757 3542 814 3590 tem
830 3533 1044 3660 coujunffuutur
1061 3531 1199 3614 y'udiriuru
1222 3538 1251 3587 ct
1268 3533 1349 3589 cari-

757 3609 810 3667 tas.
825 3604 931 3675 quiaju
955 3605 1038 3660 icium
1051 3620 1112 3659 stne
1123 3602 1242 3660 caritate
1256 3604 1350 3675 vergit

756 3675 786 3732 in
806 3676 1021 3746 crudelitatem,
1042 3676 1146 3732 caritas
1163 3674 1226 3731 siue
1238 3675 1349 3758 iudicio

755 3747 786 3804 in
803 3747 1017 3815 remissionem3
1035 3746 1139 3804 caritas
1156 3762 1220 3803 cum
1237 3745 1348 3818 judicio

756 3819 785 3875 iu
798 3822 972 3890 aequitatem.
984 3820 1062 3876 lstud
1073 3825 1169 3875 autem
1180 3818 1215 3874 de
1224 3817 1350 3875 decima·

757 3891 833 3947 tione
852 3896 945 3964 potest
967 3890 1117 3963 dupliciter
1135 3889 1266 3962 intelligi.
1287 3891 1348 3947 Uno

756 3963 840 4020 modo
869 3971 997 4032 respectu
1016 3961 1070 4031 sui,
1087 3961 1154 4034 quia
1175 3961 1241 4018 licet
1263 3961 1347 4018 mini-

756 4035 808 4091 stri
821 4035 920 4103 templi
938 4034 1099 4106 acciperent
1118 4033 1244 4090 decimas
1258 4050 1277 4089 a
1294 4049 1348 4106 po·

775 4107 832 4175 ulo,
849 4115 944 4163 tamen
959 4106 994 4162 de
1012 4105 1069 4162 illis
1085 4104 1208 4175 acceptis
1222 4121 1239 4161 a
1255 4120 1348 4177 popu-

755 4123 795 4248 fu,
810 4178 886 4236 etde
901 4177 946 4234 bis
960 4193 1024 4249 quae
1045 4178 1188 4235 babebant
1203 4192 1236 4233 ex
1248 4177 1349 4234 labore

756 4265 828 4320 suo,
856 4248 981 4306 decimas
1018 4250 1176 4306 reddebant
1205 4247 1348 4305 sacerdoti

756 4337 884 4394 summo;
895 4327 924 4380 et
934 4322 997 4379 ideo
1009 4321 1046 4379 ad
1058 4319 1270 4379 simulationem
1281 4337 1348 4378 sau-
